,code,date,pchange_whole,pchange,change_std,amount_median,amount_std,length,sumsell,sumbuy,sell_vol_0,buy_vol_0,sell_vol_1,buy_vol_1,sell_vol_2,buy_vol_2,sell_vol_3,buy_vol_3,sell_vol_4,buy_vol_4,sell_vol_5,buy_vol_5,sell_vol_6,buy_vol_6,sell_vol_7,buy_vol_7
0,000001,2018-01-11,-0.0007457121551081025,0.001491424310216205,0.22590733895039147,153870.0,1010868.04171645,3527,756782613,863537769,226801,341342,6244076,11174686,16527717,22919296,44186774,56233400,42836930,48311551,40901537,42339185,27635148,35666611,578223630,646551698
1,000002,2018-01-11,-0.011251758087201136,-0.015471167369901506,0.6022771190857126,142946.5,603545.9574150636,3488,609672580,507208811,245574,479253,7711329,10417170,18549341,16739274,51195704,45500556,42900163,44819895,33293881,39626574,35880166,41650095,419896422,307975994
2,000004,2018-01-11,-0.0026845637583893245,-0.0008948545861299229,0.8932909040813508,11100.0,137848.45477995262,626,12386258,8200846,429090,691395,2475739,3432026,1653096,2288949,963233,1566476,489800,222000,0,0,0,0,6375300,0
3,000005,2018-01-11,-0.0023255813953487747,-0.0046511627906975495,0.17185204917433494,4719.0,33570.79012646039,626,6570583,2997464,754803,661387,2313731,1315447,1122119,704114,1009026,316516,635840,0,735064,0,0,0,0,0
4,000008,2018-01-11,0.017835909631391145,0.00356718192627814,0.24624682316021226,8430.0,54007.14454793378,1167,19397405,11151671,1244813,1355641,6705023,3175936,4074558,1402172,4084980,2069364,752361,738704,1380136,1385568,417977,439320,737557,584966
5,000009,2018-01-11,0.0,0.01846590909090917,0.13830552823176653,26455.0,298531.847819519,2597,118536833,127607214,1084139,2221805,9114246,13471461,11758640,14741593,15816502,22257798,12695398,13113637,6865898,14606964,6189975,6128946,55012035,41065010
6,000010,2018-01-11,-0.020134228187919434,-0.016778523489932806,0.14505875301088333,11700.0,60134.720462573576,1691,28813733,23687922,1391055,1505494,8307567,6746327,5563934,5641811,5556884,5194999,3191803,1196077,2799268,1329726,400624,443430,1602598,1630058
7,000011,2018-01-11,0.008069164265129602,0.004034582132564912,0.45067279035375957,17360.0,75474.65924880555,1482,34407270,24071046,1090630,1141887,8309983,7126570,7312742,4008173,8332212,5543585,2056913,1932821,1393682,757995,3148065,452052,2763043,3107963
8,000012,2018-01-11,0.010227272727272751,0.0181818181818183,0.17636408617218807,34010.0,272924.8988625921,2493,114028720,142924641,1611441,1523671,11686516,10532324,13202684,16075611,19493596,19750407,17421396,15417358,8125214,11672690,7512280,9812641,34975593,58139939
9,000014,2018-01-11,-0.0031872509960160222,-0.0023904382470120167,0.2872139895792315,18600.0,100660.29278352698,1911,57583437,35085288,1696253,1398197,9259232,8929735,8987539,8383908,14152944,6847940,6608518,1750742,4625054,1752159,3905626,1429652,8348271,4592955
10,000016,2018-01-11,0.045669291338582774,0.03937007874015741,0.13701698078472418,33100.0,209804.7410926193,2156,76892043,141579569,938194,1291771,7362535,9266837,9038394,11666030,12988431,32100405,10532772,20859664,8538326,11181802,5274596,9254783,22218795,45958277
11,000017,2018-01-11,0.009693053311793154,0.00646203554119551,0.31888716991017096,6792.5,29944.85490466816,376,3262008,3448113,337173,444286,1260369,1411225,951156,546544,713310,781318,0,264740,0,0,0,0,0,0
12,000018,2018-01-11,0.009677419354838568,-0.001612903225806428,0.1659028018660446,4298.0,58909.515209556295,1399,17175568,12036120,1454986,1137958,3758764,3057225,2554448,3092902,2771506,2125664,1778177,766345,660664,1003151,451781,852875,3745242,0
13,000020,2018-01-11,0.01107266435986154,0.01591695501730106,0.5810375868826103,8832.0,42749.890827884716,618,5698908,6872626,630575,646406,2444132,2526286,1070414,1047192,863153,1026246,292600,495996,398034,661570,0,468930,0,0
14,000021,2018-01-11,0.10341463414634156,0.10341463414634156,0.17792197404152596,119886.0,1086485.44797025,3331,569264214,591927430,932656,328813,13578619,6009383,20224197,13397751,52785882,30747621,49111800,34496055,39266888,25621643,29004889,24666587,364359283,456659577
15,000023,2018-01-11,-0.023233760075865306,-0.01944049312470364,0.8989982627144706,14462.0,61056.0949312459,550,11272377,5642016,312781,472252,3514884,2333059,2504882,1008041,1574267,674978,1433400,207000,302950,372060,406805,0,1222408,574626
16,000025,2018-01-11,0.004685059864653729,0.005465903175429387,1.04972453758127,11574.0,39303.598988366124,1339,18444930,15894094,1089348,1547080,6727531,6942045,5504847,2844722,3963231,2466130,439777,1263573,720196,382900,0,447644,0,0
17,000026,2018-01-11,-0.0009208103130754486,0.004604051565377576,0.40175138466438703,14040.0,75695.57839366335,730,13299050,15535184,326449,706806,2414114,4625619,1894658,2798594,3532555,2895903,2598910,1878395,653836,962880,951480,436320,927048,1230667
18,000027,2018-01-11,0.0,-0.0032573289902279035,0.20276538409992764,4332.0,56806.12659893796,917,11212736,4978432,1586852,801191,1695711,1298783,1960394,751752,1362678,1024706,1359655,245200,0,367200,1320982,489600,1926464,0
19,000028,2018-01-11,-0.0031081302142974554,-0.0037624734173073993,1.7040328899221642,12214.0,186898.3212807071,1287,27358138,27073250,1636365,802633,5728266,6666095,4809638,1531888,3764668,2140523,505094,1017612,1303268,0,419865,1339859,9190974,13574640
20,000030,2018-01-11,0.0012285012285011554,0.002457002457002311,0.24857520590710092,1632.0,49376.42781952684,1072,11913736,6682293,1144628,781547,1967078,2098756,1044613,524793,3362898,840463,2565581,2134740,974738,301994,854200,0,0,0
21,000032,2018-01-11,-0.007804878048780495,-0.0039024390243901363,0.38399820368257975,10085.0,41621.65549185409,712,9861309,5365374,595686,598443,3435811,2479522,2160894,1225357,1516822,724076,640332,0,1002250,337976,0,0,509514,0
22,000036,2018-01-11,-0.011730205278592476,-0.017595307917888547,0.19948865486506642,35455.0,263075.49038183456,2633,199387348,98198395,1321652,1148508,11515793,11031777,14744524,13414270,26739485,18199082,21700094,15655743,16268255,10861139,13775968,3516403,93321577,24371473
23,000037,2018-01-11,0.0028776978417266452,0.007194244604316502,0.3270561854600028,3485.0,27911.74535419662,451,2702007,2451267,615759,319248,1289785,1143902,589157,276442,0,270675,207306,0,0,0,0,441000,0,0
24,000038,2018-01-11,0.02973240832507451,0.03567888999008906,0.5746257528735521,18657.0,68204.92669044746,1233,23078869,27370753,716383,844559,6766364,6309344,4885268,4527486,5980377,6416053,2658143,4722634,713747,1743973,1358587,864424,0,1942280
25,000039,2018-01-11,0.0017857142857145014,0.0071428571428571175,0.44289806910047946,22540.0,205526.58633174933,2559,84334134,113114028,1122709,3197088,8932913,13232739,9902318,12281355,14247710,13227292,12804776,10966091,5314270,9650711,6301242,5456518,25708196,45102234
26,000040,2018-01-11,-0.056163384390955584,-0.04449307075127651,0.40665644538915274,15690.0,146547.65679868922,1142,37856505,27765963,567610,954672,3412748,6079797,4804270,5372092,6208305,4974340,4883516,1629629,3955877,1085704,892946,869696,13131233,6800033
27,000043,2018-01-11,0.010245901639344135,-0.0071721311475410054,0.39368586237511705,11117.5,131540.0765326259,614,20215392,9673972,491187,796514,1858690,2839367,1940608,2491313,4048564,2995486,1164604,220297,1429207,330995,907200,0,8375332,0
28,000045,2018-01-11,-0.006018054162487463,-0.007021063189568744,0.3489864345534176,11766.0,75842.18904817043,816,16325209,8818215,754959,1075026,4362167,3243222,2221856,1766206,3353947,1063059,1048598,473704,745200,706498,463032,490500,3375450,0
29,000046,2018-01-11,0.001273885350318471,-0.007643312101910826,0.2733800629275007,7020.0,72348.11159421434,825,17070230,7860202,1146612,620728,2070554,2065614,2295065,1494782,3480403,2097845,2523314,645876,1944500,391000,1324911,0,2284871,544357
30,000048,2018-01-11,-0.00487804878048792,-0.004390243902439028,1.4217793399117997,10305.0,43766.41216041119,207,3379504,1172742,180235,147740,1349693,635315,398574,145975,886199,0,203900,243712,360903,0,0,0,0,0
31,000049,2018-01-11,0.013343403826787448,0.010574018126888296,0.8958404587125376,19852.5,99507.27166390687,1968,54628615,34221487,1122342,1232529,14780982,9237192,8898170,7418167,10277283,7585300,2342043,3123141,3620714,2070617,410280,1332224,13176801,2222317
32,000050,2018-01-11,0.00749999999999984,0.01200000000000001,0.4037537378137443,29835.0,196539.73328257105,2455,90706774,116324196,1060721,1275325,10323392,12157084,11653925,14913762,16690457,26596475,10411487,12986419,7238096,6085576,7491668,6386013,25837028,35923542
33,000055,2018-01-11,0.00797448165869219,0.00797448165869219,0.214660161660958,10016.0,51527.09788061922,853,10878011,10043956,865032,650632,3366794,3097548,2300538,2194912,1572977,1207553,1838750,1679580,380400,635397,0,0,553520,578334
34,000058,2018-01-11,0.02168021680216814,0.014905149051490652,0.26533955273808735,12631.0,43483.42274706733,773,8272942,13543470,688695,883973,2995961,4281205,1012250,3172007,2937194,3336869,638842,1170356,0,699060,0,0,0,0
35,000059,2018-01-11,-0.01862197392923659,-0.022346368715083775,0.21003591100379473,28350.0,259446.65760263917,2620,167526625,109034121,814787,950286,14969067,10594938,11235257,12228868,22097619,17502459,13873681,15900716,12637184,10277380,9286237,3517253,82612793,38062221
36,000060,2018-01-11,0.007922535211267512,-0.010563380281690127,0.21353298948019994,36064.0,268245.3367194174,2834,177032639,160333083,1045064,1040703,18689343,12119058,13728641,14357798,23021162,22993799,17647610,15681421,15547429,15777025,13223194,13977733,74130196,64385546
37,000061,2018-01-11,0.003841229193341844,0.0,0.2858272782007561,6240.0,43855.946660361624,746,8000672,5220737,1248897,769711,2327570,1831241,1258918,1019027,1628003,316468,462815,503790,652793,780500,421676,0,0,0
38,000062,2018-01-11,0.008027038445289403,0.008449514152936155,0.7387215405776981,11900.0,69750.02120720416,1026,15846162,17837995,1096213,1012457,4719964,4680205,2848082,3355687,3560177,3069023,1809481,1468427,1099745,790148,0,1277842,712500,2184206
39,000063,2018-01-11,0.023033707865168562,0.03286516853932597,0.5937267804832284,445755.0,1657013.7582128206,3596,1343666126,1731769631,21867,36266,1968752,2694578,8075370,9036600,32584286,41763674,45687255,52176148,49895474,50920863,52129214,70915231,1153303908,1504226271
40,000065,2018-01-11,0.010958904109588996,0.00273972602739736,0.485453433648321,14536.0,77825.98771171538,1414,24503591,21381140,1689884,1132847,5758136,7374232,5428735,5331010,3250573,3401789,1260730,2454319,1338988,0,0,0,5776545,1686943
41,000066,2018-01-11,0.04761904761904767,0.04761904761904767,0.12794012957803166,45234.0,351129.9534221034,2941,169059589,253868827,1286868,1365083,12091924,13010887,15582201,17970754,28573469,31080112,15538454,19599779,15465335,21538735,12605610,16381081,67915728,132922396
42,000068,2018-01-11,-0.023255813953488302,-0.012522361359570744,0.22406508951343765,4977.0,41065.21752403733,622,7951363,4273028,652277,314113,2376423,1665214,1225565,981418,1807125,991543,1242680,0,647293,320740,0,0,0,0
43,000069,2018-01-11,-0.0010615711252653925,-0.011677282377919207,0.17078753310591188,25123.5,284867.83545650623,3052,167951025,152979805,2066121,1707101,13868232,13117585,12633600,11784516,20856319,24320030,15124969,17225545,13255901,11130681,10414691,9591184,79731192,64103163
44,000070,2018-01-11,0.1024811218985977,0.1024811218985977,0.18905054365431156,25284.5,465105.0101772779,2410,84317164,131837704,1416430,1752656,11278974,11412964,11539967,12256160,15391936,19548932,8538956,7550596,5529376,5740059,1318873,3146145,29302652,70430192
45,000078,2018-01-11,-0.011608623548922115,-0.008291873963515717,0.15666596797057344,11400.0,228467.83750100105,1483,50530817,28453564,1162242,1789906,3637553,8265343,3499421,4210749,5824558,4618222,4241175,2610037,2464508,2367645,871194,1902907,28830166,2688755
46,000088,2018-01-11,0.002547770700636942,0.003821656050955413,0.31742203317120177,11745.0,97564.56925672518,611,12101699,8967677,529505,603506,3037639,2241892,2338457,1991372,1969996,1228996,439002,1018562,381420,993690,0,889659,3405680,0
47,000089,2018-01-11,0.0,-0.0011481056257177658,0.2008179106408105,5226.0,48473.78226334955,1882,20490665,14769670,2857078,999717,6980131,4661864,3311883,1939522,3043327,3123265,1730552,2193651,628649,310432,434000,932219,1505045,609000
48,000090,2018-01-11,-0.007332722273143966,-0.006416131989000928,0.2467859377265473,7574.0,93868.42917495474,1957,44752740,25457166,2289903,1302255,6718219,5699212,5617055,5090727,8754507,6211151,6131753,2333844,4472059,1688423,1824592,2567726,8944652,563828
49,000096,2018-01-11,-0.0029347028613353476,-0.011005135730007387,0.6135981385175191,9457.0,52350.79529556845,493,8411397,2793655,675439,452252,2605247,1400358,1747390,471350,1131761,122130,737802,0,346035,347565,444150,0,723573,0
50,000099,2018-01-11,0.008602150537634357,0.010752688172043001,0.31947802555940225,9280.0,39800.49855679394,847,8422509,9190791,643180,1285584,2965109,3730582,1788081,1853966,1469649,1505290,698083,474989,316107,340380,0,0,542300,0
51,000100,2018-01-11,-0.007518796992481258,-0.005012531328320802,0.0720647842870626,22910.0,264452.19393342856,3090,176311680,107718801,2193174,1768559,16942427,11062271,15763574,11334560,25978293,12855438,22485781,10273273,15134203,8651267,10654161,7650622,67160067,44122811
52,000150,2018-01-11,0.01337448559670773,0.01337448559670773,1.4303449727885904,8832.0,70072.67644831071,415,4150657,7113559,599767,333977,1046577,1910498,547271,1211430,237385,801283,0,1598779,0,371826,873801,885766,845856,0
53,000151,2018-01-11,0.0071428571428571175,0.005555555555555536,0.5354334619247233,12570.0,43302.96655097841,553,8922277,6838135,466834,398210,2791811,2533619,2106973,1820860,2286158,1505196,894301,268750,376200,311500,0,0,0,0
54,000153,2018-01-11,-0.007246376811594013,-0.0012077294685990392,0.42317938033936553,8250.0,42587.92451523126,382,5058959,3541853,399725,484729,1367296,1641622,1372035,737174,946121,442092,484182,236236,0,0,489600,0,0,0
55,000155,2018-01-11,0.0049586776859504855,0.0033057851239670644,0.13725949037667642,18090.0,146251.7401981374,1946,61884001,65552762,1529629,1520043,8524604,7478784,8238218,8630116,12866863,11433979,7377013,4963164,5334406,9228610,2259327,4956505,15753941,17341561
56,000157,2018-01-11,-0.006507592190889477,-0.008676789587852451,0.09322861698703548,11855.0,189257.58003829257,2457,82313184,48683331,1805059,2571992,10726791,9083197,8405882,5803012,13173841,6382893,6663653,5268638,3736664,3785045,4093098,4048653,33708196,11739901
57,000158,2018-01-11,-0.045454545454545525,-0.03863636363636358,0.22313678960873298,17902.5,346110.4854037684,1558,53606266,55560357,1005184,1465632,6361617,6911935,5904469,6461822,9470446,9065197,6796331,5754565,3815496,5471878,4915401,3191850,15337322,17237478
58,000159,2018-01-11,0.0018552875695734272,-0.0018552875695732052,0.24560343833819537,6420.0,46766.755529577036,481,6145341,4409471,470706,405414,1499751,1626919,1653465,548223,1274769,858178,517980,524313,728670,0,0,446424,0,0
59,000166,2018-01-11,0.0,0.0,0.12052877941510168,9576.0,75174.76965939513,1961,26938329,27788039,1156372,2355525,8105991,8787609,4945356,4702796,3438456,3728753,2355544,2019026,372932,1278615,1372827,955345,5190851,3960370
60,000301,2018-01-11,0.017094017094017255,0.015384615384615552,0.13292031977966953,18090.0,111890.49370397268,1941,48711339,61618444,1623583,1437429,9026357,8252229,8643286,6724261,10888414,12475227,6774614,5575322,2627788,8439516,2739836,3943394,6387461,14771066
61,000333,2018-01-11,-0.006498916847192171,0.0028328611898016387,1.0167168860803109,208600.0,707808.1645134866,3485,831672289,604023511,142873,262502,5533053,7044756,13344018,13652843,45512475,49250313,54391786,50048141,45980125,45369550,41906247,35805900,624861712,402589506
62,000338,2018-01-11,-0.013544018058690654,-0.011286681715575564,0.15125178625395524,46401.5,317445.73539934563,3438,278232971,180241215,1274330,1201310,21490815,12966492,23922227,18758017,39058016,34887725,23865429,21152269,15148328,14567396,14307648,9128598,139166178,67579408
63,000400,2018-01-11,0.010038610038610063,0.008494208494208566,0.3310548801559678,13030.0,115168.81979108998,1530,31974496,38249096,991140,1643741,5866010,7302810,4393131,7763532,6529571,7066958,2811699,3670115,1348909,1747024,2159550,1290385,7874486,7764531
64,000402,2018-01-11,-0.005998286203941716,-0.010282776349614275,0.22567548309476326,17235.0,197051.30378470695,2677,99381567,77848084,1539817,2109085,12662772,9768881,9157121,10280038,14739823,16713009,9760480,10838192,5543692,6088211,6691269,3936128,39286593,18114540
65,000403,2018-01-11,-0.022333333333333427,-0.011333333333333306,1.7775222209533528,23732.0,127849.3067170546,284,10628518,6066065,182319,215436,1433927,994837,1888526,626578,2258161,724679,2806993,1116523,353430,328782,0,482480,1705162,1576750
66,000404,2018-01-11,-0.0032102728731943087,-0.008025682182985716,0.25900569519660205,12300.0,134350.20083441085,578,25120348,7483593,335375,741336,1670888,2563885,1497365,1312128,2272424,2002895,2007025,0,4442877,0,2588688,0,10305706,863349
67,000407,2018-01-11,-0.01739130434782621,-0.012422360248447228,0.21394575561603704,13509.0,87962.59453955837,1416,31708197,19591110,1342637,1108923,7619037,4934607,6530304,4324599,6568831,3693833,2597609,1523057,993532,0,1284805,411355,4771442,3594736
68,000408,2018-01-11,0.028221512247071256,0.023961661341852958,0.40033465416196373,38480.0,242742.47394866243,2203,121444002,134382908,1082923,1401179,9162476,11411456,13387613,11344433,16503831,19178643,12544928,13304957,10722443,11699452,10144081,9318295,47895707,56724493
69,000409,2018-01-11,0.02076124567474058,0.00865051903114189,0.17919836909124712,8176.0,69931.71438614393,1041,9357208,16704370,1072424,1087144,3401510,4034043,2364797,2894758,1235257,2603628,921690,2209567,361530,0,0,882319,0,2992911
70,000410,2018-01-11,0.012745098039215863,0.01078431372549038,0.30682479035570565,18558.0,80175.20477622963,1105,23275524,24334301,767989,724496,4827117,5118205,5498010,5063621,4863091,4615443,2768690,2827416,1274519,997914,474720,2259807,2801388,2727399
71,000411,2018-01-11,-0.011516314779270509,-0.006717850287907945,1.2015036412762137,14472.5,47102.11279264788,300,5403924,3814561,260125,144238,1667103,1012379,1048700,889661,1528939,1561283,245497,207000,653560,0,0,0,0,0
72,000413,2018-01-11,0.016146393972013007,0.019375672766415608,0.17864052842980468,29952.0,295498.6408841391,2707,123737373,176605743,1530599,2102571,13474830,12425369,13307072,16208209,18539893,19957984,11874750,13590004,10003331,10106521,10327648,9997062,44679250,92218023
73,000415,2018-01-11,0.02023608768971341,0.025295109612141653,0.12101558428014304,7092.0,139735.9706156909,2409,42286878,57934936,1989126,2676556,6788973,7790674,6920142,8691913,6768864,5988536,3486634,2721114,3171320,690406,3115604,3099783,10046215,26275954
74,000416,2018-01-11,0.011034482758620623,0.016551724137931156,0.3352961863703362,13604.0,52242.43058019078,467,6123092,7548539,354014,370567,2355840,2001410,2183127,1291827,983551,1527245,246560,681690,0,1111600,0,0,0,564200
75,000417,2018-01-11,0.008838383838383868,0.007575757575757569,0.2436189497159917,3522.0,76189.7684075997,1057,11393824,11789782,813432,1040134,2690520,2536615,1784010,2373036,2160792,2306102,2129662,224702,1028580,310422,0,457920,786828,2540851
76,000418,2018-01-11,0.0072727272727273196,0.00419580419580412,1.7125121391636997,28708.0,160127.174090833,1745,76724754,38962372,889078,819726,12742069,8293479,11144879,6521164,9795529,5942564,4276879,3111446,8920589,3794601,3145467,1823694,25810264,8655698
77,000419,2018-01-11,-0.0016233766233766378,-0.0032467532467532756,0.4201625945001553,12280.0,36386.75096721177,214,3815641,1790588,206343,127660,990931,937854,1366703,598999,793276,126075,458388,0,0,0,0,0,0,0
78,000420,2018-01-11,0.006230529595015577,0.006230529595015577,0.11502354545572169,7266.5,98889.6609494507,780,13110951,13994737,756314,753403,2192004,3289016,1269901,1840167,1135651,2564160,277886,1032550,1974911,1653077,469476,2207236,5034808,655128
79,000421,2018-01-11,0.0,0.0,0.20163810204701993,2520.0,32527.955304191975,976,9064090,5539352,1295408,359165,2624979,2366137,2208911,1346510,1393834,1008752,1195558,458788,345400,0,0,0,0,0
80,000422,2018-01-11,0.007246376811594235,0.007246376811594235,0.17322654848916438,6195.0,57221.80397167855,571,7482944,7482416,414059,919346,1793215,1738612,1216289,1087763,1151468,1712427,1238998,1657384,352289,366884,1316626,0,0,0
81,000423,2018-01-11,-0.004539051494756641,-0.0034434183753325742,1.3340812139476532,31860.0,170566.56359074757,2293,78729432,90029428,979620,1513980,11750462,11732847,15553460,16447096,15053569,17796288,7992302,6984670,5269575,6489329,4360450,3272065,17769994,25793153
82,000425,2018-01-11,-0.03382663847780132,-0.02748414376321373,0.08007002460916872,83814.0,471096.4071027239,3513,415545036,373200374,809732,962126,12257082,13027412,25196123,22445397,43516702,42904744,33037447,35219043,31744246,25661432,24179980,26564470,244803724,206415750
83,000426,2018-01-11,0.009496676163343043,-0.0047483380816712994,0.22350564490334296,12750.0,151662.33787267038,2224,77102629,52158098,2368531,1244791,7723612,8572792,7756568,7194007,13525089,8295715,6680576,6544471,10927499,3479420,3857820,3949684,24262934,12877218
84,000428,2018-01-11,0.0,-0.0023866348448688957,0.20703093915932172,4587.0,43686.4251540821,409,4472124,3689317,392088,408832,1111558,1377862,929960,448104,677672,526506,992170,928013,368676,0,0,0,0,0
85,000429,2018-01-11,-0.008536585365853444,-0.0060975609756096505,0.2766790694288365,4077.5,77127.55847882623,878,11235735,5907097,1411880,798185,2084609,1230175,858957,1439269,1470043,439716,762669,461805,326800,695156,825410,0,3495367,842791
86,000430,2018-01-11,0.008139534883720989,0.008139534883720989,0.5934758541275932,8670.0,38013.74824721705,209,2258933,2203077,196445,249235,827339,762655,679564,575253,316482,285694,239103,0,0,330240,0,0,0,0
87,000488,2018-01-11,-0.011731843575418899,-0.020111731843575398,0.328543061562058,30549.0,346667.79962600884,2970,212532611,146769452,1202858,1974411,10991071,14500346,14113613,14392177,26268335,25716686,17639046,15194460,13130147,10056646,9418137,9815705,119769404,55119021
88,000498,2018-01-11,0.007396449704141883,0.004437869822485174,0.21781417791903232,7469.0,67280.24304362814,963,12607634,14490113,595319,923460,4017184,3877346,2470670,2957551,1718965,2174868,452160,784040,1235339,2012606,0,0,2117997,1760242
89,000501,2018-01-11,-0.003506721215663311,-0.0029222676797194813,0.4309066732430232,8565.0,91926.6266158797,1577,32748729,18379071,1886085,1137577,5560446,6001760,6797210,3172141,5912003,2508619,3275321,2027675,2921940,1359129,1321173,403087,5074551,1769083
90,000502,2018-01-11,0.0,-0.0044682752457549935,0.6846158809575728,6714.0,89095.13901956932,267,4344872,3524165,226881,163440,1075875,908348,238035,719869,736871,421036,212965,1311472,0,0,0,0,1854245,0
91,000503,2018-01-11,-0.011204481792717158,-0.0037348272642391267,0.8908839189280285,38349.0,278678.38305472117,2314,143284716,137196266,1090517,1132056,10726365,12005836,11945521,10419764,20502474,14732695,16644447,12568891,10142426,9335922,17066449,7520445,55166517,69480657
92,000505,2018-01-11,-0.008000000000000007,-0.010285714285714231,0.32486210930093556,10332.0,43240.53740876852,725,10964649,6204325,707779,884020,3509980,2626812,2390475,1483954,1968581,452812,2002106,0,385728,325728,0,430999,0,0
93,000506,2018-01-11,-0.0052151238591916504,0.0013037809647979959,0.3588964953402271,3810.0,59430.60092988593,456,4135129,6387733,470331,305452,1166096,1014771,694327,756749,1130463,1088655,673912,828160,0,1056946,0,1337000,0,0
94,000507,2018-01-11,0.004980079681274896,0.005976095617529875,0.2313473121867369,19047.5,88069.51073840237,1884,42501590,42672264,1000294,1484886,8636060,9410098,7907655,9316455,8611138,8996550,4878074,5234996,3839798,2674327,841777,1885494,6786794,3669458
95,000510,2018-01-11,0.015662650602409567,0.014457831325301207,0.23315232428414606,17272.5,112731.5250377894,1268,42413446,37307864,1102282,1049132,5301832,5153885,4870023,6921765,8977533,9360863,7630420,3376457,2644351,3784098,2666270,4525516,9220735,3136148
96,000513,2018-01-11,-0.002937062937062862,-0.0013986013986013734,1.3882809846292312,43110.0,154943.04440555754,2654,122466262,125409151,950139,1341463,12275460,15709717,14635199,17814694,27771287,29504898,15878191,18208139,12599574,13774268,10421624,6461781,27934788,22594191
97,000514,2018-01-11,-0.013043478260869712,-0.013043478260869712,0.1645094318122756,14049.0,106023.41746577078,1761,39184368,31468762,1262446,1620652,9216254,7128410,7641864,6472417,7277382,5871848,5326887,4261981,946294,1351335,1746981,1348871,5766260,3413248
98,000517,2018-01-11,0.06916996047430835,0.0731225296442688,0.08838772653722164,43413.0,557621.280963273,3308,256261808,348339243,1783321,1747429,12740470,11809876,13562893,15923989,27530747,27399892,23090650,24883946,18854195,22895394,14594038,20189021,144105494,223489696
99,000518,2018-01-11,0.011747430249632984,0.007342143906020615,0.28432545185241437,6880.0,28273.36467340591,573,3756016,6094457,623852,619531,1565438,2805427,387058,1380242,1179668,1083157,0,206100,0,0,0,0,0,0
100,000519,2018-01-11,-0.01588983050847459,-0.01165254237288127,0.19655037161214614,18640.0,78498.1249382234,2309,56612441,43807694,1767124,2090152,10607289,12966375,11683769,9848650,12585585,11605981,5066590,4310380,4859434,998192,1759319,496574,8283331,1491390
101,000520,2018-01-11,0.009708737864077666,0.009708737864077666,0.15988671323274448,8280.0,74366.0211140816,664,10909539,10044569,718875,647923,2629227,1978332,1935817,1348438,2121724,2173658,800707,1669537,306116,0,1397916,2226681,999157,0
102,000521,2018-01-11,-0.0019157088122604415,-0.003831417624520994,0.2572444719706719,10360.0,57507.59805550593,411,8177543,6116036,316602,321776,1149671,1382939,792523,1520355,3904670,1953171,2014077,555292,0,382503,0,0,0,0
103,000523,2018-01-11,0.018587360594795488,0.016109045848822667,0.4092352089755693,13369.0,60293.723838385304,388,4932435,7302589,405433,330477,1929762,1859248,879612,1145590,790281,1076755,462767,1650027,0,669772,464580,0,0,570720
104,000525,2018-01-11,0.0,-0.003097345132743401,0.5342569903863634,22660.0,117258.64892129996,1791,58010415,30684796,1637547,684053,11370694,7769959,9100569,5692198,11682128,7111395,5678050,4177848,3871077,993596,4018140,1240200,10652210,3015547
105,000526,2018-01-11,0.0,0.0,6.144450239850592,6622.0,35888.82629733104,28,0,582736,0,72842,0,175483,0,165550,0,168861,0,0,0,0,0,0,0,0
106,000528,2018-01-11,-0.008092485549133,-0.008092485549133,0.1719186613875025,6823.0,79856.46458113285,2538,41325245,35338179,2509504,1934272,9504886,7758296,6584135,7310828,8212344,6680571,2931937,3325177,4463679,2730628,2233720,1290580,4885040,4307827
107,000529,2018-01-11,0.055964653902798256,0.00589101620029453,0.3579723101847103,8184.0,63279.69068615401,359,5416730,3914040,307216,342203,1156156,1428477,581484,1389666,955302,753694,773723,0,331352,0,476000,0,835497,0
108,000530,2018-01-11,0.015985790408525657,0.008880994671403242,0.21711991446257486,11280.0,53062.16659862137,672,10260398,9048105,403152,967036,2716124,2743923,2148782,2026969,2365966,1673507,1762171,1118894,0,0,864203,0,0,517776
109,000531,2018-01-11,0.005050505050504972,0.0063131313131312705,0.46836715111388433,11130.0,56988.07804758464,285,4711342,2801284,191645,337909,1058479,1525536,1213178,505513,828986,432326,0,0,706254,0,0,0,712800,0
110,000532,2018-01-11,0.012658227848101333,0.012658227848101333,0.4712860901713647,9279.0,35410.05755493908,474,4688722,5364090,333143,471002,1693371,2046630,1279509,1314352,1035911,867826,0,664280,346788,0,0,0,0,0
111,000533,2018-01-11,0.00673724735322434,0.0038498556304138454,0.4685387914586655,10370.0,857172.8125484288,491,6482612,34099567,260104,414932,1018089,2379335,1063933,3188646,2437782,1812221,1148892,917737,0,0,0,0,553812,25386696
112,000534,2018-01-11,-0.0029325513196482023,-0.0029325513196482023,1.0139988068271648,6817.5,58530.53417121486,180,1654201,1952750,128026,212723,922299,553711,137461,124144,257417,108072,208998,272600,0,0,0,0,0,681500
113,000537,2018-01-11,-0.046120058565153776,-0.040995607613469986,0.2865019869688648,21875.5,273093.2924520231,2292,123042685,93365565,620881,2239098,6642035,13477311,7006678,9601203,11793538,18320240,13021890,11311667,13268827,4832712,8885316,4888099,61803520,28695235
114,000538,2018-01-11,-0.022117511299163395,-0.017405519761515387,1.9603659092191732,51767.5,270443.3805802732,2816,207798853,135900942,47137,6160,15932550,11170522,23827362,22911234,29718006,25422183,19756158,14752621,13136943,7130705,7517326,7239731,97863371,47267786
115,000539,2018-01-11,0.002057613168724215,0.002057613168724215,0.246807083544059,2910.0,20254.88323216786,387,1590608,2310757,440260,529662,680122,813868,470226,419797,0,547430,0,0,0,0,0,0,0,0
116,000541,2018-01-11,0.0010775862068965747,0.003232758620689724,0.22367270847197343,6510.0,56962.61326746684,1722,18182095,23106478,1360383,2274732,4700253,7228600,4277678,4033413,2848403,3812241,1742171,2006278,1764042,994784,0,970049,1489165,1786381
117,000543,2018-01-11,-0.0038986354775827348,-0.005847953216374324,0.19180782332215685,6629.0,120247.39766022345,715,16952692,9790885,820910,703483,1799415,1963856,790174,1611612,2002990,837562,1173669,1246868,1777905,1382291,1883266,970580,6704363,1074633
118,000544,2018-01-11,-0.004716981132075526,0.0,0.6059195257980963,8862.0,29531.311181072622,599,5489524,5324672,671195,574197,2383819,2304273,1237351,1074409,1197159,822149,0,549644,0,0,0,0,0,0
119,000545,2018-01-11,0.009920634920634885,0.011904761904761862,0.16538633426536722,9162.0,55016.88049018615,929,12267881,12887850,1096168,794496,3217063,3636384,2433334,2667392,1770417,2795278,1693361,1045814,1141338,936534,407200,0,509000,1011952
120,000546,2018-01-11,-0.030320699708454746,-0.027988338192419637,0.47667664989334196,16770.0,119423.13644402301,1295,40899119,21704675,966906,1246658,6400592,5066750,6529679,4394017,8223619,6526324,3820926,2445745,3184982,1120941,3630592,904240,8141823,0
121,000548,2018-01-11,-0.0014970059880239361,-0.0014970059880239361,0.27534344232929386,9930.0,65569.14558606518,588,8712974,7624425,507924,720646,2301366,2222283,1760955,1604148,2511401,1127798,483522,482450,1147806,331500,0,0,0,1135600
122,000550,2018-01-11,-0.00545785324439052,-0.003638568829593569,0.6981875217463935,9858.0,66021.97333548841,557,9219743,7716856,703330,606908,2224100,2561360,1530193,1591085,2513576,1393453,0,497280,0,0,489000,499182,1759544,567588
123,000551,2018-01-11,0.008620689655172376,0.009852216748768461,0.43039383061869735,13119.0,49880.99009365746,355,3694977,6700182,330706,376231,1571770,1765953,1302140,1376946,490361,1604016,0,723059,0,329260,0,0,0,524717
124,000552,2018-01-11,0.008310249307479367,0.005540166204986097,0.08833463025801201,3620.0,73046.8215659333,1677,13589501,21972104,896480,1860124,3446435,5059329,2476186,2817139,1549714,3480118,1038049,1102997,991043,2101631,0,1374942,3191594,4175824
125,000553,2018-01-11,-0.004265691651432091,0.0,0.47128798478996126,21294.0,73106.98215608519,1213,28985275,23114365,861167,824088,6490127,7405035,6405578,4466055,6397033,4536520,2303398,2499972,2667216,1417537,2234156,841747,1626600,1123411
126,000554,2018-01-11,-0.007067137809187329,-0.009422850412249661,0.22141627183877757,16680.0,82235.26732480503,1471,36342572,23139962,1357209,1377333,7434686,5947661,8180543,5960359,8262321,4591107,3613781,1937157,2469761,1394815,416500,1404135,4607771,527395
127,000555,2018-01-11,0.03494176372712143,0.037437603993344615,0.29019638133853776,18945.0,141489.19213109007,1717,38713589,57831388,1213887,1233776,8299224,7742459,7314924,8032819,8197253,11960988,6254077,8233937,1435190,2804885,1390140,3126814,4608894,14695710
128,000558,2018-01-11,0.007905138339920903,0.005928853754940677,0.17009543785249218,8551.0,42298.774135102816,885,9177627,11341034,683004,924180,2795737,3468664,2297016,2642929,2345494,2394883,1056376,1085542,0,0,0,824836,0,0
129,000559,2018-01-11,0.0009990009990010762,0.007992007992007943,0.22346052507727795,16830.0,126758.97553021947,2009,53855085,55075802,1617161,1686442,8469946,8296311,8319746,7959386,9547932,12082429,7519506,8163828,4569672,6387548,2948853,3177253,10862269,7322605
130,000560,2018-01-11,0.02386117136659416,0.02060737527114953,0.23573843184199206,16560.0,111144.25497022341,1531,35442635,39775677,1262478,1518004,7151166,7079713,5746891,6537195,5373157,7414328,3644740,2944689,3824095,3374363,1881481,3447330,6558627,7460055
131,000561,2018-01-11,0.025210084033613356,0.024009603841536498,0.30087885168971173,8395.0,39966.89988298982,766,6072012,7955665,1161389,1026941,2860010,2351375,745849,1710716,728744,1070966,0,739774,0,1055893,0,0,576020,0
132,000563,2018-01-11,-0.0023640661938535423,-0.004728132387706974,0.10780673992834505,6752.0,73001.16456071961,1544,20279484,14274570,902569,1952540,5530173,5709733,2771511,1520347,2327357,1531603,2888769,1721171,715300,315000,0,0,5143805,1524176
133,000565,2018-01-11,0.016348773841961872,0.016348773841961872,0.32542718625785877,9620.0,44783.561049990865,508,5628288,6014634,544614,468328,2295666,2057306,909604,1315885,736032,1582115,262056,222000,333462,369000,0,0,546854,0
134,000567,2018-01-11,0.005647438483259437,-0.00040338846308984877,0.8283564486099564,12260.0,109099.4976393794,897,14168885,17862372,860174,913808,3893319,4231038,2805073,1874989,2386356,2062660,941478,3694672,1070411,1322901,443134,1342024,1768940,2420280
135,000568,2018-01-11,-0.010719322990127012,-0.005923836389280734,1.2949640882711546,63036.0,326212.22283417097,2999,250118259,185485368,902686,972911,15362090,11803954,24038647,15143304,41030957,26137220,25241063,20633855,19015219,15871633,16022129,14924787,108505468,79997704
136,000570,2018-01-11,0.005291005291005346,0.005291005291005346,0.33017048675836086,5353.0,39761.608138238815,294,2219501,2881919,242370,223755,422235,1253728,992625,477976,103960,468652,458311,0,0,0,0,457808,0,0
137,000572,2018-01-11,0.004319654427645814,0.002159827213822796,0.15352252617368062,6510.0,67642.66459844257,910,14715690,8532504,1357642,848801,3391351,2373220,1488572,1502289,2351702,1684987,2087885,1349912,348000,308295,443351,465000,3247187,0
138,000573,2018-01-11,0.04528301886792452,0.01132075471698113,0.13218867740332232,12190.0,134205.31636646818,1611,38070555,28354658,1378080,1320088,6851163,6550026,6241384,5331042,8153140,6067669,5561707,2893894,2840720,1697507,873846,0,6170515,4494432
139,000576,2018-01-11,0.005312868949232552,0.001180637544273777,1.5091307887655065,8445.0,42832.689833551405,125,1116089,1470311,145263,47460,460969,607298,222680,113095,287177,339300,0,0,0,363158,0,0,0,0
140,000581,2018-01-11,0.0,0.005604483586869602,0.5041608412323537,32331.0,208517.63966049007,2455,122471735,139074242,964466,2412023,10132976,11862789,11004990,14451578,16990244,20062153,15379847,15173781,11245063,9634772,9250925,12580611,47503224,52896535
141,000582,2018-01-11,-0.003984063745019806,0.0,0.362828094844716,10000.0,54914.2708704534,765,12263770,9231601,718216,1065240,3075861,3019247,2808614,2024876,1782559,1838046,1456547,713253,1075855,0,1346118,0,0,570939
142,000584,2018-01-11,0.0,-0.0007067137809186885,0.5559585541899726,14100.0,83716.60812034967,647,12535796,10446897,849777,282433,4238805,1858318,1864351,1663858,2814821,2293107,1334100,708636,397338,721533,445244,853965,591360,2065047
143,000586,2018-01-11,-0.008250825082508184,-0.007150715071507108,1.7837904687023605,12621.0,131208.14159780854,103,1603954,2124598,89038,77508,496336,361518,223150,267520,343680,168761,0,0,0,0,451750,0,0,1249291
144,000587,2018-01-11,0.0014164305949009304,0.004249291784702569,0.15091550354350713,36057.0,233032.23444876625,2195,66618676,121175291,660334,1372072,12163294,16237906,16598422,10822077,12686029,13227171,4078034,5022073,1991981,4567380,1278268,2190202,17162314,67736410
145,000589,2018-01-11,0.0,-0.0021276595744680327,0.23247384414437872,4680.0,54096.98608527092,408,5558062,3237178,511783,322086,1120795,1078886,821372,711804,781823,831277,919489,293125,374400,0,468000,0,560400,0
146,000590,2018-01-11,0.016174402250351605,0.019690576652601877,0.8409778783868102,10045.0,34170.989397720565,285,2369678,2536804,225853,303962,1340013,1207765,200120,552097,177692,472980,0,0,0,0,426000,0,0,0
147,000591,2018-01-11,0.008849557522123908,0.005309734513274211,0.13768015276761317,5690.0,68400.14986710557,1687,22168308,20482282,2513058,1213901,5224106,4721810,3195493,3420007,4802881,4086839,2227525,2447226,1019326,1745574,445880,466727,2740039,2380198
148,000593,2018-01-11,-0.011247443762781084,0.005112474437627856,0.2356934441070481,16745.0,91545.96695839165,1726,40744262,35995899,1542027,1610137,8591470,7334262,9061019,6836894,8781554,6333103,4066764,4163465,1627749,3508010,410760,1780695,6662919,4429333
149,000595,2018-01-11,0.023076923076922995,0.013461538461538414,0.19968092918900177,10440.0,51754.572495255816,678,8941019,7355585,653502,549929,3241732,2671841,1923680,1903642,749614,1032942,1621451,0,751040,347116,0,0,0,850115
150,000596,2018-01-11,-0.007874015748031482,-0.008160343593414332,1.6037133822738805,20725.5,125025.90438512611,1898,64208071,46227536,1245292,1676239,9474898,11595412,7214823,5629929,9287612,6556635,7437705,5036004,3801493,5243915,4511069,4094899,21235179,6394503
151,000597,2018-01-11,-0.01603375527426154,-0.015189873417721489,0.34548033559122243,15171.0,182675.7623410699,1177,50234487,24447434,765940,901723,5030706,5415877,3589329,4045007,7118972,4924975,5321984,3674153,3158756,616465,2141664,1822377,23107136,3046857
152,000598,2018-01-11,0.005524861878453136,0.0018416206261511192,0.15571839814086263,8704.0,69348.59247518849,1217,19073626,16907191,849188,1312426,4928113,3693560,3172682,1786565,4901636,5199482,2400557,1707790,350962,313344,843488,400928,1627000,2493096
153,000599,2018-01-11,0.007776049766718529,0.010886469673405896,0.3208103766488253,8398.0,48560.944946108124,401,5783443,3903682,678820,260553,1718758,908646,1471493,885460,1140690,1006220,209952,500131,0,342672,0,0,563730,0
154,000600,2018-01-11,0.00242424242424244,0.00242424242424244,0.18490336424849066,16320.0,145348.04029226783,1993,52691440,49945091,2014408,1966069,9326152,8854738,7462036,8234883,9981694,8025872,5233582,3712188,3131511,3529166,4383377,3506547,11158680,12115628
155,000601,2018-01-11,-0.004065040650406582,-0.005420054200542035,0.4878627912729652,9168.5,111441.82697776983,228,4551447,3286072,192151,222521,711444,823047,341194,1024181,112149,0,244499,463395,0,0,0,0,2950010,752928
156,000603,2018-01-11,0.023887973640856597,0.01812191103789118,0.4334248116660645,12355.0,64312.6865491263,784,11293793,17154195,741536,609129,2682819,2783641,2929234,6569278,2423647,4081578,928362,1538195,695720,331704,0,0,892475,1240670
157,000605,2018-01-11,0.013896312132549271,0.0048102618920362605,0.5511364477752837,13005.0,62945.35301180988,1152,16129783,16019217,1081377,1671698,5368150,5661521,3164374,3366483,3521021,2721620,1533538,985563,968470,0,492853,0,0,1612332
158,000606,2018-01-11,0.011389521640091216,0.010250569476081939,0.5166011931614645,8730.0,60932.921140476305,288,3147236,4792884,546952,274308,925530,802878,307759,747830,326066,1229747,710329,534000,330600,677257,0,0,0,526864
159,000607,2018-01-11,0.008051529790660261,0.006441223832528209,0.2724209420855475,6230.0,58347.18871657074,519,6546801,6895259,376133,538702,1144914,2175908,1342008,2045661,1314556,1448064,963996,686924,0,0,0,0,1405194,0
160,000608,2018-01-11,-0.01171303074670571,-0.014641288433382083,0.2771753332423862,6790.0,60524.34122486909,607,8368237,4531644,1465548,256288,2500361,1195180,634799,602218,1835772,1299943,226795,202640,651915,0,410400,0,642647,975375
161,000609,2018-01-11,0.011711711711711814,0.008108108108108025,0.4602528335988706,11020.0,40305.18019192168,581,6813607,6286979,566661,451071,2763974,2091696,1670168,1668927,1256704,583135,222200,459774,333900,1032376,0,0,0,0
162,000610,2018-01-11,-0.011092150170648574,-0.010238907849829393,0.5830402791077584,5845.0,71258.83184365774,404,5081539,5181845,395589,347765,1068926,1201832,1096269,222261,680329,622363,545220,913014,0,1002160,0,872450,1295206,0
163,000611,2018-01-11,0.010810810810810922,0.010810810810810922,0.3448041936332416,14960.0,60045.93057441181,460,7640818,9312724,316345,453005,2007642,2236335,1872594,2486197,2569507,1661188,0,1274422,356730,335250,0,866327,518000,0
164,000612,2018-01-11,0.010078387458006599,0.007838745800671898,0.2491419750268274,8118.0,42267.19835395296,1285,12094742,15567871,884453,2234754,3434291,6072635,2607566,2950560,3447953,2085276,927489,1885175,0,339471,0,0,792990,0
165,000613,2018-01-11,0.002515723270440251,-0.0012578616352201255,0.3900197329294012,7800.0,42877.911941180064,415,4414106,2914452,437175,477074,1644256,1102408,981640,587050,270880,353710,502395,0,0,394210,0,0,577760,0
166,000615,2018-01-11,-0.07381974248927048,-0.05836909871244633,0.20937701018202146,48752.0,1029994.2642283209,3108,244833698,278161118,1016006,1407055,12406123,14218416,15599732,19421710,32500723,30969996,23825142,25308110,16649604,14651054,14105665,15652321,128730703,156532456
167,000616,2018-01-11,0.030555555555555447,0.03333333333333344,0.09371057503039906,14520.0,125958.78212166642,1481,30724301,38189669,1129640,926103,7245605,6117820,5337987,5951020,5866426,9507136,2274774,3585982,2411761,3445340,0,1320799,6458108,7335469
168,000617,2018-01-11,0.009797060881735487,0.004898530440867743,0.5140990019763927,4290.0,31862.466721629535,772,6588951,3833211,1065995,652301,2059696,1748241,1585272,746386,805774,396602,285000,289681,342614,0,444600,0,0,0
169,000619,2018-01-11,-0.004926108374384119,-0.0012315270935960854,0.38594273818550506,9690.0,45000.76969353353,442,5940066,6400434,454496,486546,1735834,1768349,1634472,1556791,1843979,1437919,271285,841889,0,308940,0,0,0,0
170,000620,2018-01-11,0.011058451816745807,0.0,0.18782198177083997,3785.0,42052.15452461877,1137,6542536,8070136,695268,2669294,1668678,1420583,1240415,1555932,784985,1043627,216376,756208,665564,0,0,0,1271250,624492
171,000622,2018-01-11,0.01298701298701288,0.010822510822510845,0.2506461676583248,4650.0,61025.31710857812,339,2636750,5220349,145462,313671,775339,1685827,492901,597358,676887,412908,231105,442650,315056,652400,0,414780,0,700755
172,000623,2018-01-11,0.004472271914132353,0.005813953488372103,0.5252177940298133,20110.5,162047.68035725973,1812,60622368,38321048,999951,1640043,9780673,8853030,8729055,6149515,10455789,8902927,6617180,3306826,3528201,3739350,1767569,1340790,18743950,4388567
173,000625,2018-01-11,-0.008429118773946476,-0.00766283524904221,0.2676435008081719,15576.0,269619.6036224397,2378,106539671,51104340,2187586,1306549,13546947,7597369,10549436,6485841,14118421,10044818,8834789,4988690,6274410,3089704,3057347,2111607,47970735,15479762
174,000626,2018-01-11,0.014350453172205402,0.009063444108761365,0.5275856650283423,13270.0,66849.55113628064,629,10407052,9332387,538874,567387,2677936,3288207,2609391,1805807,1478509,1654168,0,690785,737698,792058,472918,0,1891726,533975
175,000627,2018-01-11,0.0036540803897684437,0.006090133982947554,0.19091994885870914,10699.0,96475.43630634315,1851,32696161,41695431,1700648,2291199,6930129,8290146,5050618,5911113,5552034,5760602,3675756,5359903,2452772,4705763,2597849,2584304,4736355,6792401
176,000628,2018-01-11,0.0036144578313253017,0.0060240963855420215,0.399923698103813,9953.5,44282.21959893047,430,6036688,4492182,449756,458342,2122068,1844139,578749,1636926,1393377,552775,931995,0,0,0,0,0,560743,0
177,000630,2018-01-11,0.0,-0.0034602076124568004,0.0584625657978418,9758.0,270645.33969883446,2476,87344345,77029474,2167968,2177146,10651265,8616010,6166179,6157481,6445756,7152726,5742090,1271305,4131986,2227345,1811672,3069219,50227429,46358242
178,000631,2018-01-11,0.02325581395348819,0.00845665961945019,0.09459477900612506,14383.0,278428.9013098606,2515,86502116,69874907,2210133,1812234,10584832,10081206,10569756,7532878,15110529,10146537,10334289,7554864,4096675,2783960,6251414,4078699,27344488,25884529
179,000632,2018-01-11,0.0016233766233766378,-0.0032467532467532756,0.3362011830206264,8540.0,52873.89536729271,335,5810385,3199987,213342,313457,905152,1281904,1715431,257748,2488460,567858,0,287820,0,0,488000,491200,0,0
180,000633,2018-01-11,0.0010256410256410664,0.0010256410256410664,0.47930577333658375,11700.0,91845.24802710349,413,10818153,4614959,353719,550838,1448361,1627040,1869791,1070797,3064077,838580,929555,223504,0,304200,481650,0,2671000,0
181,000635,2018-01-11,-0.02048192771084334,-0.013855421686747027,0.47412142649547556,16234.5,86892.98299013595,1226,32694111,18293206,1160375,986437,6386625,4992854,6152417,3825369,6616940,3896056,2735957,876833,3088108,1907424,874016,490800,5679673,1317433
182,000636,2018-01-11,-0.000768639508070712,-0.00768639508070712,0.23647262550506978,54481.0,368645.18171066535,3036,234307080,248485486,628832,831643,16490098,12392763,18327744,18874972,29494631,33928081,21221937,22206691,15563488,20325136,13198284,14727878,119382066,125198322
183,000637,2018-01-11,-0.0050167224080267525,-0.006688963210702337,0.21180448799830578,11940.0,60100.723598621924,797,15320711,10957122,558743,795067,3223888,3352696,3383625,2259746,4655010,2929371,1781768,1135761,387493,0,445184,484481,885000,0
184,000639,2018-01-11,0.0068169900367067715,0.007865757734661694,0.8529680616757573,9580.0,125485.14016236184,499,10316293,11184319,650184,531714,1796826,1592757,1543988,889006,1042942,1600456,503272,1223518,674101,1115550,479000,994760,3625980,3236558
185,000650,2018-01-11,0.018761726078799112,0.018761726078799112,0.19588142973299938,9720.0,99833.69133362557,740,10627691,16897593,566585,604277,2622647,2575240,1503482,2191696,1933163,2842093,980184,1963524,1739064,987074,0,875865,1282566,4857824
186,000651,2018-01-11,-0.00019681165124985078,0.012399134028734382,0.8477593373815755,414182.0,1242017.415594572,3593,1356080487,1365085807,42372,45709,2165911,3230178,8382017,14058641,32619151,36983903,45531947,45770367,49389876,54098171,50826213,51219823,1167123000,1159679015
187,000652,2018-01-11,0.020000000000000018,0.0,0.14444076443555337,4480.0,60389.362154686285,972,8852845,8991166,1001122,1260892,2419411,2507769,815125,1249237,2131164,251874,534000,734454,352236,0,890012,453258,709775,2533682
188,000655,2018-01-11,0.013867488443759513,0.012326656394453073,0.20794729344805404,11808.0,59889.572325193076,974,13931799,15236372,841427,985511,4308361,3598875,3123657,3655221,2219315,3656212,993265,1398239,1371893,699058,415881,416430,658000,826826
189,000656,2018-01-11,0.031620553359683834,-0.0039525691699603405,0.10414929061308185,15059.0,190587.59911741273,2368,90189803,48907368,1532701,923048,18762574,7144246,9853560,5277359,12231811,4454063,10182009,7690054,2425671,4354676,2646803,2117792,32554674,16946130
190,000657,2018-01-11,0.011146496815286566,0.015923566878980777,0.3508374171684141,16607.5,83291.50694750404,1282,25473501,31207626,542765,1056287,4856225,6618445,5385880,6228519,6833331,6719527,2678004,2353525,2532869,1989949,823893,2650998,1820534,3590376
191,000659,2018-01-11,-0.051224944320712784,-0.011135857461024412,0.20570837272492767,8960.0,77359.80528618026,476,11746637,4450254,530186,366632,2585481,1293211,1787049,1141252,1423238,1426659,1395604,222500,343985,0,2142660,0,1538434,0
192,000661,2018-01-11,0.04779390994859045,0.04169255974238739,3.989412569944781,72000.0,421174.77977896726,1971,135999987,233529378,9006,547,10524026,5915104,13038187,10760181,16136141,25733972,13385641,23991869,12062572,21669413,12478587,14861440,58365827,130596852
193,000662,2018-01-11,0.012837837837837762,0.010810810810810922,0.6425584663658781,7390.0,88935.0760606452,530,5006354,10615944,742070,538990,1558212,1851772,991990,1365392,1227499,2643557,486583,722544,0,340404,0,944370,0,2208915
194,000663,2018-01-11,0.03483386923901377,0.02518756698821001,0.5791915307974216,22464.0,143090.87083435248,1039,23371997,38533760,814086,630362,6658301,4422326,5388247,4320591,3440503,6967281,3548688,3522400,1110250,2090659,929630,2319998,1482292,14260143
195,000665,2018-01-11,0.022977022977022976,0.013986013986013957,0.39209478640189194,5070.0,65007.31497468865,651,7904921,11416745,392263,532116,1430091,2624435,1399431,2441344,1478798,2071500,1414429,1316898,338685,937686,447225,478266,1003999,1014500
196,000666,2018-01-11,-0.009970089730807596,-0.009471585244267056,0.4530694036368794,15832.0,117462.07982932386,1961,64375229,38754901,1175326,2983910,6845562,7489213,8013059,5629897,19904057,10325027,7334702,3673457,3044906,3578439,3151036,1761657,14906581,3313301
197,000667,2018-01-11,0.008955223880596996,0.0,0.072977886714285,13200.0,176721.63861358282,2123,79319666,50371736,1934839,1500908,9931797,5948043,10409844,4804466,14350487,8779931,7366701,5612180,3142622,2489213,4882047,2755120,27301329,18481875
198,000668,2018-01-11,-0.0052631578947368585,-0.005921052631578938,1.0567967464354076,10584.0,34576.962104720405,206,2261772,2239438,157865,207971,1052931,707878,724848,491995,326128,532218,0,299376,0,0,0,0,0,0
199,000669,2018-01-11,-0.0096551724137931,-0.0075862068965516505,0.38576469966706395,14350.0,70390.81506807126,1413,30730225,22231079,1483514,900427,7446343,5422365,6242631,5057204,6608063,4788525,3393952,2228403,2368302,1760524,1862524,449500,1324896,1624131
200,000670,2018-01-11,0.01812688821752273,0.0226586102719033,0.1271182325356231,20310.0,123617.46990503547,2719,63525987,74467581,2009924,1862460,14147829,14191101,12460913,12501307,14651659,16162110,8343813,7115252,3197634,6761564,4338523,3073489,4375692,12800298
201,000671,2018-01-11,0.009122006841505215,-0.0022805017103761926,0.18487632259371609,26040.0,325179.5307522673,2257,139089936,151602620,1787863,1437528,8592753,8214003,8742096,11155685,14863516,15192378,10284236,10444751,14061689,11558359,12231542,11110467,68526241,82489449
202,000672,2018-01-11,-0.06854838709677413,-0.06612903225806455,0.20957485465440875,113760.0,613164.608172332,3511,449377903,407640683,435294,694495,8139767,12533814,18822339,24486212,54024450,55204397,44942181,38897791,32460477,34788434,23661331,24770602,266892064,216264938
203,000673,2018-01-11,0.012667660208643738,0.0022354694485842153,0.404938905669065,29590.0,490740.788242806,1099,43321722,101405092,507081,789966,2907394,5265083,2573057,6496288,4405184,14571834,3019809,15402875,1392398,6441345,1741014,9912488,26775785,42525213
204,000676,2018-01-11,0.02315227070347281,0.018699910952804988,0.357037397925279,8022.0,49823.68828966118,989,8071529,14244608,516168,1058711,3804442,4151613,1958154,2298956,972837,2707126,461398,267665,358530,2147872,0,446313,0,1166352
205,000677,2018-01-11,0.0,0.0024630541871923928,0.2263353998833603,6464.0,32661.865353360055,321,3571517,2812204,366972,282148,1284569,769809,930991,589282,988985,1170965,0,0,0,0,0,0,0,0
206,000679,2018-01-11,0.009722222222222188,0.009722222222222188,0.42068232620533874,7898.0,34562.719112983825,292,3469796,2691640,296858,229991,1168704,1582739,914892,439663,549432,221147,218576,218100,321334,0,0,0,0,0
207,000680,2018-01-11,-0.007874015748031482,-0.005905511811023723,0.14039675526158443,7070.0,95942.0535426921,1311,24718208,14379672,1448930,1075421,4973592,3688130,3636433,2484015,2495548,3076056,1710397,1001081,1338315,0,462582,402400,8652411,2652569
208,000681,2018-01-11,-0.017005196032121028,0.003306565895134561,0.4239182517556814,30990.0,641023.9305873124,2501,128123111,230201808,1249702,1236731,9972560,12709874,10138699,11056072,16556972,20629314,12413672,11482339,8515046,10756849,9307596,13612467,59968864,148718162
209,000682,2018-01-11,-0.006302521008403228,0.0,0.24427058731356077,8058.0,68927.02199023178,379,5305388,3710094,433134,351925,1941816,1751988,687150,510975,361625,1095206,709953,0,0,0,0,0,1171710,0
210,000683,2018-01-11,-0.0033222591362125353,-0.0033222591362125353,0.07904968467869418,8940.0,99930.79401497052,1458,28103660,22652292,1183789,1335336,5169476,4762667,6067776,3355121,5766082,3972040,4560260,1776832,1345935,2357064,950024,0,3060318,5093232
211,000685,2018-01-11,0.005785920925747368,0.002892960462873795,0.2870093097585538,4156.0,27566.74735795647,1305,6619351,10585621,689601,2284375,2093190,4688556,1485761,2094146,1377783,1002769,0,200527,973016,315248,0,0,0,0
212,000686,2018-01-11,0.003468208092485492,0.0046242774566473965,0.19717460572537784,15597.0,153132.66375545686,1926,56861442,52052804,1527226,1952399,7400403,8872625,8702956,9290642,9173524,8935512,3886486,4101810,4205440,2085309,2562833,4797638,19402574,12016869
213,000687,2018-01-11,0.00562324273664494,0.008434864104967188,0.34449865732154883,10750.0,48888.64411254472,959,14108533,11828089,825756,923435,4006528,4364582,2611121,2875611,3829081,1712163,1930542,1116378,327408,316440,0,0,578097,519480
214,000690,2018-01-11,0.015317286652078543,0.004376367614879584,0.2278332408774054,22486.5,156222.74454718266,1610,66001622,59666164,1005598,1185335,7820429,6245886,7384624,7479229,13116858,11171916,8766962,7778046,5315937,5694897,3488004,5512745,19103210,14598110
215,000691,2018-01-11,0.0013071895424836555,0.002614379084967311,0.45815192279307054,3028.0,37225.02572455354,278,3069773,1694129,235921,196333,640853,553561,792106,481875,840404,234360,248193,228000,312296,0,0,0,0,0
216,000692,2018-01-11,-0.015904572564612307,-0.025844930417495027,0.2023036779261556,5199.5,105847.70163728578,618,10932027,4868276,399949,920251,2333834,2249289,1276034,1240798,1497137,457938,631439,0,721240,0,0,0,4072394,0
217,000697,2018-01-11,0.007452871547567019,0.010083296799649366,0.6768462686274409,23065.0,83962.95585847119,1136,28099703,28465302,934492,653944,6190690,5535954,4393892,5239267,5860938,7730845,3588009,5306189,3404664,1789568,934390,872099,2792628,1337436
218,000698,2018-01-11,0.0016313213703098572,0.0,0.2725816810891835,12240.0,86756.48822389952,505,10151717,8590136,553052,437717,2016895,1932667,1477446,889702,2378560,2225581,937433,1042105,1091103,704549,0,0,1697228,1357815
219,000700,2018-01-11,0.008726003490401313,0.00698080279232105,0.2615921820445121,9216.0,49706.057920026506,479,5474620,6829321,615282,355542,1979280,1749168,929056,1593207,1280035,1378629,670967,814675,0,361100,0,0,0,577000
220,000701,2018-01-11,0.012807881773398977,0.01871921182266001,0.2615190350937943,5195.0,73398.94342524088,1507,19077519,21224284,1713594,760551,3972340,3787541,2792818,4233581,3759835,5348738,1934473,1089525,2446860,678242,892896,1738840,1564703,3587266
221,000702,2018-01-11,0.008474576271186418,0.0,0.28152468604786735,6354.0,38935.99463659874,632,6503508,7464361,292072,1078619,1602609,2758944,1527956,1566611,1501277,2060187,1231966,0,347628,0,0,0,0,0
222,000705,2018-01-11,0.01344743276283622,0.008557457212714059,0.35047023324944876,4100.0,28595.372163814212,544,3447379,4383351,413043,890314,1163774,1460313,1145199,861232,725363,703150,0,468342,0,0,0,0,0,0
223,000707,2018-01-11,-0.006814310051107331,-0.008517887563884163,0.2523698737887347,5840.0,99661.79878811294,541,9602186,8341751,277947,698049,2367245,1678617,1201410,1346680,1273044,1243998,537891,2090974,0,388689,1333403,894744,2611246,0
224,000708,2018-01-11,0.003472222222222321,0.0026041666666667407,0.4899638200269614,14995.0,98349.83118021551,552,13788927,9587727,343452,498429,2617433,2874367,1505458,1792591,2883766,1817792,1115430,232200,665278,1332896,1836254,461952,2821856,577500
225,000709,2018-01-11,0.0024752475247524774,0.007425742574257432,0.08175884967857568,16320.0,361373.57869863,2456,103631068,143673472,1985102,1712939,7912493,8896567,8604548,15423396,11007669,15347495,8473111,10488514,4758035,5213640,3956049,9061811,56934061,77529110
226,000710,2018-01-11,0.0017019667170952157,0.004349470499243502,1.5912511437054535,19251.5,67266.14213284185,1104,22489154,21121612,588714,696173,5407509,6086626,4047270,4545717,5637617,6067616,2975828,2127210,1457104,0,926520,0,1448592,1598270
227,000711,2018-01-11,0.028708133971292016,0.03189792663476876,0.4059446660658535,14201.0,104052.88575050596,954,16279338,29035772,677602,728654,3785718,4354854,2308594,4867838,4008133,4955143,2332691,3755699,351120,2533151,911084,432302,1904396,7408131
228,000712,2018-01-11,0.01673640167364021,0.020322773460848875,0.4516293149755069,16700.0,116217.39110694587,1372,26420200,35636036,1148945,953610,6937884,6002154,5817814,4307261,6040542,6460490,2717266,3817410,1713674,4359043,827150,465737,1216925,9270331
229,000713,2018-01-11,0.007385524372230501,0.007385524372230501,0.3265728642040716,6790.0,41353.27639358413,429,4096823,4568089,397258,513836,1302033,1363559,1100301,1088085,843848,563062,453383,288486,0,321432,0,429629,0,0
230,000715,2018-01-11,0.011603375527426074,0.007383966244725704,0.7449099526418264,10483.0,43621.29939049478,161,1677116,2381189,148954,125932,768178,499326,578343,646244,181641,751562,0,0,0,358125,0,0,0,0
231,000716,2018-01-11,-0.013675213675213738,-0.0017094017094017033,0.1693355455495755,10458.0,69620.4361657134,1195,21485538,15884799,1022305,1065980,5203105,4601188,3155606,2219789,4791754,2129822,2773630,1754977,1623048,4113043,1786901,0,1129189,0
232,000717,2018-01-11,-0.03146067415730347,-0.03483146067415732,0.15452939058749532,60259.5,355211.2759582708,3324,318626166,216291282,1211243,1088863,12902890,13836902,21634927,20954311,45388369,36668637,32605818,26854315,18253808,16122563,20382167,14981572,166246944,85784119
233,000718,2018-01-11,-0.027124773960217063,-0.019891500904159143,0.10332013167009048,28487.5,242185.85162585395,2878,153637323,122872016,1922525,1301037,13245274,11746810,15200978,13193998,24994166,24061231,18764651,18005990,11578336,10080125,5851272,8515707,62080121,35967118
234,000719,2018-01-11,0.011995637949836269,0.008724100327153872,0.358392756233489,4612.5,33561.13551228326,654,4008354,6497859,434857,697833,2202739,2296860,389858,1704556,670860,680994,0,474528,310040,643088,0,0,0,0
235,000720,2018-01-11,0.036951501154734334,0.018475750577367167,0.20893986171266885,7848.0,52587.201822512914,429,4327948,5951162,443147,444962,1417294,1549594,700745,1786057,402980,1090253,464184,0,350154,641501,0,438795,549444,0
236,000721,2018-01-11,0.003577817531305927,-0.0017889087656529634,0.2563001927600997,6105.0,28345.71093258479,475,4484340,4163517,410439,566664,1717930,1583718,1027430,1139429,1328541,873706,0,0,0,0,0,0,0,0
237,000722,2018-01-11,0.0011098779134295356,0.002219755826859071,0.47431763121117243,8990.0,55525.38201383859,360,3413390,4671620,484940,427959,1269290,1280122,728228,639944,714514,902178,216418,249577,0,398700,0,0,0,773140
238,000723,2018-01-11,-0.0029761904761904656,-0.007440476190476164,0.15357013888728413,5360.0,189610.05382905202,1918,34324229,29755914,972816,2121796,4235104,8552552,3619612,3840727,3787960,3706918,4452820,1745380,2122832,1771054,1835000,845265,13298085,7172222
239,000725,2018-01-11,0.004950495049504955,0.0033003300330034513,0.10119498718858934,460255.0,2132304.1653888747,3600,2009459451,1907883671,15145,38835,1998106,1493044,10090944,6569536,47725102,35092429,60856730,46805475,64169162,51674126,61786861,51146710,1762817401,1715063516
240,000726,2018-01-11,0.0036496350364962904,0.0009124087591241281,0.38235076707828425,10960.0,56477.4655648979,821,11956241,11428260,1127841,550742,3953690,2806755,1721576,1952364,2005871,2899240,1924334,1164529,662220,1000164,0,457709,560709,596757
241,000727,2018-01-11,0.028340080971659853,0.012145748987854255,0.0599939395953609,4216.0,68124.29991426629,1714,15918734,18648158,1480112,2022097,3822139,4574984,1576967,2711538,1708682,3512976,750250,2357365,1038470,674808,463125,1335250,5078989,1459140
242,000728,2018-01-11,0.0027548209366390353,0.0055096418732780705,0.2442491055003941,19584.0,155277.8091798181,1989,56867109,54715498,1101715,1883981,7801358,9367967,7869232,9879182,11716765,11736563,5921465,6491933,4608636,4191468,2723217,1313234,15124721,9851170
243,000729,2018-01-11,0.036363636363636376,0.012587412587412583,0.13254577302662274,14240.0,113089.62566300952,2926,59529097,62961840,979402,3651533,17893297,12646642,6499605,6332962,7521168,9403885,6130796,7336138,5032405,4202234,3652706,2286730,11819718,17101716
244,000731,2018-01-11,0.0012658227848101333,-0.0012658227848102444,0.2311707138592908,15800.0,142230.1320497399,1168,32050008,20852715,769893,1332171,6142548,5170100,5531272,3947648,5871600,3465152,4910943,2406357,3709200,0,864203,416064,4250349,4115223
245,000733,2018-01-11,0.01377410468319562,0.015151515151515138,0.4256488481749764,14730.0,63654.59148785104,1163,18883986,24712101,863860,913020,5273470,6254135,4018659,6046007,5857275,5486986,1218506,3091281,0,723829,863816,959426,788400,1237417
246,000735,2018-01-11,0.035851472471190915,0.00768245838668391,0.19026073761694864,15660.0,73670.55923473838,1686,30291877,30774234,1302411,1624592,7343416,7954484,7681631,9318860,6871647,4382355,2251348,2624145,2081861,2094363,434565,400590,2324998,2374845
247,000737,2018-01-11,0.010526315789473717,0.006315789473684275,0.19104307651862945,5246.0,46018.9718778375,618,5593233,6419562,474240,853009,2300231,2204417,489732,1177716,1013536,728254,494440,502168,343204,0,477850,953998,0,0
248,000738,2018-01-11,0.008563899868247793,0.005928853754940677,0.42473457160534517,12064.0,78232.63787244857,1277,24541647,20813174,967408,1313236,5859586,5154770,3505145,3877128,4458926,4070721,2642237,1790945,1663015,2056575,1753330,1464411,3692000,1085388
249,000739,2018-01-11,0.0015503875968991832,0.0,0.31298841415739403,4508.0,49489.33047193088,424,5184206,4136336,185762,610836,776919,1545628,1231116,658730,1535417,1109900,476912,211242,0,0,462240,0,515840,0
250,000750,2018-01-11,0.002024291497975561,0.004048582995951344,0.13113402195318433,7425.0,81574.97620435126,1422,21254649,16575276,1400228,1775847,5585344,5315307,2450170,1859731,3142991,2196138,2235103,1722902,708101,0,1891280,968734,3841432,2736617
251,000751,2018-01-11,0.007448789571694592,0.0018621973929235924,0.12648798348864088,16200.0,103231.10865389521,1806,52717603,38704018,1351710,1256958,8718001,6847433,8364049,5872509,11940432,8971965,7438051,4398664,5049188,4322579,2113362,1798158,7742810,5235752
252,000752,2018-01-11,0.0007401924500369805,-0.007401924500370027,0.634292514877851,10680.0,55629.655970495965,453,8018271,5755863,363587,550654,1498220,2004975,1434813,1177295,2326942,784450,1709513,416364,685196,313490,0,0,0,508635
253,000753,2018-01-11,-0.005102040816326481,-0.007653061224489721,0.18574293750633056,7760.0,55093.134804029905,445,6729335,4648194,346469,408085,1917728,1529058,838802,487395,1576670,762692,2049666,549940,0,375584,0,0,0,535440
254,000755,2018-01-11,0.06026058631921827,-0.0032573289902279035,0.2573761583678607,8526.0,59737.66222898069,569,8742107,7884377,534302,590200,1836645,2147231,1220764,1371286,3217701,2255853,777899,204129,727620,623404,427176,0,0,692274
255,000756,2018-01-11,-0.003528581510232942,0.0028228652081863093,0.3455202095680891,8484.0,45669.22955429035,1682,18652329,18069134,1391428,2092241,7051546,5929549,3562973,5025269,3432005,2898282,1226828,1342675,333573,305890,0,475228,1653976,0
256,000758,2018-01-11,0.004566210045662045,0.004566210045662045,0.1572001567227432,13818.0,128805.30140950422,1749,45989712,35059474,1906962,1464739,7782867,7113855,6095720,6015651,8198959,6528888,4866215,4621569,4892587,4620872,2232073,834072,10014329,3859828
257,000759,2018-01-11,-0.026068821689259614,-0.028154327424400383,0.19526888826330613,21643.0,134820.07197726122,2417,81193679,62576331,1453679,2242859,10069789,12967603,13559046,11608332,16942958,14738883,11629886,6333844,6255024,5727506,3745224,2563071,17538073,6394233
258,000760,2018-01-11,-0.018604651162790753,-0.012403100775193798,0.17206813772212448,9570.0,58153.27104083328,1408,23665375,18248246,1305588,1314298,6124502,5417850,5160141,3817945,4312942,3287005,3177803,1627623,2053656,1312675,905555,835850,625188,635000
259,000761,2018-01-11,-0.016728624535315983,-0.018587360594795488,0.1271190718054492,7392.0,143008.79534134155,1795,46546129,30655801,1019379,2167557,4933637,5866136,4138544,4900472,5004891,4437134,5466029,3020646,3109366,3076347,474360,1854335,22399923,5333174
260,000762,2018-01-11,0.03802281368821281,0.034220532319391594,0.3044888852974935,47670.0,271417.4098537842,2689,145696085,187208162,1268973,1442088,12225284,11403524,16525679,15664931,27313719,25648361,17366387,20284680,15732169,16240424,11729243,11554672,43534631,84969482
261,000767,2018-01-11,0.010067114093959662,0.003355704697986628,0.13529095644240394,4144.0,98778.19842874941,485,6695207,7149002,290467,410876,1107234,1613414,727819,1634577,682209,443609,219596,1279354,378780,0,889784,0,2399318,1767172
262,000768,2018-01-11,0.010059171597633254,0.01183431952662728,0.37512504034535044,18771.5,186491.6734806884,2030,59115203,72324442,1275585,1525478,9904729,11291552,10094130,7957265,11113331,6390979,5750567,4893977,7684238,6569376,1212812,2186277,12079811,31509538
263,000776,2018-01-11,-0.010140845070422566,-0.010140845070422566,0.32193582999533343,51156.0,276704.6583834514,3041,217476755,144056496,1779751,897559,12101264,11613633,31192091,17156773,40377425,29927538,20500756,13964715,12190755,9121554,14709336,10182408,84625377,51192316
264,000777,2018-01-11,0.0,-0.0006309148264984632,0.5276635885580483,9429.0,50193.897203873836,902,10730781,11524107,1175429,1076526,3385938,3230534,2112727,1790428,2645930,2396007,678745,1263432,308112,316200,423900,867700,0,583280
265,000778,2018-01-11,-0.007299270072992692,-0.009124087591241059,0.1265247779588184,10920.0,91872.34046870032,1880,46649600,29535571,1828635,1363901,8798709,5916936,5345979,5101444,8860331,6669931,6663714,3752641,1628340,2048615,5368508,3601719,8155384,1080384
266,000779,2018-01-11,0.01098901098901095,0.00586080586080584,0.6976662869826129,9614.5,52855.52503575812,382,4875483,3657120,588404,329501,1503220,1574463,756674,1077077,489423,449489,721762,226590,0,0,0,0,816000,0
267,000780,2018-01-11,-0.003929273084479323,-0.005893909626719096,0.24904518134105663,10080.0,52926.585701903176,417,9164412,3871545,356247,287530,1602345,1164084,2108359,864077,1736689,1092360,2699020,463494,661752,0,0,0,0,0
268,000782,2018-01-11,-0.006242197253433224,0.0012484394506866447,0.46177411024102344,9993.0,61807.30882039183,300,3810891,3810761,314589,270524,1137501,1604149,444945,1049489,477883,463671,218900,0,0,0,458973,422928,758100,0
269,000783,2018-01-11,-0.0025031289111390187,-0.0025031289111390187,0.17959632076137025,12784.0,165416.91741961212,1981,59392638,48708141,1660242,2436885,9723392,8567461,5885236,6992165,5315873,6101624,2005998,4493054,2389697,4836742,1331723,847740,31080477,14432470
270,000785,2018-01-11,0.017224880382775254,0.02392344497607657,0.3365359821196518,12683.0,113411.6115374258,964,18159311,26811370,996662,578178,4219462,4393396,3198815,3614266,2876530,3192000,2180476,2586767,633661,1374350,895719,1769201,3157986,9303212
271,000786,2018-01-11,-0.05241935483870974,-0.04233870967741937,0.4309501511594477,96514.0,600588.381931362,3316,479066572,425291999,546930,1031029,8244198,14359804,14011867,23632819,27708714,45344513,29274848,41020577,25193334,38572227,23813586,26052531,350273095,235278499
272,000788,2018-01-11,0.003397508493771184,-0.0011325028312570984,0.4597400246237223,8780.0,44615.02112262754,368,4638325,3477715,474069,517014,1490610,1305438,1094886,875248,688360,569775,276500,210240,0,0,0,0,613900,0
273,000789,2018-01-11,-0.05857142857142861,-0.06142857142857139,0.23871031349771155,119619.5,710115.1027736745,3452,598047239,497307937,458299,628923,9324038,11375304,17420841,24050804,40364583,43670711,34088245,41478543,36077518,31886152,29238259,31115247,431075456,313102253
274,000790,2018-01-11,-0.0027063599458727605,-0.0013531799729363803,0.23763544973122655,9555.0,67824.54559648744,967,18609422,11220267,1051850,1187629,3234284,3977340,3448563,3311243,3474801,1457150,2468406,947704,1714174,339201,910920,0,2306424,0
275,000791,2018-01-11,0.007481296758104827,0.009975062344139696,0.18986979725363184,17919.0,188126.5019898183,1786,56395735,75357458,1377811,1616398,6787192,8028491,7892641,7778114,8188382,12083154,7967243,8525669,4994686,2692623,3507559,2714198,15680221,31918811
276,000792,2018-01-11,0.07590759075907583,0.07458745874587458,0.25546354019545864,227265.0,1036807.1863857141,3525,852487010,1087204460,335498,517785,7805325,6747106,17439963,16279954,38434220,32197507,42053262,36635485,35593139,39763624,34077561,37504891,676748042,917558108
277,000793,2018-01-11,0.0020876826722338038,0.0020876826722338038,0.2745916110088948,15232.0,359537.09054218617,1217,45118214,66863736,1147317,1239347,4935199,5410208,4662989,3588999,4281138,5259679,5809829,1921638,3334593,1145496,4087427,3189584,16859722,45108785
278,000795,2018-01-11,-0.0062893081761006275,-0.009433962264151052,0.1483800740823649,13293.0,84278.62948463995,1840,43453252,24657276,1503063,1650721,10217312,8006552,7370108,4968584,9179616,4480751,4003497,1203543,4462276,1309554,884270,447040,5833110,2590531
279,000796,2018-01-11,0.003665689149560114,0.003665689149560114,0.47563007241840954,13610.0,54377.15658927545,822,12850250,11309124,661782,895091,3936054,3850160,2572502,2739520,2956140,1046356,1567095,2004066,397797,358995,0,414936,758880,0
280,000797,2018-01-11,-0.0036003600360035026,-0.009900990099009799,0.35592083484697296,16500.0,84028.09232505914,974,26944241,15246320,911657,648304,5510387,2804422,4477387,2607649,6828794,3884289,2980680,2144611,1692042,697737,431036,1304315,4112258,1154993
281,000798,2018-01-11,0.004711425206124664,0.004711425206124664,0.4322658833338774,7685.0,32180.30335797546,385,4197305,2927459,427748,350598,1453361,1390076,767727,945000,1074169,241785,474300,0,0,0,0,0,0,0
282,000799,2018-01-11,-0.01580882352941171,-0.015073529411764763,0.5389239476827286,26785.0,216434.42772561352,2548,99931583,78241736,1045562,1734979,12521696,14968100,13017541,12823119,16738720,17006930,13284275,8987097,7325568,3419826,3472507,2148397,32525714,17153288
283,000800,2018-01-11,0.0,-0.0027906976744185297,0.27758096444501057,21400.0,119032.62123913402,1500,49826454,39048015,1076122,789348,6715502,7068321,6901711,6388921,10820318,8511575,5189692,5387947,4174421,4138384,1356256,1762534,13592432,5000985
284,000801,2018-01-11,0.025996533795493937,0.022530329289428108,0.20922815906043984,7683.0,59336.15929814837,761,7796741,12107070,543382,805980,2686259,2666592,1720283,2137444,1300405,2190534,692438,2184100,322014,370440,0,460800,531960,1291180
285,000802,2018-01-11,0.0022354694485842153,0.0037257824143070994,0.398251066601868,10648.0,52115.653987874706,1135,16750978,12569697,1291048,1244286,4606221,4618252,3895030,2489121,4417509,1818492,1440857,682223,341836,0,0,902860,758477,814463
286,000803,2018-01-11,-0.0022492127755285862,-0.004948268106162779,2.140068465889196,11155.0,66543.71163299758,107,2302637,1324584,44537,151593,447846,380795,429506,131452,343112,384844,264180,275900,328856,0,444600,0,0,0
287,000807,2018-01-11,0.00366300366300365,-0.009157509157509125,0.18497040850164312,102790.0,462729.8339187972,3493,444798721,388051424,685171,504135,12167479,9156722,29973339,19151055,49917722,43886490,40391752,44626814,31788160,32294045,32545994,23765604,247329104,214666559
288,000809,2018-01-11,-0.005235602094240788,-0.005235602094240788,0.21918648896535986,11370.0,59367.32021366675,303,6911839,3194077,209887,248942,1038906,1175484,1404161,824761,2071820,593178,1387595,0,334530,351712,464940,0,0,0
289,000810,2018-01-11,0.0041551246537396835,0.0041551246537396835,0.1943749871649548,9360.0,52463.653553359036,1381,22654962,14988677,1256621,1136726,6815428,4587046,5076610,3706524,4047244,2931921,2664624,989294,1735429,631154,0,410417,1059006,595595
290,000811,2018-01-11,0.007471980074719831,0.008717310087173136,0.32466479920997293,10517.0,67456.40767415329,611,11411275,9093218,684828,565305,2874935,2188228,1876194,1464728,2248394,1529173,878528,1668838,992676,374871,1302490,1302075,553230,0
291,000813,2018-01-11,0.012387387387387427,0.0011261261261261701,0.2734081684847611,10584.0,65492.57165192486,1055,17865633,15246561,987489,623107,4239176,3659189,3051453,5302077,3842640,2029896,2061677,2036982,1124546,309750,865112,403560,1693540,882000
292,000815,2018-01-11,0.021359223300970953,0.03171521035598701,0.5152046051399436,15710.0,61923.30883363,899,10941328,15880089,847643,787350,4200824,5248653,3416028,2631418,1957700,2085831,519133,1442413,0,305218,0,498964,0,2880242
293,000816,2018-01-11,0.006006006006006093,0.009009009009008917,0.09040499111181016,6680.0,83875.97862005737,1362,21226062,23050267,1395087,1322352,4790205,4268266,4120548,4501654,3527009,3331616,1018052,2304877,1006116,2461227,425712,1829355,4943333,3030920
294,000818,2018-01-11,0.0,0.0,0.39352006329581957,18480.0,67129.36775311877,1123,28396378,16500632,687966,492264,7039122,5768768,5509165,3178068,5897671,3952418,3874315,984505,2814282,1084012,1853357,401166,720500,639431
295,000819,2018-01-11,0.0007812499999999556,0.0007812499999999556,0.511295987964144,12670.0,39279.77262638587,626,10200959,5132409,541937,601326,3923166,2563009,2100154,818944,2384406,707048,469030,442082,318780,0,463486,0,0,0
296,000822,2018-01-11,0.00525762355415349,0.00525762355415349,0.20128914173046714,14265.0,78106.35284371536,2234,44645581,44721908,1416050,1982329,8533444,10445735,10030350,9960499,9872230,10568030,6385793,3346915,3900745,1399214,2663810,1292185,1843159,5727001
297,000823,2018-01-11,0.006044325050369448,0.00671591672263272,0.36766318346546495,25194.0,154802.33520392128,1641,63876960,46854607,1114639,970833,9247858,6641979,10673118,6798994,10755118,10307330,5104286,5333446,3472768,5038673,4068361,3196587,19440812,8566765
298,000825,2018-01-11,-0.0058365758754862496,-0.009727626459143934,0.10808171848796118,16962.0,261692.51484544025,2269,98490907,89349032,1038072,1896644,7022051,10778391,7243043,10921542,10346537,13495544,10209328,11033236,7774944,5278558,4774106,3477986,50082826,32467131
299,000826,2018-01-11,0.002108433734939741,0.00240963855421672,0.8805286694018248,16565.0,87341.17759796248,1421,32507959,30275013,1835572,1515941,5728307,6655685,5758843,4971350,6403882,6396558,3600019,3688155,4115886,3581773,2272340,452200,2793110,3013351
300,000828,2018-01-11,0.018850987432674993,0.016157989228007263,0.4373754661959417,13374.0,126357.95891678856,648,8594796,16132353,225399,588307,2815052,3396856,1697877,2335882,2122945,1815319,784023,1417595,0,1078872,446400,0,503100,5499522
301,000829,2018-01-11,0.034707158351409806,0.04121475054229928,0.26019526750032745,9590.0,87067.44498024209,1257,18860198,25916735,1245687,1591693,4315283,4628793,4383025,5328510,3578851,4644680,1335230,1456920,1011031,1298648,406725,1774728,2584366,5192763
302,000830,2018-01-11,0.03350083752093802,0.031825795644891075,0.3100366827234298,86744.0,456013.12868490146,3342,362008294,439720961,875839,1085038,10981337,11323536,16784537,18514835,35623509,40170792,33040743,38304279,26446150,24320336,21527423,25854422,216728756,280147723
303,000831,2018-01-11,0.0,-0.0039525691699605625,0.2613430120344076,25160.0,155574.25937082895,2345,94051651,61089604,1167877,1186175,13121773,10751765,12183881,10964895,17646763,18559604,11839217,6469006,4738185,6315931,4438634,1371734,28915321,5470494
304,000833,2018-01-11,0.007288629737609353,0.007288629737609353,0.33205723550074057,10342.5,39469.03096006092,426,5571167,4354283,386135,448760,1961524,1608671,1776830,976196,838102,537314,238736,440412,369840,342930,0,0,0,0
305,000835,2018-01-11,0.0,0.0024420024420026554,0.3750593643429007,13914.0,81833.74318477341,476,12609536,6848048,357747,576829,2062273,2297356,1608591,1688017,2733038,478397,995680,1254064,982656,0,2157808,0,1711743,553385
306,000836,2018-01-11,-0.02589641434262946,-0.017928286852589626,0.10385235243444896,21070.0,138542.2790502329,2346,74758832,69635763,1580373,1824490,9887865,11671180,10836926,11435741,16506085,15900527,10707770,9144802,4090012,4299905,4110432,4060540,17039369,11298578
307,000837,2018-01-11,0.01296596434359798,0.01296596434359798,0.24846439699830128,9944.0,48355.69345342277,616,6857813,8055164,579646,659263,2594634,2867998,1902216,1127664,951857,1468548,225935,770934,0,697125,0,463632,603525,0
308,000838,2018-01-11,0.006504065040650486,0.0,0.14800079845680422,12340.0,71352.22649939958,1729,36243066,26632792,1601849,1626680,8348567,6953331,8130733,5549408,7567980,4750876,2282037,3995294,1742004,2725846,2222884,0,4347012,1031357
309,000839,2018-01-11,0.0044296788482836025,0.008859357696566983,0.16160903395956194,44394.0,252301.05691382955,3127,183889138,213655137,1328665,1478869,13740491,15081877,17434558,20805870,25800564,36095948,19111500,19285060,16393954,15475516,12152326,18892360,77927080,86539637
310,000848,2018-01-11,0.03333333333333344,0.027272727272727337,0.20657005434839093,14266.0,145045.4611919637,2300,50630081,63852225,1651923,1963613,9420625,10683376,6279979,8555645,11572645,16759002,4368679,6278639,3652497,1781658,1847500,3548834,11836233,14281458
311,000850,2018-01-11,0.0,0.0,0.2938524441456986,12553.0,68526.61147376976,242,4628312,3328392,124529,249882,723833,1531727,908363,533993,1184569,474710,0,0,364799,0,1322219,0,0,538080
312,000851,2018-01-11,0.03171007927519809,0.03737259343148369,0.2247714109329966,18100.0,110882.1235733151,1544,33800795,55008848,1396165,1351293,6209496,7369701,5602823,7616088,6720639,10356477,5208859,9904845,4143642,5469666,1818789,3036058,2700382,9904720
313,000852,2018-01-11,-0.009775171065493637,-0.010752688172043112,0.23312129595095551,18234.0,75452.05076617324,1927,46315833,33229041,1136557,1305879,10176054,9313722,9279147,7024625,12122212,7895949,6395644,3364828,2406495,1419582,454152,0,4345572,2904456
314,000856,2018-01-11,0.0013525698827774324,0.0009017132551847329,0.39467352319699694,59940.0,361784.42772488773,3161,217964681,208983829,690599,907782,13186416,14552273,22301816,24001361,34730674,37076032,30151456,24387554,19429005,15569635,16027166,10081154,81447549,82408038
315,000858,2018-01-11,-0.008789722785666032,-0.003155285102546812,1.4835258503410491,272738.0,921507.2089976014,3579,882832588,888797995,79271,238306,2381401,6289218,8174128,17469032,36634210,51793481,48077654,69783566,55073370,57676084,50958548,45891230,681454006,639657078
316,000859,2018-01-11,0.014117647058823346,0.009411764705882453,0.19976414724232985,5538.0,51139.83554407022,452,4103204,6458256,303317,592406,1326275,1773584,629433,600658,881466,1731822,962713,0,0,1342146,0,417640,0,0
317,000860,2018-01-11,-0.000517598343685366,-0.0036231884057971175,0.5673897470511061,9615.0,94433.07994177472,1159,23645939,16479524,1776539,1314811,3550200,3956790,2827086,2989990,4167121,4110910,2075850,1681994,2474165,352972,412164,449982,6362814,1622075
318,000861,2018-01-11,0.009523809523809712,0.006349206349206327,0.13071499479286494,5024.0,76201.56047728198,581,5955579,5998238,579464,600523,1793445,1585839,746465,1453354,925356,559126,496780,0,314000,311488,492975,0,607094,1487908
319,000862,2018-01-11,0.008113590263691739,0.008113590263691739,0.2287572558757094,2726.5,34189.55610012656,464,1712894,3872063,346681,525664,747412,1659004,164886,539890,0,340655,0,806850,0,0,453915,0,0,0
320,000863,2018-01-11,0.0,-0.005514705882353033,0.20981123276055275,8933.5,38194.69291816434,672,10915675,5486299,622887,564219,2712750,1897676,4134178,1044077,2788341,1776535,0,203792,657519,0,0,0,0,0
321,000868,2018-01-11,0.01876379690949226,0.026490066225165476,0.15597569288332677,62511.0,330220.17998218414,3383,265968521,254199767,941885,995137,14366979,13827235,24487862,20725048,42660216,40085592,35105715,27193097,17840812,23924762,16380281,21056075,114184771,106392821
322,000869,2018-01-11,-0.007684680218145834,-0.01586514625681712,1.0463452301312004,20000.0,123777.7657618019,1486,55259753,24969527,804137,1258073,8195568,7716479,8272751,6284489,9595828,4088652,7495648,3898418,5680354,0,1448287,0,13767180,1723416
323,000875,2018-01-11,0.002590673575129543,0.002590673575129543,0.11398954525126236,7700.0,60682.0041294521,1149,15387720,7014083,4226997,907602,2334111,2051276,1006456,817862,1826333,670133,516670,963680,2233000,1118232,460800,485298,2783353,0
324,000876,2018-01-11,0.0012771392081736277,-0.0012771392081736277,0.1498215442444345,22148.0,175840.2167423001,2737,81088837,87163109,824898,1818837,21766217,9634080,12207539,14928231,11435873,15741076,6723506,6651866,4074449,8580700,2727074,4522983,21329281,25285336
325,000877,2018-01-11,-0.02791461412151064,-0.03530377668308704,0.209119367391782,84528.0,793919.6331863574,3400,447240939,403925498,575634,890815,9896334,14895074,17434284,25934208,37327666,48464278,31467232,31466170,30833782,27164600,25987084,32884770,293718923,222225583
326,000878,2018-01-11,-0.00694444444444442,-0.011805555555555514,0.29039480423114783,34200.0,207306.03527988758,2461,141994026,103108053,1176484,953848,13564767,9057543,15543977,11891052,23951503,17055564,17856805,13346873,10539713,12353811,8817245,8430983,50543532,30018379
327,000880,2018-01-11,0.008602150537634357,0.017204301075268935,0.5768094664333064,9360.0,38105.589574301535,259,2030851,2978378,309989,338044,972819,1011507,748043,386529,0,556878,0,299860,0,385560,0,0,0,0
328,000881,2018-01-11,0.001529051987767538,0.0,0.360696723639025,9170.0,66818.07285307777,1315,22481647,14982384,1164790,922815,5166031,4866280,4767895,3697809,3853952,2539185,2078210,207336,1680502,1048246,0,406665,3770267,1294048
329,000882,2018-01-11,0.02941176470588225,0.019607843137254832,0.1181158776126973,9120.0,123779.98333307511,672,12676930,15699045,618951,583420,2454603,2340970,1391670,1239070,2605433,1899813,709665,727433,950000,2861749,0,923130,3946608,5123460
330,000883,2018-01-11,-0.002105263157894721,0.0,0.16461317078896937,4740.0,64486.39421527363,833,12098223,5711543,847242,663639,2678893,2674594,2126574,691446,2019093,1019694,702235,662170,698879,0,413089,0,2612218,0
331,000885,2018-01-11,-0.04173716864072208,-0.0434292160180485,0.3289452560342394,44512.0,193078.7438835301,2908,152706700,112865923,856957,1387052,12300472,16082455,19874411,21789285,29389205,26329319,22312959,18572384,17091500,10573941,6771677,3598958,44109519,14532529
332,000886,2018-01-11,0.012517385257301727,0.0013908205841446364,0.2540205563921123,8556.0,75049.71105976297,801,14067312,10141465,878327,731460,3335945,2490866,2389928,1900536,2702021,1370224,1558937,2353488,1072306,0,845848,0,1284000,1294891
333,000887,2018-01-11,0.009944751381215422,0.008839779005524795,0.4630846299430163,27037.5,107416.08076878793,1528,43346187,45584696,540029,1210130,9065534,6812002,12150196,6497385,10739175,9407495,2714439,5463872,2067898,1653370,2673624,4776155,3395292,9764287
334,000888,2018-01-11,0.005581395348837281,0.005581395348837281,0.33773670874867046,10800.0,53809.4396964754,1013,13420868,9543507,1186479,618338,4585031,3600778,1436447,1041885,3180945,913854,1250051,1421764,321900,721268,911313,0,548702,1225620
335,000890,2018-01-11,0.011922503725782407,0.005961251862891315,0.4444141029424441,8749.0,24036.701556195374,227,1946374,1929684,237944,179236,1017975,930353,553515,613545,136940,0,0,206550,0,0,0,0,0,0
336,000892,2018-01-11,-0.007772020725388518,-0.006476683937823857,0.2585604503939114,2304.0,28179.388145411882,891,7143821,2999067,1371400,296139,2255854,1462968,1700719,928558,1028071,311402,0,0,334305,0,453472,0,0,0
337,000893,2018-01-11,-0.0249999999999998,-0.030434782608695587,0.3093019810869028,9130.0,114033.38782873853,886,24169817,14242442,1056652,734488,3562143,1808999,3377752,1652833,5018686,3506371,2996161,2515298,700581,1770720,1445855,1333929,6011987,919804
338,000895,2018-01-11,-0.021023125437981682,-0.02627890679747724,0.5172968932299773,50040.0,226488.64797628677,3047,223018739,151465101,1183443,1167511,12445289,13828747,16510036,16653893,41121199,26980416,40457420,18900367,21843958,18367935,14630661,9883129,74826733,45683103
339,000897,2018-01-11,0.011173184357541999,0.0027932960893854997,0.10854460446025206,5370.0,38754.38498641139,1091,7528555,9822241,1032806,1575550,2731628,2744473,1233493,1652559,1528934,1427615,256254,971644,314640,1450400,430800,0,0,0
340,000898,2018-01-11,-0.015060240963855387,-0.01807228915662651,0.1410411210803726,13200.0,293996.0575156463,2221,110257753,62720489,1239036,2281842,6696797,9434299,7690858,7998772,9738665,11295388,6647356,5034956,10528870,6434794,6536514,3115930,61179657,17124508
341,000899,2018-01-11,0.005093378607809784,0.00339558573853993,0.31265688966039346,9352.0,69728.66926717659,354,6345227,3388495,388609,384733,1115890,1243847,1054800,645150,1278051,655315,975177,459450,0,0,0,0,1532700,0
342,000901,2018-01-11,0.003821656050955413,0.000424628450106157,0.6168684779920064,18704.0,83225.75889116949,1457,33772845,29910935,1113187,1143404,7743699,7838320,6267747,6049236,6148565,5164906,4076582,3492828,3013855,973672,2344386,3141908,3064824,2106661
343,000902,2018-01-11,0.0,-0.008695652173912993,0.2761801648368505,5152.5,107349.08498373612,1406,20224274,19153859,1128530,1186837,2792154,5740466,3608544,2352954,2997362,2803005,2021726,1558095,2558954,915252,450088,812976,4666916,3784274
344,000903,2018-01-11,0.005698005698005604,0.0,0.14167124104193182,6980.0,62198.68158887017,614,10236234,6480089,547518,599629,2348606,1931831,2536248,997753,2702368,692973,507564,210098,1027852,364000,0,470801,566078,1213004
345,000905,2018-01-11,0.0,-0.0009174311926605228,0.38549202073613,10850.0,65758.38710713555,799,12906779,9899801,669361,948341,3451180,3666312,2034501,1247853,2272494,2086295,733518,724425,743148,316820,881008,909755,2121569,0
346,000906,2018-01-11,0.010540184453228019,0.013175230566534912,0.2731141148557058,11325.0,46756.337742212,772,10510363,8774535,768029,713972,4020278,3611186,1732783,1740181,1676513,1917842,1199160,415958,0,375396,457824,0,655776,0
347,000908,2018-01-11,0.006250000000000089,0.004687499999999956,0.29527315445497343,9368.0,42946.27640451719,469,6190454,5359027,575055,380578,2163744,1705140,1482562,1087181,950594,1528721,695999,0,322500,657407,0,0,0,0
348,000909,2018-01-11,0.0009225092250921829,0.0036900369003691758,0.5044969629202701,10760.0,36892.26809474371,461,4244558,6242220,371247,491230,1683663,2226035,628962,1141737,1323995,1334942,236691,723076,0,325200,0,0,0,0
349,000910,2018-01-11,0.012057877813504758,0.016077170418006492,0.7050406087749818,25045.0,128546.23714616433,1246,33215169,35458093,667154,698630,5958703,6938048,4621204,8019734,7356763,5843112,3443498,4406924,1670082,1824677,1426667,1705844,8071098,6021124
350,000911,2018-01-11,0.005422993492407713,0.008676789587852562,0.3706681812027189,9280.0,48100.95763232194,618,7310745,7476913,622983,767397,2985219,2491624,981205,1301989,1157819,1245032,725298,522137,370357,676210,467864,472524,0,0
351,000912,2018-01-11,-0.016717325227963542,-0.016717325227963542,0.14546808192851113,12940.0,173638.2172071676,2056,50512187,55972838,1832104,1755746,8251597,7994877,6012271,7946647,7855097,7906223,4574150,6849087,3731919,3410553,915832,843026,17339217,19266679
352,000913,2018-01-11,0.005617977528090012,0.005617977528090012,0.9685015518992904,7880.0,54056.39544343683,408,4322791,5860404,310608,686669,1115742,1410131,1239292,805336,1306309,1428567,0,522841,350840,0,0,414960,0,591900
353,000915,2018-01-11,0.013200257566001294,0.013522215067611087,0.8518809948190743,15810.0,87378.40036688701,1329,29153660,31245610,1168849,1601427,5213177,6420706,4592070,6688880,6526787,6023308,4593250,4819555,3065611,1073776,955225,1395483,3038691,3222475
354,000917,2018-01-11,0.014840182648401923,0.014840182648401923,0.24816998159709522,17710.0,135752.19811019997,1246,35145622,40470168,1055850,1094193,5637644,6086905,5832726,5215338,5553123,6290857,2634146,5674213,2049283,3501138,3992960,2650657,8389890,9956867
355,000918,2018-01-11,0.0041379310344829,-0.004137931034482789,0.2061346961749378,14320.0,91981.6936244555,1238,33755761,17188346,1101404,984736,6212746,4859271,5058251,3209765,5424732,4352793,5801414,1813005,3124043,0,828135,880692,6205036,1088084
356,000919,2018-01-11,0.012331838565022402,0.0067264573991032695,0.4046745698617916,13365.0,44364.53153847515,485,5485048,8149288,351675,613701,2518533,2684009,1450648,2153697,897192,712269,267000,1598143,0,387469,0,0,0,0
357,000920,2018-01-11,0.014388489208633004,0.016443987667009274,0.3516248763306961,9770.0,47379.29412920278,765,7270071,10190920,735374,1150272,2784896,3083845,1411526,1936599,1189695,1842551,435264,526116,713316,646757,0,412580,0,592200
358,000921,2018-01-11,0.002020202020202033,-0.007407407407407418,0.3785740022240029,14680.0,79075.93095123443,1539,35106978,26811853,1124646,1264384,6015734,7425366,5777508,6465013,7234634,6640905,3678705,1803896,4220344,1451260,2203727,497610,4851680,1263419
359,000922,2018-01-11,-0.020506634499396825,-0.018094089264173552,0.2656300318537661,13719.0,83141.41636136874,974,20369098,12602072,727196,1223232,4419733,4707587,3918703,3281502,4884905,1392994,699894,1672757,1378022,324000,896565,0,3444080,0
360,000923,2018-01-11,0.005797101449275477,0.00496894409937898,0.5302155182282655,21600.0,105173.23301938994,2075,53528267,44203854,1741788,1598282,11899975,10824080,9790177,8960165,11072802,9304986,6008321,5698141,3217217,2351373,2746320,1354331,7051667,4112496
361,000926,2018-01-11,-0.02357723577235782,-0.02357723577235782,0.23497081710515194,85865.5,1743457.238280754,2748,412625415,561451753,382312,1625731,4148106,11134171,6294102,15047845,16826596,29000025,18641210,25531003,22430743,26864885,21657174,26011843,322245172,426236250
362,000927,2018-01-11,0.002272727272727204,0.002272727272727204,0.1453180521508515,8760.0,77998.96557270217,918,16922868,11316936,907379,1050649,3234765,3536172,2291009,1981677,1689273,3096445,1686393,907358,2155035,305636,1325486,438999,3633528,0
363,000928,2018-01-11,-0.014836795252225587,-0.013353115727002929,0.1860570539913356,13280.0,119109.10187773028,1313,36069844,19845373,1306420,1205397,6512131,4945266,5633767,4486504,4735572,3159800,3348446,2080350,2365447,1463737,1322631,0,10845430,2504319
364,000929,2018-01-11,0.004237288135593209,0.003389830508474523,0.7290877373936823,11780.0,39249.467444299386,261,2913566,2579645,271017,209732,1130723,965816,428437,856975,633089,547122,0,0,0,0,450300,0,0,0
365,000931,2018-01-11,0.005610098176718203,0.004207573632538653,0.2575706793648361,7200.0,73473.47309416262,766,11581947,9610337,833842,894281,2843885,2916318,1429291,1221723,1915030,1518523,1403444,663330,671385,658900,1417940,443920,1067130,1293342
366,000932,2018-01-11,-0.01925254813137034,-0.01925254813137034,0.19419680381828436,40250.0,730743.1795657969,2069,157436267,242929362,261554,2290541,3316894,11031258,5958818,13974083,12901980,19955299,10828723,17833581,8396516,10841158,11943902,9905486,103827880,157097956
367,000933,2018-01-11,-0.027358490566037674,-0.024528301886792447,0.18197846853510066,107416.0,471468.32586152334,3400,468938931,399530370,654707,598433,9771721,10688578,18526761,22868098,43139626,42727485,38685540,39460637,32698769,37619511,30962555,27680698,294499252,217886930
368,000935,2018-01-11,-0.031729243786356554,-0.029085140137493415,0.35803640399269204,36710.0,325986.033205916,2792,140226243,106311837,1286693,1339420,14688941,13583190,20081126,16299365,27432159,19155336,20111896,11051229,15475859,5989697,4959849,5331301,36189720,33562299
369,000936,2018-01-11,0.016641452344931862,0.016641452344931862,0.20398737589323884,12739.5,85098.47618916331,1050,17203875,21319302,977977,1052223,4266418,4716934,3114490,3049212,2940190,3521204,3374984,3032731,710418,2380350,0,1329491,1819398,2237157
370,000937,2018-01-11,-0.008012820512820484,-0.009615384615384692,0.1346370841189247,8034.0,83698.58756087042,2154,32224461,40916933,1551755,2097701,5481652,8748068,4526609,5220551,6688128,12117290,3314564,3248435,2671674,2708560,1718593,1705560,6271486,5070768
371,000938,2018-01-11,0.03216583273766971,0.03588277340957813,1.2744204543376472,71950.0,252960.37143834485,3013,193936701,256481497,1034414,746790,13059004,11503612,20039847,19828526,31755386,38246925,25957297,34841997,18836751,23517921,14892062,24358851,68361940,103436875
372,000948,2018-01-11,0.04237288135593231,0.03672316384180796,0.3816844972032846,13206.0,87556.39600786955,774,15308949,18871553,593996,510323,2648303,3382658,3509374,2438733,3197566,5553236,1772652,1459991,1025046,1689165,437304,926442,2124708,2911005
373,000949,2018-01-11,0.009195402298850519,0.0022988505747127963,0.2013698094146079,4380.0,35343.81967488306,466,4971011,3451996,576271,414630,1117367,1264797,1859083,1064924,576974,707645,420980,0,0,0,420336,0,0,0
374,000951,2018-01-11,-0.00460299194476399,-0.0005753739930953738,0.4694205728291336,10428.0,72908.06353410089,1371,21113460,23458072,992774,1586169,5211601,6218058,4633739,3865394,4815373,4381221,1589496,1518079,1309600,989573,970131,911158,1590746,3988420
375,000952,2018-01-11,-0.00540175557056044,-0.00202565833896029,0.6210390086442923,14700.0,101604.90039205621,568,15126682,7251710,485473,525406,2361215,2716024,1967848,1456457,2906876,922202,1869434,276012,1022663,0,849675,0,3663498,1355609
376,000953,2018-01-11,-0.020330368487928907,-0.008894536213468918,0.2978154384056466,9378.0,47390.15266787183,698,10437639,7189165,678941,768304,3121268,2582074,2279063,1487002,1817319,1751533,995209,294105,1037750,306147,0,0,508089,0
377,000955,2018-01-11,0.00746268656716409,0.0029850746268655914,0.3819361963639006,11543.0,113972.71787022536,307,4444921,9050900,216399,216525,1019215,1216477,814909,787657,500217,1792601,221052,1530560,343129,1950614,0,0,1330000,1556466
378,000957,2018-01-11,0.008000000000000007,0.007111111111111068,0.2726541668793842,15848.0,76655.9253726684,1703,38171466,31123537,1274404,1024511,9155001,7354833,7667582,5131043,9565328,6904747,3771788,4748264,1761224,2399352,2190331,450595,2785808,3110192
379,000958,2018-01-11,0.00746268656716409,0.00746268656716409,0.13920980372120612,9720.0,67616.10786833845,1485,20632763,20007918,1265867,1536398,5982649,6262681,3307403,4233162,2154522,3452192,2560884,2696795,1354324,971968,440104,854722,3567010,0
380,000959,2018-01-11,-0.011627906976744096,-0.011627906976744096,0.1319165613482742,2975.0,66283.1260723535,2086,16456694,16384751,1073473,3080612,2756707,6256247,1906010,2674954,2658620,1941844,1861841,930000,1311526,0,0,0,4888517,1501094
381,000960,2018-01-11,-0.0007451564828613311,-0.0014903129657227732,0.3083340421008929,22831.0,199810.87412546275,1896,81365808,71499219,1152000,1193429,8254351,8771946,8125371,7980882,13331164,11978953,9920584,9707700,7646936,5613198,6797232,3534637,26138170,22718474
382,000961,2018-01-11,-0.02309782608695654,-0.025815217391304435,0.13683095056560646,35900.0,206097.70791844078,2901,160288022,133385415,1387844,1679076,12415021,13753454,15726323,15951083,24198581,30218598,18136339,14929387,13644965,14394259,11910089,8948077,62868860,33511481
383,000962,2018-01-11,0.021531100478468845,0.019138755980861344,0.2952989455908026,10236.0,59195.95957664473,801,9907954,14031273,832431,1022798,3001238,3537039,2522561,2329634,1920837,3545964,413204,1789326,646448,939542,0,0,571235,866970
384,000963,2018-01-11,-0.0038381018841591175,-0.005582693649685999,1.2629103847370848,17244.0,145628.7358613838,2061,82759087,50954166,1013207,1899801,11290631,8633311,8686486,6641549,12701722,7452708,19382964,8760338,9872026,4642241,2154993,2261508,17657058,10662710
385,000965,2018-01-11,0.0,-0.001686340640809414,0.18417530758742473,11248.0,64352.87814946992,1037,15865922,13438887,992257,727436,3297891,5598439,2370264,2199515,3179127,3067459,2410109,235600,752000,770868,402582,0,2461692,839570
386,000966,2018-01-11,0.010230179028132946,0.002557544757033181,0.22927781983491574,7800.0,31924.942811052202,290,2480247,2615290,437082,222569,1332591,1092193,362359,400516,106743,595032,241472,0,0,304980,0,0,0,0
387,000967,2018-01-11,0.005364806866952732,0.007510729613734002,0.28502903710948757,11160.0,49665.91924726152,1069,12100420,11498189,1056429,753170,4014061,7082743,2114600,1422036,906799,990891,1235705,776850,0,0,928498,472499,1844328,0
388,000968,2018-01-11,0.0012674271229404788,-0.008238276299112779,0.4514498125400402,15680.0,70472.08101477684,1222,27916207,18910118,1167614,1092141,6590710,4692578,5732217,4609359,5089346,6447288,3854615,759134,2416981,377647,1409077,403860,1655647,528111
389,000969,2018-01-11,-0.0011098779134295356,-0.007769145394006638,0.2668810951133504,10740.0,70779.07291065659,1140,22801298,14806243,1230517,1371917,4517291,4498293,5386010,3514588,4241768,2614874,2125704,1462701,953126,383130,1283201,407700,3063681,553040
390,000970,2018-01-11,0.004166666666666652,0.003472222222222099,0.2966132034811869,28900.0,158723.31170252175,2359,97955530,83499862,866121,1197784,15198642,10860721,13723607,10729346,17647398,15792363,8861219,10984382,8072969,6401518,4916981,2642463,28668593,24891285
391,000971,2018-01-11,0.12743732590529255,0.09749303621169925,0.2906318748305509,32890.0,216132.3881101069,2448,103541257,123733833,1208659,1294527,12846608,10430676,15269323,11062436,22615106,18266377,13652499,12499033,8715795,12258753,5393725,6475712,23839542,51446319
392,000972,2018-01-11,0.0024154589371983004,0.0024154589371983004,0.23638907581411847,9130.0,63573.81331067571,306,5806128,3705661,270420,311962,1478641,675062,929605,436893,1792996,1002714,500798,415000,394415,0,439253,864030,0,0
393,000973,2018-01-11,0.006611570247933907,0.006611570247933907,0.20290295103624065,9000.0,53435.99979609054,889,11205456,11694959,775419,878244,2890867,3607215,2181533,3110861,2731330,1529227,1228865,906951,346752,1023461,455700,0,594990,639000
394,000975,2018-01-11,0.015748031496062964,0.009305654974946176,0.38546706002048325,15521.0,179355.43267877048,1314,52316491,47772622,857136,1339573,3584094,4959595,2724519,4265995,19963731,13592876,4016198,5635631,2691325,2099123,1279976,904476,17199512,14975353
395,000976,2018-01-11,0.003663003663003872,0.0012210012210012167,0.3477364353149784,8135.0,46472.83106813221,554,6972431,5446394,566459,316129,2271985,1765791,1845198,1271799,1053818,1261518,504233,244582,320739,0,409999,0,0,586575
396,000977,2018-01-11,0.017094017094017033,0.013888888888889062,0.3370073058765953,66312.0,293340.2549555584,3087,228362295,256809213,990509,1108400,10258726,13601242,17197306,22214951,34517607,42567274,21302189,31478234,18232423,27473188,17255639,16806477,108607896,101559447
397,000978,2018-01-11,0.007246376811594235,0.0036231884057973396,0.49934216008590365,8310.0,36634.379484667814,274,3096662,2976528,346508,295126,1151323,1244338,702632,753505,896199,357381,0,0,0,326178,0,0,0,0
398,000980,2018-01-11,0.009189640768588081,0.010025062656641603,0.2886471235707127,13161.5,83380.13385328982,1720,37383134,31819495,1168467,1781901,7787384,8240526,7081079,5810501,7342600,5011171,4692647,3472458,2326358,2745762,448875,1363530,6535724,3393646
399,000981,2018-01-11,-0.005643340857787726,-0.005643340857787726,0.36367204620955906,8770.0,37613.279734722055,593,7123853,3262701,532286,735116,2532891,1526716,1620989,783734,593929,217135,670893,0,706833,0,466032,0,0,0
400,000982,2018-01-11,0.009302325581395321,0.018604651162790642,0.09441804204381717,13547.0,341144.59307799954,2086,71598047,101606862,1290527,1854334,6371324,9388858,5435595,8362970,9275540,12625812,7722702,7614395,3792705,6874031,4080999,6187138,33628655,48699324
401,000983,2018-01-11,-0.01789077212806023,-0.0197740112994349,0.19073955469811366,32070.0,278375.54201428255,3105,194126287,162181877,1319645,1622848,13985972,13478524,15773818,13932919,23141802,25370567,19917165,16544440,17033792,12520578,11900514,11795209,91053579,66916792
402,000985,2018-01-11,0.013847675568743778,0.014342235410484738,0.9880362527059665,12198.0,76407.71141000827,418,5644297,6356038,331571,348913,2102993,1886337,1478442,917644,1253471,605223,477820,621162,0,0,0,0,0,1976759
403,000988,2018-01-11,0.010606953447259926,0.018267530936947773,0.3574816561404119,23954.0,183893.24096009642,2254,90953055,84083513,1324366,1104726,11014589,11329934,9645133,11657047,16574093,17042097,10106427,8764305,7378388,5011456,3973887,4430367,30936172,24743581
404,000989,2018-01-11,0.01871216290588884,0.013758943313153527,0.8732972740470595,16429.5,82949.97373758433,432,9339436,7175824,508210,361489,1788084,1848010,1962649,1355609,1698124,2003180,1072524,910904,1041470,696632,0,0,1268375,0
