,code,date,pchange_whole,pchange,change_std,amount_median,amount_std,length,sumsell,sumbuy,sell_vol_0,buy_vol_0,sell_vol_1,buy_vol_1,sell_vol_2,buy_vol_2,sell_vol_3,buy_vol_3,sell_vol_4,buy_vol_4,sell_vol_5,buy_vol_5,sell_vol_6,buy_vol_6,sell_vol_7,buy_vol_7
0,000001,2017-12-13,0.010000000000000009,0.007692307692307665,0.17574841511147676,99330.0,973898.3428238471,5477,926026194,1012189505,857590,1218566,15414560,20110031,32978318,38913346,51052717,63244858,45907390,52987257,52345371,53015278,52058167,52886159,675412081,729814010
1,000002,2017-12-13,0.012512681772066214,0.006425431180250296,0.3810794881694765,89220.0,369478.8177770673,6023,645165344,539591018,1929479,1323102,22758209,18006889,48176035,32245324,104076489,60275820,78029793,60312228,60554806,59560936,49889461,38004180,279751072,269862539
2,000004,2017-12-13,0.009670329670329547,0.016703296703296733,0.6020320816632221,11420.0,53734.62282922657,1429,19213671,14977943,1879960,1180347,6346876,5821030,4238305,2895291,3371549,2052248,1119713,1254739,0,338180,821160,0,1436108,1436108
3,000005,2017-12-13,-0.009456264775413725,-0.009456264775413725,0.15056736350874933,4180.0,55606.59030649203,789,8930141,4969642,1164786,480858,2364270,1514015,1126790,615175,1178758,225712,1251615,1125882,0,0,0,0,1843922,1008000
4,000008,2017-12-13,-0.009546539379474916,-0.009546539379474916,0.1962927115210824,4980.0,97348.79774028505,1824,28921639,28731665,1794615,2173972,4221537,4611440,3422951,3590649,4714305,3629697,1695505,3472675,659240,1767932,4224659,4560643,8188827,4924657
5,000009,2017-12-13,0.0013513513513512265,0.0,0.14579828917375673,12529.0,99591.37935026664,2579,44090842,49982197,1725104,3172614,9935314,12152461,7192771,9768794,10426238,10401490,2584698,1587734,7196053,2758933,0,1270431,5030664,8869740
6,000010,2017-12-13,0.029126213592232997,0.03495145631067964,0.0918364571902981,10620.0,84959.7654648873,3156,51916924,68894278,2245620,2645126,9186736,12419605,9032202,13056059,11029761,16839091,6735681,8524002,4894117,5185897,3556836,4056344,5235971,6168154
7,000011,2017-12-13,0.0005854800936768711,0.0,0.3951954694503059,16960.0,58538.54335385381,1868,41065711,23642469,1440509,1427507,9535712,9037126,9054548,6512237,9970235,3062193,5870354,3202027,954074,0,2689855,401379,1550424,0
8,000012,2017-12-13,0.005694760820045719,0.001138952164009055,0.15198464214479923,20378.0,116022.39331441998,3340,100606432,91428375,2628874,2839449,15539530,15905601,17511378,15024197,19589668,16461516,14124863,14215601,7270331,6156401,7621318,6067679,16320470,14757931
9,000014,2017-12-13,0.009098428453267138,0.010752688172043001,0.45802776810170165,6125.0,118477.34643296992,696,8977997,8465360,475825,953313,1979384,2655296,1659146,1312538,1669580,838151,717548,229548,354530,354530,0,0,2121984,2121984
10,000016,2017-12-13,-0.012965964343598091,-0.017828200972447417,0.13227392280166306,12789.0,92242.21619114629,2178,60055211,37266678,1900987,1682187,8101829,8076807,10037435,7735469,16850883,6989558,5506090,3289663,6514425,5134295,2164806,3266833,8978756,1091866
11,000017,2017-12-13,-0.0015015015015015232,-0.007507507507507505,0.3109490417319728,6580.0,28757.232938705925,458,2812532,3695754,460392,716275,1177431,1437411,741749,710108,124080,523080,0,0,308880,308880,0,0,0,0
12,000018,2017-12-13,0.002941176470588225,-0.004411764705882337,0.1599483979715212,11492.0,65805.7779101813,1808,28808438,26810938,1268833,1975511,8258756,10000938,4357642,3858420,5027202,4980077,3863441,2873268,0,705892,487302,487302,5545262,1929530
13,000020,2017-12-13,0.012599469496021198,0.024535809018567667,0.36614190291374366,13887.0,62876.43968108157,1697,26592576,23797099,1724333,1490897,8654899,7708038,5555261,4169494,4635429,3564048,1230038,1698518,2415046,2842408,452530,2323696,1925040,0
14,000021,2017-12-13,0.03436807095343686,0.019955654101995624,0.16202733015494078,13740.0,78981.46910400056,3101,54746253,77700662,2575720,2940378,11021210,15444097,10987985,13380184,13100773,18221632,7533534,9898232,2339313,3170177,4486393,8774521,2701325,5871441
15,000023,2017-12-13,0.0004403346543371267,0.0004403346543371267,1.369612423510203,9072.0,65614.27272477164,274,4408439,1498704,310388,322310,1505276,789841,412746,154824,504009,231729,0,0,318220,0,0,0,1357800,0
16,000025,2017-12-13,-0.002747939045715686,-0.005495878091431372,0.8171596836774856,15928.0,60137.00495669839,2401,43359622,39957913,1984255,2464792,11524470,12607934,10080533,9418704,8677504,7920706,5331077,3583230,2192103,1376887,907710,1222570,2661970,1363090
17,000026,2017-12-13,0.00943396226415083,0.006603773584905603,0.32295408563015254,5285.0,40899.49948405986,1077,9716624,8858902,1405188,697038,3081825,2865281,1227641,852065,1670650,2341384,965326,1409392,1365994,693742,0,0,0,0
18,000027,2017-12-13,0.0016556291390728006,0.0,0.16594444789266333,3010.0,101328.59238156566,1325,19173643,15451522,1144330,1196046,2707107,3133860,1699083,1999347,2801616,1458438,1844600,1179754,311474,915474,1768768,876040,6896665,4692563
19,000028,2017-12-13,0.00035385704175516786,-0.0037154989384289294,1.2278754146800133,16965.0,154374.61867490524,2120,101707275,54350219,1662551,1630136,6657280,7849992,11855328,5525945,10168434,8643847,33457012,7425535,6656120,3137668,9398698,2752147,21851852,17384949
20,000030,2017-12-13,0.0037688442211054607,0.002512562814070307,0.20692107893405048,3184.0,18166.394791153845,1480,7446500,5275313,1696610,1484876,3995290,2067625,1137782,768746,616818,133266,0,820800,0,0,0,0,0,0
21,000032,2017-12-13,0.0008438818565401629,0.0025316455696202667,0.3501000961238439,11860.0,70629.22286245898,1145,18968095,12494493,1130344,1028322,4794092,5341406,2860745,1917292,3554690,2598059,1351252,0,1026214,312156,829500,0,3421258,1297258
22,000036,2017-12-13,0.005714285714285783,0.0034285714285713365,0.17536273495922136,7857.0,60001.69097329415,2491,35531950,25960169,2230442,2617651,11575823,7218910,5557305,5211619,5039453,5406047,3345128,1813324,1980170,1046184,2634781,1319250,3168848,1327184
23,000037,2017-12-13,0.0038461538461538325,-0.0012820512820512775,0.4402258391019064,7780.0,42929.491531236476,313,3738369,2118871,339854,362912,1131571,1019419,1168552,568148,168392,168392,0,0,0,0,930000,0,0,0
24,000038,2017-12-13,0.0183486238532109,0.010484927916120546,0.4219696869581815,18488.0,71345.79308229775,2945,67176588,52476178,2398878,2252323,16552564,14715634,13760058,11017405,14499480,10524945,8566863,7799995,4584731,2094514,1882820,460600,4931194,3610762
25,000039,2017-12-13,0.030348258706467623,0.020895522388059584,0.2840389801487083,26598.0,246714.51173975097,5011,241133138,229698222,3055019,2093158,25711625,20282785,26507242,24777626,33805292,32287927,26926149,27208839,15116025,13169244,12586889,19162083,97424897,90716560
26,000040,2017-12-13,0.012451361867704236,0.014007782101167265,0.4204223451766681,12920.0,36647.3719054197,934,9066699,10907607,524251,1004659,3572918,4663947,2050540,2412775,1692188,1547450,1226802,1278776,0,0,0,0,0,0
27,000042,2017-12-13,0.03430420711974125,0.029126213592232997,0.6903703064298173,6360.0,34473.62687404578,500,1707725,7710763,264173,1142540,713017,2599440,250395,1817983,235220,1111780,244920,1039020,0,0,0,0,0,0
28,000043,2017-12-13,-0.00591715976331364,-0.004930966469428033,0.41930219890869175,12120.0,103828.00149227829,584,12412097,14485529,231041,730163,1762831,2934750,1002299,2162269,2065437,2544834,3595665,2912107,733824,353808,0,0,3021000,2847598
29,000045,2017-12-13,0.00871248789932233,0.0038722168441431837,0.3041588474352102,11318.0,49782.74082053324,1153,16637950,15894952,899991,1053499,5512418,5423015,4084399,3009939,3376883,2663878,1117927,1518305,319300,938500,1327032,1287816,0,0
30,000046,2017-12-13,-0.002645502645502562,-0.001322751322751281,0.31423295900035725,5271.0,94851.91390536661,578,6994216,5444409,584551,1079066,943947,1525157,457618,867518,493853,612812,535968,246231,784252,0,0,0,3194027,1113625
31,000048,2017-12-13,0.012488849241748312,0.000446030330062408,1.233681285516337,11320.0,83643.34522824312,330,5143815,7236653,218528,203460,807439,928608,687651,1458698,1272986,260036,1124884,772436,1032327,1573827,0,814500,0,1225088
32,000049,2017-12-13,-0.006281991624011107,-0.010237319683573665,0.8954007581904384,17084.0,101176.63944319444,2304,63456272,42477723,1808827,2563768,9376106,12701797,12676360,9028529,11258381,8713538,7291387,4409125,2509421,1135035,1691802,1262402,16843988,2663529
33,000050,2017-12-13,0.01382488479262678,0.010599078341013923,0.3292129275361313,30561.0,196177.7585484589,4347,202028037,179955273,2160142,1844719,20441555,24873894,20122518,20905742,34750617,30373282,24728377,24926443,15382111,12603956,17730582,14169093,66712135,50258144
34,000055,2017-12-13,0.00797448165869219,-0.0015948963317383713,0.16873217180134986,9315.0,52878.58252215071,1381,20450626,13576570,1555720,1404701,5520330,4580614,5072165,3649835,4165937,2121116,743816,1447064,1612240,373240,0,0,1780418,0
35,000058,2017-12-13,0.0,0.0,0.17613493466779573,10725.0,57170.80912855444,2211,29404194,35375779,1905011,3370919,7748517,11649960,7003592,7739223,5413408,7102746,2195717,2473506,2467536,388440,409031,409031,2261382,2241954
36,000059,2017-12-13,0.0010330578512396382,-0.0030991735537189147,0.20231394509808795,10670.0,140170.29949420333,2290,67707574,47386365,2076763,2509090,9284298,9098212,6745752,5505406,9982967,8226705,7838016,5477217,3425605,3237014,5931200,2176953,22422973,11155768
37,000060,2017-12-13,0.0067502410800386325,0.002892960462873795,0.1592295736955183,16608.0,88632.75306693604,4246,89627319,54480417,3777094,2355137,30243121,12153401,10011283,8920563,12767337,7432749,8953433,7451959,6005580,2959118,4022634,3244258,13846837,9963232
38,000061,2017-12-13,0.00536193029490617,0.004021447721179738,0.24848628467493433,3735.0,109613.3414770671,901,15215240,5381794,935244,766755,2456822,1902948,1771810,1369905,724126,299868,859028,294318,1231500,748000,0,0,7236710,0
39,000062,2017-12-13,-0.0016467682173734177,-0.0045286125977768155,0.5665140394236508,16856.0,60315.05134336898,1839,35223677,30111202,1329990,2133729,7795782,10794110,9123125,5197513,6346065,4786057,5183147,4918565,2341471,1387325,1868303,893903,1235794,0
40,000063,2017-12-13,0.03420195439739415,0.02985884907708991,0.44706519031806163,400892.0,1438559.1676284706,6794,2554344913,2880633545,147331,208320,6557858,8238500,19899254,21016890,63451065,69311918,86329577,90424905,95881830,89962357,105143385,107208701,2176934613,2494261954
41,000065,2017-12-13,-0.00842418235877096,-0.007928642220019877,0.47169545571719296,9990.0,53511.0438060451,1830,29711108,18767532,3047324,1673910,8441424,6454343,6572841,3501220,4929285,3514360,938644,631282,2414992,647201,1301193,1301193,2065405,1044023
42,000066,2017-12-13,0.004322766570605152,0.004322766570605152,0.13051912333550458,12555.0,114956.80524284822,2830,76227612,67830741,1931845,2848902,10665618,12377569,7672743,10096336,12256883,9944068,11991645,9021040,7555837,3844265,8177379,7199118,15975662,12499443
43,000068,2017-12-13,0.009469696969697017,0.007575757575757569,0.17784903075015093,1060.0,28959.4301270815,881,6414922,4674607,524910,548086,2199169,1690392,1778474,1379368,1326478,470870,228528,228528,357363,357363,0,0,0,0
44,000069,2017-12-13,0.002328288707799775,-0.002328288707799664,0.12068802296136419,7695.0,150264.90345783858,5080,125375038,71330589,8795736,4015358,19167407,13078613,15365223,10725161,10726610,10601139,8232733,7595886,8291114,7760307,12598426,6108117,42197789,11446008
45,000070,2017-12-13,0.0020263424518744966,0.0,0.2321129525701054,7904.0,52226.92833274697,1809,20993476,16010354,2482600,2322965,6548637,5483442,3620630,2673765,2913583,3461520,1731754,245250,788000,0,925900,915120,1982372,908292
46,000078,2017-12-13,0.0032414910858995505,0.006482982171799101,0.10515582779646376,12380.0,108875.23742328495,3448,60556471,80671865,2935052,3306887,11750969,17813856,8853992,16382391,10024069,15503467,3684050,6054874,3143550,4367940,933869,5970949,19230920,11271501
47,000088,2017-12-13,0.005249343832020914,0.0,0.23538703518700793,9945.0,162759.85265717292,1048,28881038,15005718,1036232,1216857,4019428,3881807,3398559,2937677,3542547,2333160,3633123,1581258,0,0,2655823,874305,10595326,2180654
48,000089,2017-12-13,0.003512880562061005,0.005854800936768267,0.2307759970112528,8550.0,66468.34603453128,1369,18071660,23827417,875798,1875154,3523626,5183935,3449555,3413271,6179036,5591893,2664675,2609445,1378970,1359617,0,0,0,3794102
49,000090,2017-12-13,0.0,0.0,0.21299668092966823,8132.0,81969.13317478764,2272,31051755,28820937,2170342,2606810,9210838,8423751,5214672,5399635,5959549,5037337,2377149,2649853,1289410,683410,831862,0,3997933,4020141
50,000096,2017-12-13,0.02194586686174116,0.02048280907095834,0.5526706498411553,6940.0,44972.97419570352,611,5282056,7403588,592601,640672,1723194,1913770,1320310,1057656,901270,1601312,422667,1038964,322014,322014,0,829200,0,0
51,000099,2017-12-13,0.00330760749724357,-0.0011025358324144863,0.2017193563110948,12655.0,56125.44427619541,2025,26649948,16099876,1201397,1960143,15149763,6134374,3535208,3354019,2573548,2118180,640976,1725864,0,0,0,0,3549056,807296
52,000100,2017-12-13,0.009803921568627416,0.009803921568627416,0.05834076931901897,13152.0,242434.5491467531,4925,163927240,223978730,2688425,5862534,17404648,22605709,14616785,18313900,16478652,20474349,16877516,19605932,11898824,13522971,9698788,14486633,74263602,109106702
53,000150,2017-12-13,-0.008300252616384007,-0.0021652832912306685,0.9432707394503601,11024.0,72073.80405646478,863,16213483,10178506,876677,597339,4123580,2607836,2339959,2482370,4574795,2177087,1820626,822688,350720,0,0,487260,2127126,1003926
54,000151,2017-12-13,0.030976965845909588,0.03335980937251781,0.26242630586080784,13110.0,59585.27376970901,2303,33048395,44239185,1468324,1908675,9856650,12112064,7347354,11243933,7220486,8254541,3293210,4598613,1405251,3514862,0,0,2457120,2606497
55,000153,2017-12-13,0.029299363057324834,0.02292993630573248,0.241426435957154,4005.0,35214.26580036477,1058,6272963,7407363,902045,1772535,1555047,1860956,1795493,1020708,1286556,472740,0,932522,331552,945632,402270,402270,0,0
56,000156,2017-12-13,-0.0023696682464454666,-0.003159557661927437,0.262073142819197,6340.0,71435.0066724097,2334,38826179,28313213,2547010,2496952,6575234,7032943,7011721,4802790,7826193,6788274,5178061,2012947,3754620,1000612,431365,0,5501975,4178695
57,000157,2017-12-13,0.004716981132075304,0.002358490566037652,0.07626913970347629,5499.0,106310.41074862177,3102,41166049,55577112,2510961,2657496,7192263,9637816,6194010,6130884,14050563,5595009,1998584,5011714,691994,3955322,2950693,6309962,5576981,16278909
58,000158,2017-12-13,0.0,-0.0023255813953487747,0.17870790370561768,9815.0,48989.8545715368,2318,32035510,23072177,2354166,2277457,11757726,8354077,6021945,6272239,3294368,2640250,4870681,1828196,1123348,1699958,891276,0,1722000,0
59,000159,2017-12-13,-0.02930402930402931,-0.036363636363636376,0.005979110191835183,11020.0,50453.1597598005,793,8876107,15390757,740255,473735,2657927,4331895,2398653,2990307,1777379,3397847,998843,2893495,303050,1303478,0,0,0,0
60,000166,2017-12-13,0.0,0.0,0.09345149295473931,7602.0,122055.52395298262,3372,69427871,51727777,3641693,2785874,10990596,11677011,10855371,4948521,11702688,6207671,6397665,3105564,1058612,1752104,6337026,1685080,18444220,19565952
61,000301,2017-12-13,-0.012891344383056946,-0.012891344383056946,0.10200573988162301,10760.0,81938.9193893974,2839,57643283,41716128,2715592,2335546,13225817,11274300,11367960,7801592,12336273,5396391,7206928,2991847,3188019,2100659,4700797,3658442,2901897,6157351
62,000333,2017-12-13,0.030598836117889938,0.029847944434015394,0.6508779407301793,191340.0,578966.6592492821,6701,1003284906,1249746340,377402,221302,15085690,11639281,30626648,35410383,92479318,104725033,98602166,128287959,110505744,112081774,76410892,95349520,579197046,762031088
63,000338,2017-12-13,0.007884362680683266,0.0026281208935610145,0.09779845640725648,21982.0,211144.4797177241,6071,203131163,235921168,2784341,3455917,33617470,32835496,25157232,32934852,29407433,34411766,20770651,19666461,15533879,13658736,11061207,11857547,64798950,87100393
64,000400,2017-12-13,0.008759124087591275,0.0036496350364965124,0.33772938249257983,6850.0,103946.80893679945,1645,30923395,17807451,1572322,1833121,4988956,6378843,2964854,2551046,4314970,3845000,4332593,1022733,661628,636144,0,0,12088072,1540564
65,000402,2017-12-13,-0.005400540054005254,-0.004500450045004434,0.19662692700654477,8832.0,111337.61989376534,3194,81125539,55909706,1779436,3743436,8571249,10061287,13973773,8105835,15284856,5874693,16232926,7593168,3665842,2698630,5839833,2193035,15777624,15639622
66,000404,2017-12-13,0.004566210045662045,0.0015220700152207556,0.2428776721100969,13160.0,48474.41078396149,731,11979712,9699529,522721,689356,3210842,2965518,4263383,3351365,2506318,1139582,925126,1002386,0,0,0,0,551322,551322
67,000407,2017-12-13,0.008086253369272267,0.014824797843665749,0.2867240494888356,15120.0,74827.72114700291,669,14291876,13681236,518116,596005,2936241,3703357,2043298,2440439,4075584,2850698,2633522,1891484,1271575,1385713,0,0,813540,813540
68,000408,2017-12-13,0.0011507479861909697,0.0011507479861909697,0.41735684332896134,17380.0,94734.58074753603,1734,44430583,33162198,1489696,1117552,8217949,7867415,7688870,7515320,8915977,5615152,4154511,4118361,3405947,1947533,2325849,2336653,8231784,2644212
69,000409,2017-12-13,0.00337268128161905,0.01018675721561979,0.006963453502758602,8842.5,53426.86236659133,674,11044050,6649944,379133,987700,2148155,2719332,2622859,1253176,2849049,647969,951718,651566,1017212,390201,410546,0,665378,0
70,000410,2017-12-13,0.01297297297297284,0.01189189189189177,0.1972444001446676,13146.0,77881.96382015989,2200,40543346,43054316,2122116,2256500,9247989,10355953,7389454,8049594,9753869,9809545,4330126,3790508,992320,939514,3015782,1703092,3691690,6149610
71,000413,2017-12-13,-0.004094165813715356,0.0010235414534287557,0.1304919391983073,40139.0,409594.9402754752,5612,321915622,469488015,2667173,4278246,22941589,29355528,30881137,32437911,45342288,53360904,34609818,33652726,26563089,30351993,22989586,17914129,135920942,268136578
72,000415,2017-12-13,0.02473498233215543,0.021201413427561766,0.0864022184951979,12012.0,126181.6744571579,4304,92144282,127754154,3332963,3369574,13491005,19256503,14632063,16221128,17421340,21304597,10503287,12005930,7575974,11639019,3639586,5441567,21548064,38515836
73,000416,2017-12-13,-0.010695187165775444,0.0013368983957218195,0.2229884972841274,7490.0,89824.6649944886,1126,20856620,12465483,854218,1306144,4004384,4380418,3120920,1464788,2144309,1613198,1184980,746980,3947139,1052365,425590,425590,5175080,1476000
74,000417,2017-12-13,0.006337135614702172,0.005069708491761693,0.22111390683697024,3950.0,42413.18278155846,1273,10362531,10253659,1550693,1222993,3057146,4090917,2634138,1208809,1419262,744258,551600,769190,635128,794000,0,908928,514564,514564
75,000418,2017-12-13,0.06112749918059657,0.04670599803343167,1.0579465979231617,36606.0,197488.65027088317,3335,135815434,151347744,1310153,1751009,13140277,15836940,28239057,17799847,21678486,23309028,15122379,16200254,15630705,30835343,3886229,10425914,36808148,35189409
76,000419,2017-12-13,0.005102040816326481,0.005102040816326481,0.29629271866439655,19040.0,89994.8202449215,393,7045176,11373809,153847,222124,1405374,2270231,1819640,1696459,2790657,2095065,0,1091850,0,0,875658,424080,0,3574000
77,000420,2017-12-13,-0.012461059190031154,-0.015576323987538832,0.056852412293605374,7862.5,81465.93685935184,3208,55390137,44944930,3279114,3028978,11977903,10623356,8884116,6070224,8202739,6898843,5589844,5867784,5943675,3975009,3862247,1322473,7650499,7158263
78,000421,2017-12-13,0.011570247933884392,0.008264462809917328,0.20307348014340829,3666.0,30121.51630285552,887,3721905,7431542,322712,1692332,1418893,1781657,768224,1825139,938512,1244184,273564,273564,0,614666,0,0,0,0
79,000422,2017-12-13,0.007211538461538547,0.009615384615384581,0.15256381588156606,9152.0,92365.19435051712,743,10718088,11855339,569730,557867,2984909,2909285,1683844,1393747,1330237,2694631,1786769,1937210,363323,363323,0,0,1999276,1999276
80,000423,2017-12-13,0.009305417082087208,0.011133266866068414,0.9829070343179801,24316.0,149096.62626301494,3748,117862440,131955623,2280425,2399790,19521509,21137546,19004747,22281140,19756429,24053162,10018172,11813229,6371320,10174894,7144155,6615977,33765683,33479885
81,000425,2017-12-13,-0.010282776349614386,-0.01285347043701801,0.051249932873803035,20246.0,686069.7665113654,5809,306727353,454600113,3745371,4291184,16004275,28837260,15426872,32009953,24631523,45436183,17476385,31071856,19383263,23730831,17001155,27083430,193058509,262139416
82,000426,2017-12-13,0.00924024640657084,0.010266940451745254,0.15115450474159728,11556.0,99452.42668884077,4159,93326276,87840065,3275606,3684048,17282277,15558690,18818821,16055862,15010778,17495234,10394526,12107935,7341269,3070319,5981516,3318410,15221483,16549567
83,000428,2017-12-13,0.0,0.0,0.19568174716683662,7771.0,62855.88992628847,434,7247527,4385476,253037,447864,1548610,1807239,862814,1174080,1297753,638019,243599,0,318274,318274,1630000,0,1093440,0
84,000429,2017-12-13,0.0012870012870014325,0.0012870012870014325,0.23252575956551388,17182.0,59358.97221754164,1117,20765597,17558178,712941,515678,6191090,7269960,3546544,4477128,6948689,1245240,1213676,688739,318891,1882891,1833766,0,0,1478542
85,000430,2017-12-13,0.0023612750885477762,0.001180637544273777,0.33008544918804145,2541.0,29673.146260661513,658,3108766,3822948,1048009,419896,578245,1645186,262672,737932,804040,604134,0,0,0,0,415800,415800,0,0
86,000488,2017-12-13,0.005451241671714069,0.0048455481526346045,0.27239867141833896,23296.0,196740.20965968448,3675,131620123,142495627,2518909,2905482,17339470,18806662,17488945,16712093,24584542,27554007,12625428,11728622,12775090,18140333,12471173,12650081,31816566,33998347
87,000501,2017-12-13,0.0,-0.0068749999999999645,0.30824369976518856,7995.0,47004.02268830442,2695,35344142,31534739,4045117,2144765,8717180,11733421,8049261,7259605,8859479,6996037,2910957,1765335,633600,315988,808960,0,1319588,1319588
88,000502,2017-12-13,-0.027027027027026973,-0.02413127413127414,0.27469382122498026,16096.0,37377.94837091096,1422,24133284,17237682,672578,1243823,7566475,6726156,7943124,4685145,6922491,3490230,1028616,1092328,0,0,0,0,0,0
89,000503,2017-12-13,0.08191489361702131,0.07287234042553203,0.5058012822846636,88254.5,681159.208655781,5534,692026499,870427927,1832432,1752282,19061055,17675886,22478390,32029842,44153814,61836216,43909494,63809463,55731964,56133479,45807927,49554177,459051423,587636582
90,000504,2017-12-13,0.028135431568907965,0.028135431568907965,0.7335269239323646,32339.0,1031355.7145972102,817,168396675,51406868,897280,23443,6607199,0,6966558,122960,10840002,683930,9873506,1789604,5886466,345546,8296284,932604,119029380,47508781
91,000505,2017-12-13,0.009029345372460584,0.0056242969628794715,0.015207263052279254,13335.0,41844.47096707042,291,4445316,3330932,273939,315069,1393055,1410842,1363338,870415,714145,734606,265856,0,0,0,434983,0,0,0
92,000506,2017-12-13,0.002621231979030192,0.006553079947575258,0.29392400537470714,3860.0,79144.1887926697,673,12636359,6312029,1138695,403714,2409854,1232240,1420410,1614061,2193501,1857739,2563035,436275,612864,768000,0,0,2298000,0
93,000507,2017-12-13,0.0,-0.0020408163265307477,0.20196047013483695,14655.0,74569.17229327366,2356,48618573,46956154,2451882,2574270,9186763,11797365,10804495,8778634,9205620,8647727,6419781,6569806,2383216,3190688,5921602,1753082,2245214,3644582
94,000510,2017-12-13,0.0012755102040815647,0.005102040816326481,0.2824405647673068,7900.0,140009.9723893943,770,14015748,19053157,760268,801341,3343426,2426476,1946487,1275445,1866179,1038131,976668,572640,750720,4559380,0,2865944,4372000,5513800
95,000513,2017-12-13,0.0039215686274511885,0.003340595497458354,0.9282286551195971,47844.0,170856.58732596587,5507,262178404,271671755,2610885,2657969,22747040,30741626,25347119,39562881,51647047,58346561,49597608,34772444,40671864,27661203,16042259,17848987,53514582,60080084
96,000514,2017-12-13,0.0015698587127157548,0.0,0.21578818076641662,5751.0,29043.781584581724,871,6572420,7321251,884501,967274,2022769,3835184,1226143,1656340,2230054,193980,208953,668473,0,0,0,0,0,0
97,000516,2017-12-13,0.004464285714285587,0.008928571428571175,0.13979086730152726,9900.0,66956.1456003346,1027,16444255,15046486,749932,1085464,3799054,4657652,2635648,2778657,2318438,2868478,1130326,1233990,2672579,1068247,1788278,1353998,1350000,0
98,000518,2017-12-13,0.037735849056603765,0.02322206095791013,0.1707265896583653,8340.0,82547.01496264558,1629,15681731,27523796,1317888,2022255,5193434,7404815,4916571,4299917,2363971,4378172,924890,2053900,0,781760,448945,448945,516032,6134032
99,000519,2017-12-13,0.041019955654102214,0.0022172949002217113,0.1340228400062962,20585.0,83566.85647499113,4536,110586804,95596887,3720440,3545799,23910578,24682465,21862180,21214451,25614118,20512533,13401272,9461401,5936388,5139394,7192234,4040338,8949594,7000506
100,000520,2017-12-13,0.00992555831265518,0.00992555831265518,0.09606230294392942,2029.0,122183.08555705582,1763,19325388,21884635,1477535,1017006,3148849,4703720,1758236,2625212,2945812,2490183,3305879,2026585,977129,977129,1747148,2448000,3964800,5596800
101,000521,2017-12-13,0.009784735812133016,0.005870841487279677,0.21059790453297147,5632.0,45171.12110797856,588,5638856,5701009,262345,701763,2018241,1755358,1400248,707140,1257276,653562,205600,720600,0,667440,495146,495146,0,0
102,000523,2017-12-13,-0.0035842293906809264,0.002389486260454099,0.35279273993966603,8395.0,42985.84007317362,562,4865845,6778254,609422,545716,2114632,2523291,930279,678645,637268,1120850,265124,759632,309120,309120,0,841000,0,0
103,000524,2017-12-13,-0.003308519437551616,-0.009098428453267138,0.2600716803146694,3600.0,33718.14278186743,2165,17369063,14699271,1105652,3680009,4740700,5257242,4535936,3259128,4400069,1068958,999362,766178,715200,667756,872144,0,0,0
104,000525,2017-12-13,-0.01970692268822638,-0.02577059120768055,0.36451339242388014,19650.0,99434.67261025272,2952,111043572,67045465,1483512,2773282,8876288,11415009,16356571,12944070,40053545,15468996,20914935,8941240,10131238,7805865,3146784,1375938,10080699,6321065
105,000528,2017-12-13,0.008827238335435084,0.006305170239596647,0.16319525707763527,10374.0,102907.80259849393,2363,39694696,39886124,1686473,1851508,10125195,8917227,6642228,6643089,5643042,7021956,2277803,2362651,2587344,2876222,2207036,1655372,8525575,8558099
106,000529,2017-12-13,0.011379800853485111,0.009957325746799306,0.24378320384618446,1418.0,16686.20600382618,831,3565969,3251091,246171,1059151,1895337,1444223,1226781,747717,197680,0,0,0,0,0,0,0,0,0
107,000530,2017-12-13,0.009090909090909038,0.0072727272727273196,0.148058350498305,11100.0,66853.23066318031,1380,17988673,30661340,864515,1451329,3413526,7472017,3522192,5818127,4220485,7474217,2650613,3289061,637074,2599016,488268,896615,2192000,1660958
108,000531,2017-12-13,0.006157635467980427,0.003694581280788256,0.379466847454948,8130.0,32757.07521204535,457,4604838,4034665,403421,487879,1912255,1756629,1437694,970294,531541,499936,0,0,319927,319927,0,0,0,0
109,000532,2017-12-13,0.013786764705882248,0.0018382352941175295,0.3702054314994449,8768.0,32411.15870210634,863,6485676,9001430,783810,1076930,2579512,3611738,1537861,1884704,756783,2036748,436400,0,391310,391310,0,0,0,0
110,000533,2017-12-13,0.05882352941176494,-0.0019607843137254832,0.40044588084122024,11247.5,58683.67962945804,648,10399284,11704450,483916,370345,3922526,2132630,1866989,2590355,1742421,2206739,2383432,2368981,0,1221000,0,814400,0,0
111,000534,2017-12-13,0.0021645021645022577,0.008658008658008809,1.0273982018224008,11152.0,40656.38814559111,181,1622601,1977551,163259,202130,473612,717407,148602,532736,837128,251888,0,273390,0,0,0,0,0,0
112,000536,2017-12-13,0.004301075268817067,0.004301075268817067,0.10331363390917668,4640.0,85048.72411655245,2029,24733006,26014609,3219934,1067291,5415824,4819899,3682523,3083928,3161610,3393827,1147698,2323385,2016242,1290398,3620242,2644000,2468933,7391881
113,000537,2017-12-13,-0.015256588072122046,-0.018030513176144236,0.28592870294681383,15961.0,101118.19246826661,2548,60776268,51444134,1036209,2667353,12243670,14158354,7039148,10093727,14066678,9452640,8087636,3499267,3107680,3257238,3167563,4010333,12027684,4305222
114,000538,2017-12-13,0.014285714285714235,0.005102040816326481,1.53437182950026,49250.0,190494.00358180035,4080,212365279,227272175,3395916,3325013,20112339,17724722,21221518,31001832,41492581,43354861,27437142,30541955,17905589,17510181,14796055,14107974,66004139,69705637
115,000539,2017-12-13,0.002083333333333215,0.002083333333333215,0.14661070716803007,3599.0,42298.95267067126,1072,11061736,3103187,1927959,674915,2578032,1477770,894240,180103,2294504,568910,749465,201489,1395456,0,0,0,1222080,0
116,000541,2017-12-13,0.0065502183406114245,0.007641921397379958,0.19236179100555492,11016.0,73927.33561282877,2268,41569587,35920396,2083883,2519416,9569867,9902332,9231521,6267428,7080633,6376852,5730188,3965227,2505595,2477853,1763560,919998,3604340,3491290
117,000543,2017-12-13,0.003992015968063978,0.0,0.16390388051025678,2510.0,84549.67744116181,934,10094650,8201658,574537,682999,1598105,3155091,1670438,1391068,1488995,256512,785337,236241,0,0,1468034,468034,2509204,2011713
118,000544,2017-12-13,0.01196013289036535,0.012624584717607856,0.5335610190983056,10703.0,44594.47686916553,795,8541240,9087143,452911,1053341,2572799,4178651,1844918,2941293,2496252,650898,262960,262960,0,0,0,0,911400,0
119,000545,2017-12-13,0.010080645161290258,0.008064516129032251,0.13557095634694596,8466.0,60787.75577270514,1339,14797943,18811571,1081354,1659873,4552493,6498550,2141889,2449267,2450300,3241286,1356976,1732656,1771315,1786323,0,0,1443616,1443616
120,000546,2017-12-13,0.004993757802746579,-0.004369538077403257,0.4087938570479668,7972.5,83979.59743031867,1536,23576735,14913507,1412312,2697211,6977623,4346976,4074877,3127417,3364985,2589259,1892274,0,312195,312195,1807440,0,3735029,1840449
121,000548,2017-12-13,0.001607717041800738,0.0,0.2568614015179096,8680.0,38289.53611762349,586,6881836,5453907,470795,684946,1795737,2446589,1685556,1185009,1642446,1137363,554152,0,733150,0,0,0,0,0
122,000550,2017-12-13,0.005504587155963359,0.004281345565749328,0.6102195297056571,9858.0,46282.244457103996,717,8151979,7509338,749418,1096183,2878704,2913044,822678,989345,2392753,1400899,400648,202089,315165,315165,0,0,592613,592613
123,000551,2017-12-13,-0.007518796992481258,-0.008760951188986232,0.00650025869265534,15920.0,70597.27311651534,267,4636205,4051454,167456,302476,1317503,1696363,1098219,921049,521464,787578,246273,0,328347,343988,0,0,956943,0
124,000552,2017-12-13,0.005797101449275477,0.0028985507246375164,0.07391955369034377,1715.0,39829.981160522875,2186,16230957,11453002,1200228,1564015,3874143,2987221,3462217,2119385,3312348,3048406,1096799,481135,1732160,0,421056,1252840,1132006,0
125,000553,2017-12-13,-0.0057729313662604476,-0.006414368184733732,0.28396266628463096,15430.0,80164.47028309543,3016,59822090,56848093,2034019,3022392,13927542,15000947,13113785,10499551,12938251,11069230,6581914,6427578,4515817,4133674,1314609,2165843,5396153,4528878
126,000554,2017-12-13,0.0012674271229404788,0.0,0.25123299190804166,8640.5,56555.92724263292,986,13649950,12247380,968523,1199561,3586650,3999601,3172727,3104540,2726352,1597138,247590,791798,2173700,780334,0,0,774408,774408
127,000558,2017-12-13,0.007905138339920903,0.00988142292490135,0.15959437954088507,7620.0,64741.3319567954,1005,10514370,11662965,790378,884712,4598993,3499837,1777590,1125517,2538593,2486207,808816,1186892,0,0,0,0,0,2479800
128,000559,2017-12-13,0.012422360248447228,0.016563146997929712,0.17268429605025606,11784.0,128931.39409910598,3131,69539114,72490142,2962142,3401716,11885495,13249442,9515935,10906880,16460053,17348486,7008570,8075004,6954288,4602442,4597679,3428067,10154952,11478105
129,000560,2017-12-13,-0.0010834236186348933,0.0,0.24112385874453862,9300.0,31402.233150461645,1465,16591948,14682754,1758325,1703348,8150076,5619316,4078775,4349352,1645649,2211278,959123,799460,0,0,0,0,0,0
130,000561,2017-12-13,0.004550625711035483,0.004550625711035483,0.19756564152440034,5304.0,26819.32450043529,1980,12455807,16745938,1312368,4765381,5437053,6707426,2669260,3482316,1896085,939133,821889,532530,319152,319152,0,0,0,0
131,000563,2017-12-13,0.0,0.0,0.10636074913504343,4005.0,74212.25352222666,1761,16124585,15963687,1685215,1700008,4907037,3810039,3979117,2031786,4090452,763008,1462764,2015828,0,693310,0,0,0,4949708
132,000567,2017-12-13,0.0026905829596413078,0.006726457399103047,0.900839628774204,11125.0,62640.53659028951,612,9704536,8539198,537112,593688,2182229,2320120,1446996,2780429,1280855,626501,3873449,459401,383895,383895,0,0,0,1375164
133,000568,2017-12-13,0.04731559662259022,0.02564919547554556,0.8195290537186826,44786.0,372286.3741235592,5871,369524413,420540116,1813340,2946894,23982964,23655470,34643511,35245350,54228934,54824638,35961821,33865995,26830776,26717382,28872163,28925693,163190904,214358694
134,000570,2017-12-13,0.0202578268876612,0.018416206261510304,0.23908855901474774,5490.0,32896.519857050036,515,4666332,4677684,354901,486922,1217345,1640763,1612676,1122241,1207958,1154306,273452,273452,0,0,0,0,0,0
135,000571,2017-12-13,-0.017857142857142794,-0.02499999999999991,0.11641269282080996,10800.0,55044.53598247234,2318,34956006,32759030,1365977,2804809,8540413,11422650,6727914,6780369,4827727,5914522,7853724,2774765,3505328,2648064,2134923,413851,0,0
136,000572,2017-12-13,0.010822510822510845,0.010822510822510845,0.09164880951790738,9380.0,103291.2278034839,2547,46045637,59088136,2301444,2689334,8314821,9666149,8539620,7391585,7319016,10649654,5301413,7432102,4929692,5769363,2757017,4989251,6582614,10500698
137,000573,2017-12-13,0.0,0.0,0.1991929602638461,8534.0,42135.61388965075,637,9169870,5403514,540017,552943,2215149,2079749,2500045,1570598,2852512,1200224,611247,0,0,0,450900,0,0,0
138,000576,2017-12-13,-0.002956830277942135,-0.00473092844470735,0.9253586313990986,8445.0,111567.308652988,333,4076457,1941455,316832,479947,1662685,1112061,1108097,349447,988843,0,0,0,0,0,0,0,0,0
139,000581,2017-12-13,0.010552975939214893,0.009708737864077666,0.3721319583996967,23770.0,239436.81081539785,4055,140704575,150857530,2116669,3182378,22487865,23610046,17455752,18010978,20464462,24622066,14965748,17073522,7311794,5586142,6193230,8191216,49709055,50581182
140,000582,2017-12-13,0.007268951194184581,0.006230529595015355,0.2759584129057449,8703.0,63738.6620676608,1218,12865865,14161836,1246621,1778036,4738884,3748385,2542806,2091674,1860720,1581680,824738,2235767,768800,0,0,0,883296,2726294
141,000584,2017-12-13,-0.0013495276653171517,-0.0026990553306343035,0.3582444100214683,20734.0,144663.99592621598,1711,38705798,53681244,1510159,866362,9806542,7939259,8597575,7436563,8647867,11053681,1475428,6980675,1070488,972676,902800,1785600,6694939,16646428
142,000586,2017-12-13,-0.009713977334052881,-0.009713977334052881,1.241693721179315,7412.0,34508.52459805203,222,2381194,1455336,204498,271325,1015150,545547,51323,464139,669583,174325,440640,0,0,0,0,0,0,0
143,000587,2017-12-13,-0.0014705882352941124,-0.013235294117647012,0.12274104860156497,20190.0,105840.69433982718,3076,79523812,79668941,1830348,1959708,13489368,17672510,14656829,15111051,16752972,14334378,11386039,3092204,7759708,8747674,2250846,919206,11397702,17832210
144,000589,2017-12-13,0.004310344827586299,0.004310344827586299,0.22947176921819298,5580.0,28955.335557464707,408,3221224,3156431,319414,505691,1381465,1596367,751598,357120,768747,697253,0,0,0,0,0,0,0,0
145,000590,2017-12-13,0.007194244604316502,0.007194244604316502,0.6180555282626933,13960.0,49647.897357843045,505,5773050,9655269,437521,538464,1728648,2923164,1229860,2310795,854967,2220950,768316,1661896,753738,0,0,0,0,0
146,000591,2017-12-13,-0.010238907849829393,-0.017064846416382395,0.10530379367665389,14136.0,117878.44399343332,3104,96813570,66327335,2064823,2824150,10179398,11595245,9615801,10466677,43710063,14063806,9822554,5070389,2353482,6179334,1899242,4501724,17168207,11626010
147,000593,2017-12-13,0.0,-0.004395604395604269,0.2640668392254886,6314.0,39668.453571213046,1187,12135107,10219857,1932972,1056809,4694084,3541638,2967030,1657957,1134503,2052597,704518,428576,702000,0,0,419920,0,1062360
148,000595,2017-12-13,0.0463709677419355,0.0463709677419355,0.12627071041683446,10380.0,100588.39115828132,1543,43706331,21037634,2250839,694349,8798209,3153620,6368434,3294011,6708196,4941984,6950258,1402908,3616124,2278641,2890830,853236,6123441,4418885
149,000596,2017-12-13,0.06936416184971095,0.03387925497752087,0.9416167464473961,25120.0,198361.819770867,4377,116312144,186783072,2310595,3455081,18503193,26595836,17361803,21628497,18681736,26690512,12846457,18683950,13224325,21139215,5160494,7793128,28223541,60796853
150,000597,2017-12-13,0.00781860828772496,0.0031274433150900727,0.22753459713184682,25520.0,135621.4773540767,3162,92990713,108987278,1538989,1954834,13693828,18257807,16908166,15722134,20314610,22203748,14063025,11204646,8179677,7570924,3615276,4510586,14677142,27562599
151,000598,2017-12-13,0.007575757575757569,0.007575757575757569,0.12419904732342751,4779.0,77280.53401045021,1809,25876499,25296909,1009950,1662082,4791413,4465360,3856989,4099752,5897866,2906504,4107191,4018361,743400,0,2228120,4084698,3241570,4060152
152,000599,2017-12-13,-0.0016556291390728006,-0.0016556291390728006,0.007617117421682537,12090.0,92539.46229612218,586,15778637,11683030,629919,399560,2006982,2102899,2388393,1315576,4457166,3519433,3407606,1469281,733998,941077,0,0,2154573,1935204
153,000600,2017-12-13,0.018018018018018056,0.012870012870012992,0.1632380479744634,11685.0,91719.85173492953,2267,31330546,59573067,1567955,2477175,7969283,11034216,7499992,9707199,7589583,13572475,2687091,7123034,1140424,4831872,2038696,2206006,837522,8621090
154,000601,2017-12-13,0.004081632653061273,-0.008163265306122436,0.2728561520556673,10290.0,90756.24963231197,725,14690195,10938564,539688,790846,2600304,3210207,2385795,1143679,2904447,1340737,1827810,2210944,1444991,1444991,0,0,2987160,797160
155,000603,2017-12-13,0.009466437177280573,0.0068846815834768815,0.4104053918656575,11650.0,50719.54575126485,801,11298203,9348347,655257,692981,3986373,3622222,2425844,2006312,2501296,1529463,732822,500758,301735,301735,0,0,694876,694876
156,000605,2017-12-13,0.022222222222222143,0.027222222222222037,0.38681090146432456,14768.0,72346.14717920226,2167,33254302,43963261,1744825,2051711,9830795,11043063,7073782,7791135,6101631,7809603,2514351,6532415,2220930,1882578,896766,1754700,2871222,5098056
157,000606,2017-12-13,0.0021645021645020357,0.0032467532467532756,0.44204903987328276,9928.5,31279.570962942013,436,5352376,4310749,520135,273410,2211432,1501656,1901216,1911270,719593,624413,0,0,0,0,0,0,0,0
158,000607,2017-12-13,0.0,0.004807692307692291,0.2256562370861339,4698.0,27550.62063157847,764,6344729,4885041,1061619,656264,2151173,2373126,1811164,1208986,694773,646665,0,0,626000,0,0,0,0,0
159,000608,2017-12-13,0.003039513677811412,-0.001519756838905706,0.14141709981896158,6660.0,76895.34854045582,2168,28505062,33829442,1540995,3272918,5966268,7357285,6601387,5017907,5291389,4588971,2083825,3341517,2839258,2520288,0,0,4181940,7730556
160,000609,2017-12-13,0.009689922480620172,0.004844961240309864,0.37830223657653567,3114.0,21374.164207138438,744,3721466,3557559,297548,1275192,1307815,1487608,1000483,587559,1115620,207200,0,0,0,0,0,0,0,0
161,000610,2017-12-13,-0.004615384615384688,-0.002307692307692233,0.7030648939436043,9093.0,49034.91975337375,341,5981255,3190387,311575,291576,1395447,1193567,1254222,507906,1335711,1197338,1036800,0,647500,0,0,0,0,0
162,000611,2017-12-13,0.025000000000000133,0.025000000000000133,0.22656522177638927,15440.0,80651.4418775571,1126,22297491,23022045,942353,1043156,4752262,5741073,5578834,4049940,3268734,3245387,1328262,2417369,3194070,1703578,430160,1731146,2802816,3090396
163,000612,2017-12-13,0.01866081229418226,0.01866081229418226,0.17160880675040974,4605.0,34963.67682070938,2821,14320730,31706970,1275821,4758198,5261927,9888051,3439285,8258876,2020628,5719838,1725605,1510703,0,973840,0,0,597464,597464
164,000613,2017-12-13,0.027734976887519247,0.0215716486902926,0.17874334752518214,7764.0,41062.19787218137,1319,13783748,15542253,1297571,1319201,4411620,4775995,3675983,3305057,2820599,3409315,555126,2365836,1022849,366849,0,0,0,0
165,000615,2017-12-13,0.010060362173038184,0.012072434607645954,0.1557392967461336,25636.0,140065.9150530453,4078,153229913,135053217,2658559,2647610,20366196,16123071,21991057,18925689,32035776,29297805,25827367,19023408,14787230,13566369,8066376,9260197,27497352,26209068
166,000616,2017-12-13,0.008823529411764675,0.00588235294117645,0.10255981363039242,5456.0,64545.0723071441,1100,12603698,13624472,574462,1174293,2901880,4726186,2342148,1560189,1921316,2662030,1621700,2305582,694136,694136,0,0,2548056,502056
167,000617,2017-12-13,0.011594202898550732,0.010144927536231751,0.39535818269349265,5556.0,25085.394369024045,1218,7767124,7855185,1292431,1820057,4088381,2501540,960677,1332995,760345,1677083,665290,523510,0,0,0,0,0,0
168,000619,2017-12-13,0.006127450980392135,0.001225490196078427,0.3781561206256685,10634.0,75466.62555552686,465,7994644,9418492,368401,447249,1335676,1808447,2521261,1113244,2224820,1688264,692816,1833170,303552,0,0,825000,548118,1703118
169,000620,2017-12-13,-0.001718213058419349,0.0,0.13727098503811117,8050.0,41353.635628472686,1800,21811842,17549507,2146566,1533656,7624976,5780969,5846740,4432909,3865122,3401618,1832788,743033,0,0,495650,495650,0,1161672
170,000622,2017-12-13,0.008146639511201537,0.004073319755600657,0.23203759734466595,4950.0,48291.07563714413,447,4074731,6213895,439730,333525,1419726,2008228,650844,1134771,983649,458159,254310,1266070,326472,1013142,0,0,0,0
171,000625,2017-12-13,0.0007627765064834868,-0.0007627765064835978,0.1961044328337065,14377.0,125824.05413192356,4471,116289294,76742823,1781889,2200187,35786756,16528615,22695234,13398422,14672755,9268886,9373728,4240478,5022694,4114128,2505493,2740176,24450745,24251931
172,000626,2017-12-13,0.0007304601899196239,-0.0007304601899196239,0.2961172371508874,15114.0,101428.51443777635,2139,48722533,46154762,1899638,1755891,10947512,9802552,8109796,9352573,7919533,9924897,5477904,5397273,3383257,4497595,0,816868,10984893,4607113
173,000627,2017-12-13,0.019079685746352437,0.015712682379349197,0.15076352835692,13559.0,139066.5215078821,3498,80681084,90493202,3131312,3386735,13860999,15244517,12218307,14086025,10735952,12943272,9670732,8614775,6734248,10815016,4570238,6691666,19759296,18711196
174,000628,2017-12-13,0.02289156626506017,0.018072289156626287,0.3056044067354984,9240.0,89248.18731312503,737,9288514,15875808,569278,800158,2960460,3156963,2290330,2001569,2000807,2145617,661239,1317159,0,1372344,806400,0,0,5081998
175,000630,2017-12-13,0.011111111111111072,0.0037037037037035425,0.04560969912956915,4590.0,119325.44199434643,3542,72876610,33588989,3129758,3038076,11251590,7641737,5956000,2858273,5605644,3404479,9783614,1598918,2185344,747960,2443272,988608,32521388,13310938
176,000631,2017-12-13,0.007352941176470562,0.004901960784313708,0.08055980479967326,3663.0,24473.940084634105,2573,7868221,15332314,1435734,4972733,3570286,5214159,894360,1793293,846798,1558296,286693,1030873,0,762960,834350,0,0,0
177,000632,2017-12-13,0.007692307692307665,0.023076923076923217,0.15412040519427855,6690.0,69314.12805905155,1781,24001279,27156041,1734802,1186157,5988658,5236479,6060463,4865056,4452820,5295158,1791381,1616636,2175254,3451494,895833,895833,902068,4609228
178,000633,2017-12-13,-0.024363233665559147,-0.02879291251384275,0.24546566813322576,10488.0,322134.44720942056,1354,34720856,19574032,1322352,1717353,6083433,5421338,4202224,3162822,3284303,2778454,2777328,1456819,738640,1087840,2222293,439845,14090283,3509561
179,000635,2017-12-13,0.007570543702684285,0.008947006194081286,0.45593800945482316,11696.0,51356.82382251273,1015,11868690,11962322,870159,943019,3966782,5210383,2587480,2135609,1886721,1895307,488544,582000,0,0,1365804,492804,703200,703200
180,000636,2017-12-13,0.03547854785478566,0.017326732673267342,0.15525018882977093,58849.5,345845.6014831511,6108,478020753,487703412,2161557,1963454,27193471,24010885,38501672,36813540,70410954,67062523,50692200,55556804,45534809,40238546,30618024,27781113,212908066,234276547
181,000637,2017-12-13,-0.0034662045060658286,-0.0017361111111110494,0.006390225266772804,5740.0,30587.974716667344,311,3379082,2455978,211107,404750,1103340,915760,970500,794621,892791,340847,201344,0,0,0,0,0,0,0
182,000639,2017-12-13,-0.0015052684395384652,-0.0015052684395384652,0.5393374600492427,7952.0,70621.1709657053,1365,26244048,15411229,1742763,629527,6567976,3237572,4871259,3254776,4215002,3163272,4259079,3252497,394418,394418,1404286,0,2789265,1479167
183,000650,2017-12-13,0.003809523809523707,0.0,0.15376370650330348,5250.0,120081.47759024505,1166,18806671,15092197,837948,1326452,3126849,3835724,6059611,1563914,2019180,2159314,1550041,2379739,0,377804,0,0,5213042,3449250
184,000651,2017-12-13,0.017832329782306644,0.01505326540064833,0.5206926060624131,203416.0,928022.1937894725,6878,1287396245,1753160413,671112,662418,11766419,12285330,33798353,35971567,93553312,108394286,83408180,116282250,84591049,111172085,81382903,99518336,898224917,1268874141
185,000652,2017-12-13,0.008948545861297452,0.01118568232662187,0.1138240028699377,2245.0,37759.152322868686,1543,8990618,12262211,680885,1917190,2269187,4808725,1377889,1816645,1772621,2537861,1566204,662558,0,0,804600,0,519232,519232
186,000655,2017-12-13,0.00805369127516764,0.005369127516778427,0.18466757516253363,9542.0,52713.24570048983,1628,26317695,20562729,2024633,1374131,5792513,5901218,6269519,4750987,8258173,4125148,1970466,1565070,648591,1248659,820260,0,533540,1597516
187,000656,2017-12-13,0.002192982456140413,0.0,0.10800391870774666,4550.0,46900.70367097145,1785,21241570,12790071,1565561,1917338,5424434,4239263,3000240,2305285,4994023,2649811,2450321,700425,3151263,322221,0,0,655728,655728
188,000657,2017-12-13,0.0,-0.004061738424045558,0.26465295926630494,8568.0,56599.81794861188,2165,26328888,20794648,2339445,1572544,8278149,7676036,5540036,4280728,3258282,3445475,1302558,412288,1398372,1261892,910450,425250,3301596,1720435
189,000659,2017-12-13,-0.0023866348448688957,0.0,0.1253388854188549,10650.0,75586.44003848858,1118,23454646,19232229,862613,1033065,4552198,4562034,2583526,4300890,5327568,3219003,5265488,4174152,2920168,0,430683,430683,1512402,1512402
190,000661,2017-12-13,-0.0009140276358945432,-0.0050540351631808145,3.508357237747773,36800.0,242929.90329214398,2812,160105805,161467914,19821,11763,15122504,15027847,16015986,14539818,25569358,22841313,14853107,21231521,11445817,12836071,5454180,8016126,71625032,66963455
191,000662,2017-12-13,0.02213541666666674,0.01888020833333348,0.42798671285637097,4629.0,67052.3188783505,1288,10249619,18297804,971789,1713676,4186518,3543917,2314954,2624265,2152967,2638855,279645,738863,343746,2892948,0,1382280,0,2763000
192,000663,2017-12-13,0.02250984805852574,0.006190208216094506,0.42736694929777014,19690.0,82338.67877960972,1729,37838500,38598099,1233155,1472816,10135569,7780737,10088708,8027929,7378406,5501804,3698500,3693042,3057633,2079062,972104,0,1274425,10042709
193,000665,2017-12-13,-0.0009950248756220859,-0.0019900497512439497,0.3634362317394813,10035.0,66905.53215147513,764,14290789,8710907,290461,954946,3491723,2780749,2060298,1456265,2704992,1411002,1915221,217651,2661116,723316,489978,489978,677000,677000
194,000666,2017-12-13,0.004914004914004844,-0.0039312039312040525,0.42505663369656066,6045.0,75386.50324834908,2293,29320552,22365608,2091906,1428809,8315836,8369559,3836271,3119229,4466700,4597216,3818160,1913968,1111840,663688,450839,1255639,5229000,1017500
195,000667,2017-12-13,0.0032894736842103978,0.006578947368421018,0.08818221172400798,2754.0,84680.29542006315,1191,16084708,11924607,1017578,1130107,2935531,2070763,3133370,2029902,2546055,262605,1739324,0,732000,0,454450,1374330,3526400,5056900
196,000668,2017-12-13,0.006134969325153339,0.0,0.8040857272031555,14580.0,28216.821541353835,332,2784658,3547226,340440,195981,1338293,1508075,897011,1512150,208914,102480,0,228540,0,0,0,0,0,0
197,000669,2017-12-13,0.0,-0.00146520146520146,0.40872182251851874,10904.0,38967.87844963753,1115,14277623,12096784,896150,1199581,5432169,5158389,2873569,2120852,3489725,2355592,1246510,624486,339500,637884,0,0,0,0
198,000670,2017-12-13,0.030913978494623517,0.03629032258064502,0.09298519828094472,54834.0,304968.5951291072,6423,391153859,528529602,2391172,2286011,28395844,25697239,40154616,37936430,66526809,72022272,56534208,69904568,41414003,40483368,23424163,40361524,132313044,239838190
199,000671,2017-12-13,0.02026049204052094,0.011577424023154759,0.096617896484529,27573.0,351841.5055078175,5128,361013534,275683159,3330547,3062583,22076640,16902053,29317414,19432226,44569728,31573725,34509761,26068624,27085468,17986738,17695025,18105445,182428951,142551765
200,000672,2017-12-13,-0.014652014652014711,-0.017399267399267337,0.14646504041993008,35244.0,267906.8407900472,5573,350956121,281898437,2715840,2665083,21950636,26579665,26948257,31592512,52469378,53622441,38921355,24966119,31169948,24296551,26104296,17415284,150676411,100760782
201,000676,2017-12-13,0.0,0.0,0.2800672987702254,5745.0,23675.939126966736,1693,11955171,11393146,1940845,1245764,4900932,7610764,2367875,1102963,1533469,1192155,1212050,241500,0,0,0,0,0,0
202,000677,2017-12-13,0.0046511627906977715,0.0046511627906977715,0.1456305420457328,4752.0,31159.147355527177,872,7150148,5927952,742598,1260045,2972099,1921036,1566706,1446859,654279,202176,1214466,1097836,0,0,0,0,0,0
203,000679,2017-12-13,-0.010958904109588996,-0.005509641873278293,0.0071104098090013085,7964.0,47463.299840436164,251,3114405,3084714,229505,286200,1069888,1051684,406451,818229,399638,707726,234975,220875,373628,0,400320,0,0,0
204,000680,2017-12-13,0.012526096033402823,0.014613778705636848,0.10438330849317817,7260.0,90524.67356710865,2109,34433951,24370022,2673803,1947944,8936851,5099879,6815761,4792053,5442400,3838024,1165790,1717760,1788552,1332796,1666740,967932,5944054,4673634
205,000681,2017-12-13,0.02933863749378407,0.028841372451516856,0.3273779533411575,18477.0,170112.40454833428,3781,78362631,118196882,1228626,3836904,14757819,25152801,12641766,15741328,17696714,21394560,7152875,10714799,7015044,2805430,3646411,8436358,14223376,30114702
206,000682,2017-12-13,0.0020920502092049986,0.0,0.17379736897091766,4790.0,23170.36786171892,756,4660967,5458682,714298,1145358,2872501,2471899,1074168,776979,0,488446,0,576000,0,0,0,0,0,0
207,000683,2017-12-13,0.010169491525423568,0.006779661016949268,0.060371308678968144,8880.0,101538.27193605412,2399,27272870,33554795,1416485,3087716,6186207,12176623,4602918,5591690,4199802,5956946,2736590,1293732,640332,1366200,0,902800,7490536,3179088
208,000685,2017-12-13,0.002938295788442735,0.0019588638589618235,0.28060876989201367,4086.0,57995.622684513786,1324,11435690,20328987,949193,1221149,3165403,2995357,1629243,2040025,1503902,8456226,1902987,3790267,327741,327741,1409481,950482,547740,547740
209,000686,2017-12-13,-0.0021810250817884125,-0.0021810250817884125,0.006251588128948396,10064.0,147864.4696308458,1003,24807600,22067626,616527,1476297,3507284,4828084,3279173,2630170,2474855,6080856,1214484,1627134,688691,1419872,1387521,887944,11639065,3117269
210,000687,2017-12-13,-0.004484304932735439,-0.0017937219730941312,0.2710424306874036,11130.0,75908.60960192197,1692,29902280,23065954,1502494,1447641,7358451,6792558,4099517,5485798,6655096,5668531,3063071,446000,1467700,1093021,889598,0,4866353,2132405
211,000690,2017-12-13,0.01436031331592691,0.016971279373368064,0.17963425482679876,6993.0,99525.96747021974,1819,29754913,44718525,711625,2464790,4231115,7731429,7337348,7177032,8892263,6717351,2373017,5982501,1406328,2569207,2575940,942590,2227277,11133625
212,000691,2017-12-13,0.049857549857549976,0.07264957264957284,0.19125044756217707,12206.0,78793.432858492,1348,20304770,25231162,1272765,1181100,6330209,6252637,3796858,3094542,3629254,4153073,1606132,3000976,997091,997091,0,0,2672461,6551743
213,000692,2017-12-13,0.0020618556701033075,0.0020618556701033075,0.21741334522965874,3872.0,39996.95995973168,497,4511984,4480892,600395,437704,1252466,1216473,1105526,903318,586489,790187,642158,808260,324950,324950,0,0,0,0
214,000697,2017-12-13,0.02250489236790587,0.02495107632093929,0.45508774746183767,20700.0,82840.10881223217,2017,51094227,49094397,1416482,1082058,11536727,9738429,5966666,8498059,10706680,15410130,10708064,7576130,1967747,1920109,3990129,1810230,4801732,3059252
215,000698,2017-12-13,0.006932409012131657,0.0017331022530331364,0.18011864783222217,5805.0,53387.21224181352,1026,13982030,10165556,1019643,604467,3891582,2762877,1923397,1651310,3114718,2437966,1721136,1095336,1388356,693600,923198,920000,0,0
216,000700,2017-12-13,0.010507880910682887,0.007005253940455258,0.20450151600094407,5730.0,43288.32222843107,779,7445381,8307023,658624,919108,1828356,2344317,1203066,2338972,1715789,1774516,1646663,537227,392883,392883,0,0,0,0
217,000701,2017-12-13,0.01864573110893053,0.017664376840039298,0.2189765968905934,4156.0,53928.35525309404,2167,19019265,25359080,948561,2813394,5848761,7787197,3181064,5515934,2186179,2805201,1954149,3220835,661760,0,432212,432212,3806579,2784307
218,000702,2017-12-13,0.009859154929577452,0.007042253521126751,0.1865790354468729,1430.0,21227.926422125234,1448,5767046,9012209,683964,1592408,2522700,3661679,1537394,2268332,1022988,1489790,0,0,0,0,0,0,0,0
219,000703,2017-12-13,0.03779069767441867,0.01918604651162803,0.2450013408033539,34800.0,194089.04006989195,4936,223063317,305438475,2384409,2382909,22838861,21563611,27556821,24642764,30539958,36184607,30451525,39428880,22140607,45964006,19116884,21866280,68034252,113405418
220,000705,2017-12-13,0.0035629453681709222,0.0,0.2966159654818721,2532.0,21259.50736570016,805,5724695,3407863,1102066,362261,2402511,1883659,1479382,746674,740736,415269,0,0,0,0,0,0,0,0
221,000707,2017-12-13,0.010771992818671361,0.008976660682226134,0.21304443260038783,10602.0,124737.64557912033,683,7106497,13721945,291298,626786,2265958,3429677,1239944,1598063,1749607,2050991,1202182,447200,357508,357508,0,892800,0,4318920
222,000708,2017-12-13,-0.0068846815834767705,-0.009466437177280462,0.3116541970574977,11500.0,90879.82386123296,1390,34744819,16224692,1234794,1155205,4500243,5677147,4853386,2959802,14850284,4648669,1203944,1403216,1702752,380653,939216,0,5460200,0
223,000709,2017-12-13,0.0,0.0025062656641603454,0.058430675884996425,21200.0,263250.35151645384,4694,177861606,134002396,2493235,3332017,37708209,17923586,14619232,12456638,19469799,12568278,15840019,10966844,3955397,7512268,8045244,7175808,75730471,62066957
224,000710,2017-12-13,0.002281101947710029,0.0015792244253376442,1.2369608037352673,22832.0,71943.78488945855,2123,47475471,51411677,1062017,1335745,9033307,12306326,8641966,11416285,12780894,17062726,6277880,5180428,2842277,2394613,1761300,1715554,5075830,0
225,000711,2017-12-13,0.000803858520900258,-0.003215434083601254,0.2767482049662299,7464.0,61499.882491702425,2021,39606988,28721664,2699713,1588662,6540748,6008192,4832932,5064922,18863765,9953336,2968226,3250750,1695660,2027482,0,0,2005944,828320
226,000713,2017-12-13,0.02335164835164827,0.008241758241758212,0.3608934639335164,7330.0,29031.080293126906,406,3438932,4036873,485316,433537,1518728,1295115,981648,1535685,453240,252864,0,519672,0,0,0,0,0,0
227,000715,2017-12-13,-0.0010570824524314126,-0.0021141649048627142,0.463875940087576,3756.0,25730.50099416067,415,2486566,2902242,347135,470583,1332630,1041555,520406,544898,286395,845206,0,0,0,0,0,0,0,0
228,000716,2017-12-13,0.01348747591522148,0.01734104046242768,0.14329621168462475,4168.0,46013.81278710924,1312,10135697,12762393,1054288,1288797,2888228,3724377,2881127,2816525,1543499,1540543,520000,1577276,0,0,1248555,444675,0,1370200
229,000717,2017-12-13,-0.004494382022471988,0.0,0.1121338619122839,71680.0,393602.3619869032,6314,579867903,649865896,2288952,2285039,22205065,26094358,37147597,36934426,59889824,64643746,56672787,84296418,59043917,66182844,46636266,45393587,295983495,324035478
230,000718,2017-12-13,0.002178649237472685,0.0,0.09036822715754879,3213.0,35985.23524274415,2586,19013800,19056027,4471997,2435112,4690087,7188866,3878970,3026609,3752239,2468997,217550,976398,1591602,1667074,411355,1292971,0,0
231,000719,2017-12-13,0.003239740820734305,0.0,0.24723272744052813,5520.0,19299.84646288783,1404,8683837,8664659,857858,2438657,5986809,3699594,973535,2326023,220560,0,645075,200385,0,0,0,0,0,0
232,000720,2017-12-13,-0.0046511627906975495,-0.0023255813953487747,0.15140438979373308,5148.0,61843.9770330996,807,10194900,8950952,625402,1022276,2885849,2321861,2058407,1432381,1050218,568378,487946,1378978,1123722,1123722,1322031,462031,641325,641325
233,000721,2017-12-13,0.015437392795883298,0.010291595197255532,0.22495105582434063,5880.0,32809.053395408766,671,6809105,5148483,635874,693720,2394167,2300941,1761342,886244,1164436,783890,853286,483688,0,0,0,0,0,0
234,000723,2017-12-13,0.0055710306406684396,0.008356545961002881,0.14131310688013315,16629.0,77597.88272126197,2584,53874406,75597752,1232468,3308666,11507470,10192296,8386567,10550089,15938129,23581919,9960213,14661869,3507371,8310611,2241211,3891325,1100977,1100977
235,000725,2017-12-13,0.014010507880910739,0.010507880910682887,0.068651040909363,313375.0,2543124.870116136,6950,2877104372,2845884392,262686,231028,6977671,7813669,22311682,26707189,78676415,75518247,130320088,131703759,127402345,127374599,137677566,110876637,2373475919,2365659264
236,000726,2017-12-13,0.009380863039399667,0.004690431519699834,0.26036308959707827,7472.5,88690.29142639814,1676,23461802,19035807,3061982,1049660,5016664,4211799,4396123,2691365,4410641,3280875,1345591,1085819,1330098,950736,2156442,446842,1744261,5318711
237,000727,2017-12-13,0.008196721311475308,0.008196721311475308,0.05040419364130278,4182.0,131201.91465365328,2359,21401405,42119541,1234056,2403654,4153053,8980056,1840500,7631170,3577222,5163254,1227000,4724492,0,2173748,0,0,9369574,11043167
238,000728,2017-12-13,0.0025510204081631294,0.005102040816326481,0.20881425656936978,15301.0,150479.02321865276,3173,95682376,110517678,1602624,3251906,11871146,14807846,9595692,11400018,14022797,21847265,13892351,12114100,6256803,10437501,4547132,7749954,33893831,28909088
239,000729,2017-12-13,0.04982817869415812,0.04639175257731942,0.09376867911643619,19536.0,213733.4270320917,3861,110249801,166235829,2831265,3082251,14828548,15788162,13235228,32949285,16658158,24978261,12323071,12593331,8807250,8218911,5194476,4792732,36371805,63832896
240,000731,2017-12-13,0.010362694300518172,0.0090673575129534,0.18088420723226606,10101.0,55045.34356129327,1822,25704298,24884654,2652349,1191249,9787643,5947233,3614469,3977947,3359610,5835934,2646109,4498695,2249972,2092410,1394146,1341186,0,0
241,000732,2017-12-13,-0.0042219541616402845,-0.0042219541616402845,0.4047168675526862,6623.0,109341.61576959967,1678,19341081,36848510,1112460,2184270,2684582,8674264,3085583,9193310,4029113,4733629,801900,1791368,2934527,1961991,1779716,944816,2913200,7364862
242,000733,2017-12-13,0.028478964401294604,0.02265372168284796,0.24992170195076704,21896.0,126025.8366757085,3824,106026087,127629068,1912561,3418279,14965203,20339754,18347817,22199257,21612875,27910394,11679559,16540425,5545590,8710065,9157863,9742163,22804619,18768731
243,000735,2017-12-13,0.015789473684210575,0.018421052631579116,0.12583583180738503,17094.0,197502.82147816534,3653,97685001,123861685,3408193,3062986,17003718,16997676,15637199,16106409,19583718,17205128,11295028,10439836,4985757,7824795,6866988,6679188,18904400,45545667
244,000736,2017-12-13,-0.0065359477124183885,-0.004575163398692794,0.5756877335802008,10717.0,74274.77483303139,706,15221700,6244759,732843,774698,3535842,2063335,2256244,1017183,1231884,939944,1994149,747359,1839160,0,1755066,0,1876512,702240
245,000737,2017-12-13,0.01807228915662651,0.014056224899598346,0.19287927403245853,6017.5,41524.9512281535,666,6825593,6191693,528122,743291,1755105,2406616,2174772,1507417,997860,1266835,267534,267534,0,0,0,0,1102200,0
246,000738,2017-12-13,0.008024691358024638,0.006790123456790198,0.3101948037338996,6480.0,48769.590210666756,2728,27361761,30816158,2566511,4635750,7228344,8235219,5226599,5115756,6606661,6814134,1330821,2514434,354795,354795,4048030,3146070,0,0
247,000739,2017-12-13,0.004815409309791185,0.008025682182985605,0.2605300100977935,6280.0,48624.884621137986,571,6220017,6778726,437246,667771,1637599,1943097,1468092,1686408,1055972,954903,784612,1526547,0,0,836496,0,0,0
248,000750,2017-12-13,0.0019417475728153999,-0.001941747572815622,0.10819802186225547,5150.0,101365.33958399885,2269,37388547,30012963,1475674,2877623,5640290,7105937,3117330,2981664,5551252,4123696,2275318,1856070,1775539,3114939,1406854,2263682,16146290,5689352
249,000751,2017-12-13,0.006109979633401208,0.0020366598778003286,0.106974253499334,5597.0,48408.4452121177,2109,26475259,20878784,2164868,1676180,8708968,6404900,5676296,4596048,4610789,3424521,2716668,2839995,1414810,794716,0,0,1182860,1142424
250,000752,2017-12-13,-0.009984639016897057,-0.005401234567901203,0.014713775127475582,2586.0,59381.40876289019,369,1685970,4311349,191813,685772,656437,836804,78414,855512,435923,939197,0,0,323383,0,0,0,0,994064
251,000753,2017-12-13,0.002564102564102555,0.002564102564102555,0.12789470292105218,9750.0,55331.42336507315,930,14743700,12469067,835417,936199,3309105,4104205,2736255,2372594,3919883,2259102,2883763,690640,622472,785002,436805,1321325,0,0
252,000755,2017-12-13,0.0,0.0,0.23599503276694575,13720.0,248347.17227688906,851,43550233,21908297,1310589,93220,3812794,1946974,4577855,3477816,3927424,3929036,4314597,3079865,2908040,2348546,894544,849268,21804390,6183572
253,000756,2017-12-13,-0.021947873799725626,-0.023319615912208547,0.27028487389912426,9954.0,47958.95761873546,2911,46929445,24590862,2286439,3118366,16569224,10272447,11616863,3766622,5093538,3616615,3541953,2271539,5889808,681273,800800,864000,1130820,0
254,000758,2017-12-13,0.007874015748031704,0.0031496062992126816,0.13349138301573596,5096.0,52172.9971892452,2265,31212320,18965557,2267279,2384863,6419204,5781886,6324171,3744187,6373805,3750872,2462922,1679122,4777312,749620,1344987,875007,1242640,0
255,000759,2017-12-13,0.021739130434782705,-0.008695652173913104,0.15756628612133464,13799.0,98829.18560438516,3414,80431642,59548698,3086038,3258585,16771447,14090263,16928070,11436671,13431903,12260416,9962527,5909885,3819701,2718768,829912,0,15602044,9874110
256,000760,2017-12-13,0.010204081632652962,0.008746355685131046,0.2484068844786814,6890.0,79811.26853612078,762,13428699,8567275,924298,869385,2184127,2360943,922778,1637847,3272221,2587265,1579440,0,1376000,0,454107,454107,2715728,657728
257,000761,2017-12-13,0.007633587786259444,0.011450381679389166,0.09520317794405209,9522.0,129957.4538613581,3038,73180087,63149623,1867238,2515545,12898830,10358762,7977308,7769447,11255924,10137019,9298495,5974638,3992398,2347050,4435884,7000026,21454010,17047136
258,000762,2017-12-13,-0.00574345883854499,-0.008296107211231751,0.25892795497470406,21686.0,83346.78672274925,3665,105035026,72721739,2652680,2380976,21531669,17144137,19551830,13848609,25714679,18644833,14516884,7449389,9242824,5927771,3918110,1736659,7906350,5589365
259,000767,2017-12-13,0.006802721088435382,0.010204081632653184,0.1345324035469878,5015.0,47341.12959492885,477,4079402,5577557,507433,449106,1344521,1226881,563409,556007,1014564,696724,649475,1938479,0,710360,0,0,0,0
260,000768,2017-12-13,0.019141531322505845,0.017981438515081383,0.27651567011466943,19173.0,161867.95651795156,3889,90916907,124000888,4018551,2797896,16236076,23752705,11863867,14198137,18360308,15899736,6690672,9059922,7258453,13092807,3900626,6476392,22588354,38723293
261,000776,2017-12-13,-0.004610951008645614,-0.005187319884726205,0.25112788964563154,30978.0,247682.7306267918,4775,272676211,263871197,2002815,2661103,16822439,25880151,23583001,26429332,34340954,35466474,20322640,22063382,25448660,34236009,10108930,18182847,140046772,98951899
262,000777,2017-12-13,0.014637391882900808,0.017964071856287456,0.3763131457024479,12308.0,103454.43980741556,1598,35159589,32335585,1150688,1754560,7071440,6474010,3488675,4536912,7001877,6416091,3140077,3008723,2411817,2015364,3636548,3888532,7258467,4241393
263,000778,2017-12-13,0.001848428835489857,0.0,0.09911483440494724,10820.0,139198.78514451967,2985,77031567,69117066,2223504,1878470,11579533,11401167,11538917,10407945,12098457,11431495,10210469,9074655,3669123,4929796,5057007,2745747,20654557,17247791
264,000779,2017-12-13,0.0034989503149056578,-0.0013995801259621965,0.570949279355537,10003.0,34244.33578243508,626,6063774,5593471,804029,479930,3032359,1883496,1366164,1059791,627494,1055794,233728,801728,0,312732,0,0,0,0
265,000780,2017-12-13,0.01446280991735538,0.012396694214876103,0.19730737322460662,6832.0,31624.163877208346,601,4978716,6052879,716728,541985,1992536,2446948,926609,1618769,840259,1166367,502584,278810,0,0,0,0,0,0
266,000782,2017-12-13,0.019115890083632125,0.015531660692951199,0.30251225990508723,11037.0,58506.572968200846,765,10650310,11673569,690209,725286,3007333,3859896,2290551,3668446,2238790,1736488,510000,447626,677600,0,493801,493801,742026,742026
267,000783,2017-12-13,-0.006936416184971206,-0.010404624277456587,0.1468012056406125,12885.0,148867.32766155232,3475,90142710,115629182,1895774,4516708,8637846,17901614,8654360,12255599,15661766,27139994,6408984,11276774,5915549,6200829,8800388,9194455,34168043,27143209
268,000785,2017-12-13,-0.007928642220019877,-0.0069375619425173785,0.5465288989342121,9980.0,164588.0239562813,340,6914637,6611593,418443,356041,1630432,1317650,760016,1032356,765746,565546,0,0,0,0,488000,488000,2852000,2852000
269,000786,2017-12-13,-0.005655042412818001,-0.018850141376060225,0.2688850761816082,68293.5,309058.0237987047,6238,486880698,486085015,1075989,2023218,21846503,25751404,42234513,49212384,67823234,69320518,55658983,58859140,54838218,49812223,37722932,32256794,205680326,198849334
270,000788,2017-12-13,-0.003401360544217802,-0.00793650793650802,0.30172037623273495,9592.0,35697.15919653584,854,11035265,9753408,748895,1177814,2935847,4672940,4345506,2183795,2104392,1254234,900625,464625,0,0,0,0,0,0
271,000789,2017-12-13,-0.013900955690703709,-0.025195482189400487,0.16225554159906533,45040.0,233679.65458171137,5042,347849395,274959685,1784989,2088773,19283972,23532640,26502061,26323557,47174753,46225328,45871988,35050460,38205370,32882912,26507432,18641531,142518830,90214484
272,000791,2017-12-13,0.013003901170351106,0.016905071521456483,0.1711169776689679,8536.0,59178.96772414959,2021,26096034,29539678,1928026,2256272,7816950,8036801,5542669,5358141,6015101,5777690,3234234,3293140,630254,630254,928800,943200,0,3244180
273,000792,2017-12-13,0.009759759759759623,0.007507507507507505,0.17384690750350146,53680.0,346137.13415009424,5881,459394682,438907978,2300424,2044037,23121302,26380113,33792364,31934337,66551930,59353084,42618471,44610207,44387925,40409317,39782735,32130369,206839531,202046514
274,000793,2017-12-13,-0.015496809480401108,-0.010938924339106704,0.1741936724795112,33952.0,851709.7521997978,3973,212660016,305851106,1412184,2106388,19644736,16062324,27289886,16999803,36520902,31728786,28562549,21005984,15741769,12414924,12047822,12099004,71440168,193433893
275,000795,2017-12-13,0.008264462809917328,0.006611570247933907,0.13508162589379782,10890.0,43678.994047864944,2007,28474725,21609770,1915038,2239122,10066891,8125472,6500905,3975578,4031055,4302176,2912741,2612287,2643387,355135,404708,0,0,0
276,000796,2017-12-13,-0.003731343283582156,-0.00970149253731345,0.22096256508547082,5316.0,37770.14888842216,3702,35607873,22203394,4070271,4552916,10629442,8534759,6359888,4449311,4411203,2434059,4374509,1429881,3521262,315840,2241298,486628,0,0
277,000797,2017-12-13,0.0040000000000000036,0.011200000000000099,0.271343843892882,12570.0,90305.79316718176,2123,47499272,34619176,1982876,1099095,8667662,8943174,8664484,6557595,8845808,6675103,6348357,3544409,3791654,976621,0,808960,9198431,6014219
278,000798,2017-12-13,0.00588235294117645,0.007058823529411784,0.32722891346884514,7231.0,17703.89881729589,674,3608064,4612646,785821,902733,1740467,2603943,766166,977270,315610,128700,0,0,0,0,0,0,0,0
279,000799,2017-12-13,0.010218978102189746,0.005839416058394109,0.41855928670998405,19145.0,90909.53659888117,4286,94152897,104527915,2571786,3425165,21270449,22650727,20257380,19862598,17540208,20231426,13723696,13002529,8075368,7437292,4039703,4134375,6674307,13783803
280,000800,2017-12-13,-0.0037878787878788955,-0.005681818181818232,0.2003452646435706,19874.0,132310.88180056727,2779,99157144,66152434,2246096,1580830,16285908,10044792,13468266,11330960,17695380,12284350,12953257,7052633,5939662,5119039,6296196,3109204,24272379,15630626
281,000801,2017-12-13,0.013490725126475533,0.010118043844856706,0.12627427981751307,5364.0,46889.194679380875,2207,17777197,26531849,1013718,3859787,4744696,9069788,3620132,4758614,3452900,5251856,700539,981708,1967138,1638822,971274,971274,1306800,0
282,000802,2017-12-13,0.023151605675877374,0.020911127707244237,0.21853263510595183,13620.0,83758.6459717487,3758,51888060,97264851,1825376,5396750,13732516,15271852,12528541,27466573,11288199,17476209,6364487,5590044,307825,3527723,474989,2972789,5366127,19562911
283,000807,2017-12-13,0.02530120481927689,0.016867469879517927,0.10955626761885819,50363.5,350685.0703464633,5752,358144281,481560419,1844075,3797096,17976894,26621410,20723856,38079773,43732577,78350551,48516479,69546904,27827158,41871746,37227542,42644125,160295700,180648814
284,000809,2017-12-13,0.013404825737265424,0.01072386058981234,0.15968559294825596,6000.0,54815.486978762514,545,5878186,7985693,243412,586665,1291023,2677727,853716,981412,1926486,2697590,955299,434049,0,0,0,0,608250,608250
285,000810,2017-12-13,0.008443908323281013,0.0024125452352232735,0.22659250176752624,4140.0,34435.12611436028,1338,11744419,7274738,2326088,916296,4469067,2501375,3091305,1406400,1023809,1616517,201690,201690,0,0,0,0,632460,632460
286,000811,2017-12-13,0.008663366336633782,0.00990099009900991,0.26968532916918025,9756.0,72152.82812938874,897,17369806,9118657,826666,1205758,5047357,3182896,2269353,968974,2538504,2304877,697460,698838,1616295,320295,1301031,437019,3073140,0
287,000813,2017-12-13,0.02840909090909083,0.02499999999999991,0.21061275604401067,8960.0,68596.77863175333,1746,25115797,26154078,2075115,1807586,7159557,6471189,4551897,5653669,3836465,7517244,1764083,1009816,1039116,2033744,2229666,460800,2459898,1200030
288,000815,2017-12-13,0.018507094386181366,0.013571869216532972,0.3902439303382455,8160.0,74904.48639760893,1728,27318699,25704191,1293206,2232467,5574049,5510087,3860128,4174832,4923836,5752965,3507076,2556724,3403914,1028658,1889060,0,2867430,4448458
289,000816,2017-12-13,0.0029673590504450953,0.0029673590504450953,0.06390039363749388,6720.0,76835.9563343105,2795,42537947,31086273,2001887,2394431,10716167,10705989,7379930,5421616,5578442,5103034,4084267,1931189,2655829,1660507,873680,408980,9247745,3460527
290,000818,2017-12-13,0.02376910016977929,0.011035653650254718,0.29900647017771004,16646.0,115593.62744778114,1553,39325449,38899386,973034,1156839,7832999,8712887,5634539,5231390,6316030,5504769,6098678,4370496,4626417,4586634,1411232,1421632,6432520,7914739
291,000819,2017-12-13,0.010483870967741948,0.004838709677419395,0.48833429341241574,8708.0,32919.05583120975,644,5955596,6079390,602069,709627,2559434,2296635,793422,1549633,955791,1523495,1044880,0,0,0,0,0,0,0
292,000821,2017-12-13,0.008764940239043728,0.007171314741035939,0.3802126993855787,11403.0,48745.921606434786,1089,10950535,15440401,853644,1217117,3920927,5106216,2355203,2418667,2504586,2225692,782349,1840689,0,2098194,0,0,533826,533826
293,000822,2017-12-13,0.00219780219780219,0.00219780219780219,0.14322410624864965,12600.0,124365.13055387446,4041,90371723,88008444,2463227,4426019,17037869,16840804,13828553,12233636,17022334,16265151,9274957,7490910,6068613,5766960,2733692,7252788,21942478,17732176
294,000823,2017-12-13,0.005728835136855404,0.0012730744748568057,0.2930856745984362,21840.0,167364.7504513948,2875,111593539,84592080,1963606,2128520,13345607,12499656,15707099,13974080,15036870,15339213,13566954,11780572,15025493,7150962,4057341,4974527,32890569,16744550
295,000825,2017-12-13,0.008163265306122547,0.008163265306122547,0.08446309941744386,7840.0,127078.20883777973,3374,64506525,76024380,2339439,3764249,12179212,11736722,8642396,7621378,10137651,10513096,8021605,4279273,5199507,5449897,5321764,6469600,12664951,26190165
296,000826,2017-12-13,0.007229612492770432,0.0046269519953732186,0.735046944765277,22091.0,178384.67900913578,2213,74706610,81213222,1155473,1646998,9637557,11345281,8770540,13619973,12665058,15388567,8943077,10070626,7113095,6841813,3494188,5528878,22927622,16771086
297,000828,2017-12-13,0.005136986301369939,-0.0008561643835616195,0.2730578511494456,11620.0,57135.44558088692,1830,30333100,20024432,1726368,859660,10092837,6034171,6096628,5498794,5631849,4570569,930837,1425405,1767454,358894,2200041,1276939,1887086,0
298,000829,2017-12-13,0.004343105320304019,-0.0032573289902281255,0.2701349130964683,6398.0,24230.021711171696,1162,8509270,7863956,1497368,1529478,3232504,3324238,2523056,1415900,1256342,1594340,0,0,0,0,0,0,0,0
299,000830,2017-12-13,0.03792048929663583,0.01957186544342515,0.20874282792982654,64818.0,420601.89607479813,6142,549113744,512011618,2402953,2936975,22112680,23893479,35565348,36900804,74581150,68820227,54674040,53044441,42810138,44457886,42533050,34217629,274434385,247740177
300,000831,2017-12-13,0.00949913644214151,0.007772020725388629,0.2262751141675397,16212.0,89895.81578908494,2620,60213555,60625055,1751666,2000350,13041210,13561436,9880643,8238331,12845866,11987717,8735779,4812510,5112853,6417153,1827436,5501498,7018102,8106060
301,000833,2017-12-13,0.0045045045045044585,0.0,0.2571479555870462,7944.0,35759.55240960348,670,5714599,7213603,584461,832804,2367586,2646014,1224771,1785188,992944,804504,544837,544837,0,600256,0,0,0,0
302,000835,2017-12-13,0.009580838323353325,0.010778443113772518,0.2807722443058421,13504.0,175460.21282591144,884,11599315,32114491,783330,849834,2935751,4990096,2354692,3382726,2924782,3456367,981431,2884925,0,1896750,444880,444880,1174449,14208913
303,000836,2017-12-13,0.00917431192660545,0.0,0.10080681127031262,8700.0,87514.25697284371,1873,28128447,33819106,1184071,2609826,5233208,8850674,3290186,5450194,5482376,5697266,4393598,3800308,2549592,394544,2275975,2265235,3719441,4751059
304,000837,2017-12-13,0.021416803953871577,0.0049423393739702615,0.21175928357775217,8484.0,25829.618223374582,821,6688671,7882297,775118,746331,3308522,3567763,1306257,2271469,1298774,1055174,0,241560,0,0,0,0,0,0
305,000838,2017-12-13,-0.0049261083743842304,-0.003284072249589376,0.1183949392995617,10234.0,65878.13318532967,2649,45037029,32595465,2630815,2622320,11536706,9422149,9131476,6224824,10430634,7568896,4776329,3009379,1965403,936855,404010,404010,4161656,2407032
306,000839,2017-12-13,0.009977827050997812,0.003325942350332678,0.11639845428378366,36941.0,246346.45026486414,6014,355749770,274936914,3339918,3419169,30091451,24402931,35154034,34575092,67916468,57065468,38079421,26704012,24569636,25391440,29711984,26214612,126886858,77164190
307,000848,2017-12-13,0.010055865921787754,0.010055865921787754,0.19215434017996819,9000.0,54481.47147741973,2170,22337361,29680253,2098913,2576823,6807321,9599686,4391544,6655298,4623008,4603534,1611874,2486544,1798501,744894,0,823534,1006200,2189940
308,000850,2017-12-13,0.004385964912280826,0.0,0.23871033256152496,10471.5,34697.99108846146,364,4765305,4271971,214702,504334,1763200,1758033,1079078,841663,1708325,1167941,0,0,0,0,0,0,0,0
309,000851,2017-12-13,0.008820286659316334,0.00330760749724357,0.28226306822202313,9988.0,87923.43860110227,1032,17752187,12664201,1234678,1171743,4560608,3789107,3233948,3334608,3305396,2246362,544200,549000,0,783460,907000,0,3966357,789921
310,000852,2017-12-13,-0.020270270270270174,-0.004901960784313597,0.007427475645783372,12263.5,69126.96653668281,1374,25774657,22390236,891318,1263377,6230990,6365234,5118878,5119201,5467470,4099387,2686221,1364077,1908057,1371724,856177,894805,2615546,1912431
311,000856,2017-12-13,0.04876712328767119,0.06136986301369873,0.2640338547888925,36879.0,371240.42707720085,4789,283027323,313941541,3019856,2707280,22865118,20693160,25761550,27340763,35934604,37035416,24038217,31708676,23972606,19415371,18963230,26440883,128472142,148599992
312,000858,2017-12-13,0.029861111111111116,0.02402777777777776,0.875347905091558,184475.0,754431.8846602928,6767,1310322672,1393311498,1138949,449742,14800844,12507685,32230182,31344658,86850208,87014081,97280433,91474549,93259614,89233767,90672276,83780621,894090166,997506395
313,000859,2017-12-13,0.011904761904761862,0.00952380952380949,0.17536312602273194,6345.0,56350.87832308193,573,6453848,7766418,531840,495008,1468409,2345490,1264152,1030245,1068644,2194872,1124983,704983,0,0,458220,458220,537600,537600
314,000860,2017-12-13,0.011290322580645107,0.005376344086021501,0.4040740929611066,5586.0,63107.51736422618,2119,22210805,23782678,1998634,3374338,5426597,6215362,2886244,2259619,4275964,4312091,1807827,1311065,3239721,1783889,1850418,1739574,725400,2786740
315,000861,2017-12-13,0.006493506493506551,0.006493506493506551,0.11784130655762717,5544.0,59190.62230901772,683,6893977,8772196,534369,652768,2295083,2220936,712910,1239260,1937394,1193301,0,1132594,703357,1478977,0,854360,710864,0
316,000862,2017-12-13,0.024242424242424176,0.016161616161616266,0.24941111875119937,9940.0,44670.64101454647,393,5137161,3904086,392524,507757,1258618,1881604,996101,1394005,1062336,120720,452700,0,0,0,974882,0,0,0
317,000868,2017-12-13,0.009210526315789558,0.0,0.0992121772343532,34110.0,175173.92401452715,5885,238597398,240897999,3164086,3334611,30533245,26061222,38643203,36272172,54385191,52017139,30454111,29355293,19525344,18073371,14251036,16091848,47641182,59692343
318,000869,2017-12-13,0.034139402560455334,0.03527738264580371,0.5805977975679878,25409.0,133817.23806507897,3666,94368446,141201587,1791182,1883270,18824478,20368219,17425512,19100588,21872778,25129384,11860997,15886524,6383841,14400646,5030175,8819574,11179483,35613382
319,000875,2017-12-13,0.002512562814070307,0.0,0.14539964385463428,5161.0,55468.71473853625,749,7945022,6883410,617825,851910,2564226,1865322,1109926,1036276,1885874,1090874,201055,0,0,1278376,805464,0,760652,760652
320,000876,2017-12-13,0.0026420079260236484,0.0026420079260236484,0.1299071573914328,7570.0,101416.2745827857,3400,53881400,53670741,2168835,5809252,7610955,10666637,6210176,8390240,6944351,8515415,5172683,2876877,9666102,5589510,2706959,1879889,13401339,9942921
321,000877,2017-12-13,-0.017857142857143016,-0.014097744360902276,0.16245560295292308,19950.0,106946.81541011725,4295,114629943,106617716,2948838,2970994,20628197,20851847,18357586,19660891,25801227,23448021,17656198,11864284,4150056,3621894,6185465,7428217,18902376,16771568
322,000878,2017-12-13,0.021756647864625167,0.016921837228041747,0.23498533164444815,16315.0,101641.72435338657,2790,65613735,67048212,1697619,2145157,12279675,13943092,9580481,12642926,11328591,11886977,10772105,5599877,3961360,4583497,6249126,4108684,9744778,12138002
323,000880,2017-12-13,0.0021905805038333614,-0.004381161007667167,0.41085992382346753,8163.0,24958.988138274854,493,4882324,3404347,974128,582369,1971522,1653094,987064,531164,949610,637720,0,0,0,0,0,0,0,0
324,000881,2017-12-13,-0.00482703137570395,-0.0032180209171358554,0.2835570377228515,12390.0,104523.11693241812,1922,32579749,26626655,1297569,1961488,9678450,8894265,8621599,5197802,4535833,3600131,927102,1200194,1329754,1419182,2249135,439775,3940307,3913818
325,000882,2017-12-13,0.0033003300330034513,0.00990099009900991,0.10305717044550183,5814.0,66797.91965186493,865,6193647,11644849,565057,1000174,2009929,3060546,1490776,1784756,321165,1063195,586720,583160,1220000,2011018,0,0,0,2142000
326,000883,2017-12-13,0.006465517241379448,0.0021551724137931494,0.1402403462834952,3262.0,41271.258634189304,1095,7765624,13011603,1284624,1150625,2441298,2999058,1267590,4545096,503369,3646241,0,0,1338743,670583,930000,0,0,0
327,000885,2017-12-13,-0.0011918951132300348,-0.005959475566150285,0.26296185758283513,28304.0,109905.20334035317,4075,128298931,117261108,2256988,2985353,19353454,23142800,24151582,22442948,29932875,24591183,22641776,14982650,7090908,8502692,4823592,2177008,18047756,18436474
328,000886,2017-12-13,-0.005617977528089901,0.004213483146067398,0.18309036765920922,19116.0,116303.18619917953,1513,51336251,29678226,1358462,779763,9975411,5158960,4489562,4540881,7160017,5499306,4833146,4305485,2060373,6058506,414888,0,21044392,3335325
329,000887,2017-12-13,-0.005810575246949501,-0.00639163277164434,0.4184601030757476,10272.0,98762.67456651124,1691,37345389,32592064,1257533,2054168,6313051,7316101,6227585,4193432,7279476,4595277,3074797,3821349,3434654,1409096,4042213,2285411,5716080,6917230
330,000888,2017-12-13,0.024801587301587213,0.023809523809523725,0.24371845947773582,11330.0,112467.04080359127,1711,34079666,46471938,1214560,1234365,6729745,6602304,6784244,6408546,8178380,6633682,3127023,4020135,3042195,5809887,442980,442980,4560539,15320039
331,000889,2017-12-13,0.0035038542396637062,0.004912280701754312,0.010078826013626285,15675.0,74963.8873007406,695,14220595,12401409,684694,542131,3198287,3934730,2340447,2371530,3227809,2406486,2064652,1552357,716974,310176,405798,428999,1581934,855000
332,000890,2017-12-13,0.007440476190476275,0.007440476190476275,0.19752987680417097,6720.0,38520.60162488271,1157,8691787,13577234,1190682,889707,2958244,4176175,1334372,2991445,2378054,4510536,496064,0,334371,1009371,0,0,0,0
333,000892,2017-12-13,0.0,0.008119079837618504,0.2168959117764021,7490.0,60139.19048079414,1161,14718988,14643132,1095783,947688,4742536,4739241,2302068,2883964,1483384,2843072,2251572,205442,0,0,2086635,1257215,757010,1766510
334,000893,2017-12-13,0.016518424396442244,0.011435832274459878,0.251874286249383,7925.0,24164.149681290353,976,8159240,6554266,937268,865607,3757262,3698668,2248867,1097656,791523,892335,424320,0,0,0,0,0,0,0
335,000895,2017-12-13,0.026285272516428204,0.019713954387321042,0.3547144873589199,23301.0,225316.34395137813,5322,234866204,239144491,1187625,3207556,27651176,25777918,17414868,18048985,54819043,40939270,27300364,27855223,12387163,18944020,13296104,23771566,80809861,80599953
336,000897,2017-12-13,0.005698005698005604,0.005698005698005604,0.0928438503853181,1056.0,43866.31211753223,1431,4661353,8537275,631379,1382574,2594818,2427870,1033172,1478575,101376,101376,0,479424,300608,668096,0,0,0,1999360
337,000898,2017-12-13,0.01746031746031762,0.014285714285714235,0.09402225055804608,9480.0,187589.76119327347,4500,116497779,155773067,2336976,5371196,12681659,17299717,10919933,16283526,15335206,19611654,9628538,14935466,11973269,6878429,8156300,8250644,45465898,67142435
338,000899,2017-12-13,-0.0017211703958691649,-0.0034423407917383297,0.2927486522615065,5810.0,26632.14414071134,393,3177195,2865883,375555,392749,1351410,1360214,229350,649720,1220880,463200,0,0,0,0,0,0,0,0
339,000901,2017-12-13,-0.00039824771007557214,-0.0063719633612107085,0.4593242804899636,22401.0,118594.36286562742,2991,93941260,59884791,1736195,2434755,13122132,13739506,22821094,12027464,16079609,10521153,9276338,5678080,3564679,4315029,1730768,2708892,25610445,8459912
340,000902,2017-12-13,-0.002192982456140302,0.0,0.2567858442392594,1828.0,54936.22121209681,1261,15969060,10203615,1055849,863380,3177655,2358881,2040676,1474972,3679560,2128278,2988172,1562796,1309068,652428,1718080,0,0,1162880
341,000905,2017-12-13,0.0017467248908298316,0.003493449781659441,0.26666119280706363,12628.0,64171.456951355554,1844,34863852,29858462,1535670,1214599,9037865,7929234,5583579,6147540,8840412,6086697,5177723,3670465,1308428,1345068,2624475,2709159,755700,755700
342,000906,2017-12-13,0.013262599469495928,0.0053050397877985045,0.2844266319117712,6056.0,51043.373713439476,702,7532053,7328994,602661,847203,2056870,2212061,1310108,1780882,1340734,711432,803006,1261142,0,0,902400,0,516274,516274
343,000908,2017-12-13,0.006535947712418277,0.0016339869281045694,0.26126422363612495,2753.0,24734.93700808644,548,2974558,2796961,292280,583984,951662,1744055,496030,367496,759484,101426,475102,0,0,0,0,0,0,0
344,000909,2017-12-13,0.004444444444444473,0.001777777777777656,0.5280509338983693,7896.0,21341.887354981885,453,2792026,3283650,419079,466822,1281915,1939648,771532,562484,319500,314696,0,0,0,0,0,0,0,0
345,000910,2017-12-13,0.01556939501779353,0.008896797153024938,0.37583250897211884,18112.0,97775.03595161307,3585,91366849,51198724,2184078,726065,34680657,8701903,13636235,6977711,13810634,11023607,6183917,5461184,2563529,3693355,5837202,2251404,12470597,12363495
346,000913,2017-12-13,0.011578947368420911,0.007894736842105177,0.8506221552956527,11493.0,35502.0698766871,498,5912190,5237630,496341,494734,2761277,2273316,1716308,843516,375522,1063322,223119,223119,339623,339623,0,0,0,0
347,000915,2017-12-13,-0.009545753785385136,-0.017774851876234288,0.6178081041720682,11944.0,106028.49109030036,2422,65711003,55494404,2523600,2587787,7884137,8572101,4469004,5129525,16856251,12703554,11849340,9094862,8176116,3087768,4217308,2137666,9735247,12181141
348,000917,2017-12-13,0.00901916572717032,0.006764374295377795,0.18635788732817168,10692.0,80618.86677844595,2266,46219710,43250257,2916698,2435202,8357896,8787085,9265392,7144966,9401561,9953453,3878613,6073252,4983330,3943529,3945530,2216906,3470690,2695864
349,000918,2017-12-13,-0.004120879120879106,-0.006868131868131844,0.12880188847454593,18863.0,230347.0030520431,3200,123523430,104001788,2115861,2583158,12391548,15661812,9636550,14018672,22069945,17501233,16097543,12638305,11472821,9060948,6801911,8289301,42937251,24248359
350,000919,2017-12-13,0.009132420091324311,0.005707762557077611,0.3705653025482542,7901.0,38250.60612011771,558,4476314,6902959,330276,689072,1493279,3463864,944715,1123614,744073,1275638,0,0,963971,350771,0,0,0,0
351,000920,2017-12-13,0.0009950248756218638,0.0019900497512437276,0.3079160365577631,12096.0,72504.47625753775,1065,19425059,16120567,772620,915158,4633222,4575947,4405731,4827421,3480058,2784495,1372630,956510,1020699,1077177,983859,983859,2756240,0
352,000921,2017-12-13,0.000705218617771397,-0.0028208744710859213,0.2212782726371656,9828.0,75909.89261739129,4114,59442601,52488078,4885099,3668390,13850466,19705800,7920575,7898538,9106472,7947530,3879008,5489623,2537692,2381668,2833718,2579012,14429571,2817517
353,000922,2017-12-13,0.0035799522673030104,0.008353221957040358,0.24783759573416902,8460.0,45731.54716311965,1143,14991934,12068038,1289568,1237675,6435902,4510293,2656754,3108647,1471956,1399156,1471146,487132,645673,304200,456299,456299,564636,564636
354,000923,2017-12-13,0.023893805309734395,0.023893805309734395,0.4412654434379269,20970.0,124962.75934031402,2626,70345631,79388105,1939113,2013280,13310893,12072434,10293580,10159804,14272336,12839011,10736198,9164429,6192248,4340731,3670603,6236249,9930660,22562167
355,000926,2017-12-13,0.007468879668049766,0.003319502074688785,0.2734894765517932,24040.0,144817.1881164948,1941,57462768,73714140,1647711,926763,11012137,6410266,7104704,10212794,12045438,20767112,5539818,7133059,4760006,7639104,4563966,5246488,10788988,15378554
356,000927,2017-12-13,-0.008547008547008517,-0.012820512820512775,0.08711104451263674,10164.0,83979.57502748175,2895,59974494,46040501,2359294,2928772,10287036,12951394,10811158,9009139,11981069,6430266,5686890,3250094,3680645,1755453,4572824,4077627,10595578,5637756
357,000928,2017-12-13,0.006525285481239873,0.006525285481239873,0.20859900077769383,12260.0,51123.39617164293,863,12573709,11599451,627252,708887,3756120,3217262,3354840,2360583,3172749,2325399,943140,887486,719608,369600,0,1730234,0,0
358,000929,2017-12-13,0.013570822731128196,-0.008481764206955011,0.4333106831140948,4728.0,31756.601826706916,740,6703876,4384904,470453,962706,2570438,1910862,1407373,559893,1434082,652179,821530,299264,0,0,0,0,0,0
359,000931,2017-12-13,0.02102102102102088,0.01501501501501501,0.18296615058690763,13360.0,51954.080104988636,1325,21094529,19148703,937555,1139945,6955282,5151616,4904642,5500310,4347759,3409435,2241376,2276382,1059240,1022340,0,0,648675,648675
360,000932,2017-12-13,0.01990049751243772,0.012437810945273853,0.12668079760637485,26730.0,168864.55336484028,4035,148354772,181707670,1906828,4410850,16030407,21720311,14559008,20792203,31742454,40264362,19503828,21849333,8478727,13939874,10963391,10708195,45170129,48022542
361,000933,2017-12-13,0.02028639618138417,0.013126491646777927,0.1287092375407556,26086.5,192300.44472884602,4246,168856027,183683338,2418982,2706346,18365142,19557968,23245608,23932169,29366162,26560618,17443461,20969442,17297601,11642477,11035240,17371599,49683831,60942719
362,000936,2017-12-13,-0.02099737532808399,-0.026246719160105014,0.10659140796180057,27750.0,214458.53916933716,5125,218078929,216038127,2574423,4172307,20467307,27992393,23260514,32067750,33224472,39740700,29343750,25450092,16983133,16684533,11984458,10434212,80240872,59496140
363,000937,2017-12-13,0.00886524822695045,0.00886524822695045,0.11683463158876217,5640.0,62866.69417478719,2333,26267273,30929089,1812744,1777836,6200767,7595374,5178043,3710177,7304068,4407526,2951899,5827572,769646,2823310,1339097,2301005,711009,2486289
364,000938,2017-12-13,0.018281535648994485,0.016910420475319876,0.9978126301173627,39875.0,153749.76905483947,4329,171805601,186875927,1689665,2122796,20942302,23109845,25569340,30900212,40370462,42638517,20227538,23539452,19015755,16844189,7237080,8706879,36753459,39014037
365,000948,2017-12-13,0.004812319538017196,0.0009624639076033503,0.36208552518398857,5215.0,30535.280868265334,823,5843072,7728243,442376,939459,1883070,2879208,1501079,1580689,1788847,1910087,227700,418800,0,0,0,0,0,0
366,000949,2017-12-13,0.009456264775413503,0.007092198581560183,0.14514533042244965,4270.0,40343.332301368995,849,10571052,5773244,1240376,687602,2756040,2291015,2694263,1242962,1467163,1551665,1538206,0,0,0,875004,0,0,0
367,000951,2017-12-13,0.046124279308135785,0.03203074951953866,0.26027742023869666,9606.0,83408.83477317866,3600,55976168,69577493,3673394,4058929,15194604,13291042,8699499,8680706,13163786,17359636,4604759,6079145,2802301,4898218,1721024,3146539,6116801,12063278
368,000952,2017-12-13,0.008540925266903754,0.006405693950177982,0.42293231338091203,14110.0,62490.156285397774,1103,21121871,12427324,1000871,1023640,6131705,3814169,4969780,2725954,5552261,2525915,1229766,805566,309885,309885,411510,411510,1516093,810685
369,000953,2017-12-13,0.03287671232876721,0.019178082191780854,0.15108151437363654,10360.0,81883.7994871816,2339,36661226,40700999,2042594,2527987,8529976,10469520,6360244,7530723,6419753,6690160,2972870,3529790,2729316,2692462,2290772,873062,5315701,6387295
370,000955,2017-12-13,0.010218978102189746,0.0014598540145986938,0.21330696128220542,11679.0,73207.45294188178,1031,22233417,18306488,612933,965934,3914699,3422932,4879077,3593030,5664773,3284039,5351773,3423933,320362,667362,434975,434975,1054825,2514283
371,000957,2017-12-13,-0.004464285714285587,-0.002678571428571419,0.23449278131073956,15554.0,54689.00776836394,2282,37526108,34519675,1400947,1992073,12121243,12559378,7804411,7902414,8372989,7989754,2964547,1626385,1318007,1318007,1275850,473050,2268114,658614
372,000958,2017-12-13,0.0019379844961240345,0.0,0.12945666412570317,9775.5,66631.89515463379,1590,23390037,22765007,1427185,1418951,6352346,6106922,3660872,4313294,3233372,4347181,4092128,3349171,1387456,625744,2692934,0,543744,2603744
373,000959,2017-12-13,0.0,-0.0016313213703099683,0.10731722397255768,3050.0,75191.92495815724,3270,31218491,26589934,2863230,3102063,8294555,6643635,5088615,4132771,5140395,2830705,1140772,1437168,3034760,3147020,470016,470016,5186148,4826556
374,000960,2017-12-13,0.009001636661211121,0.00572831423895237,0.23880367768295396,14640.0,112839.00858935693,2619,67815575,75430820,1389339,2529464,10591412,11031362,8756288,10002241,14393174,17422165,8883860,10279465,4885715,5542235,4496322,3036425,14419465,15587463
375,000961,2017-12-13,0.0016638935108153063,0.004991680532445919,0.13225013320665793,3020.0,142598.37304387309,2066,30654145,25535197,672695,3546036,3404261,4817175,2882593,3571317,2903290,4283468,404400,208547,1006800,1216222,983666,0,18396440,7892432
376,000962,2017-12-13,0.010843373493975905,0.0036144578313253017,0.300169840301755,9578.0,62256.73053767191,764,7748027,9909423,924197,805657,3968918,3121896,1576312,2203612,1060354,697414,218246,904644,0,0,0,0,0,2176200
377,000963,2017-12-13,0.011572638974994831,0.01673899566026038,0.7008431137085224,24655.0,216421.10987654445,4773,174872432,262129502,6267792,4066813,16911135,25042398,18503336,24730469,23322431,49339389,16698631,25314489,7436833,18235511,10387546,12692879,75344728,102707554
378,000965,2017-12-13,0.01981981981981984,0.003603603603603789,0.15876289172700786,5560.0,32619.16363577764,1222,9652861,11170337,755061,1237911,4091945,3793459,2509067,2806221,1315358,1437934,981430,1894812,0,0,0,0,0,0
379,000966,2017-12-13,0.007633587786259444,0.007633587786259444,0.16702612477875867,3152.0,59880.898616993756,553,4994536,5921120,316031,573527,1233643,1414803,1105703,159519,528008,1547968,770759,1184911,317937,317937,0,0,722455,722455
380,000967,2017-12-13,0.005555555555555536,0.007777777777777883,0.25689014462854765,4535.0,41571.16896256308,1227,10823499,13014565,1692051,895202,4164439,4276996,2163018,3299714,1299576,2246498,1108928,205428,395487,1181727,0,909000,0,0
381,000968,2017-12-13,0.05291005291005302,0.031084656084656048,0.2637658220365952,24968.0,179668.5315766784,3290,99818433,144691485,2198219,2260688,14390074,15972497,13863039,21769642,17211057,29030298,8728412,9463170,7143728,15340124,2832289,5796593,33451615,45058473
382,000969,2017-12-13,0.0049554013875123815,-0.01783944499504453,0.17722395845992306,16881.0,92076.49270069887,3245,86389189,74761315,2717218,3625623,13847917,15583134,13546394,11752039,23409669,16078908,11043809,10573211,8619106,4881990,4126853,2141765,9078223,10124645
383,000970,2017-12-13,-0.0036023054755043304,-0.0057636887608069065,0.21808285444918768,23324.0,129993.6685080344,4053,136040252,110492129,2774544,2803728,18111873,21547254,19997132,17542401,28148428,24556088,19214975,18234530,10900838,9858754,7640943,3988097,29251519,11961277
384,000972,2017-12-13,-0.011737089201877882,-0.007075471698113289,0.00660921803000784,8480.0,70692.26045003468,373,5929654,6493701,354077,335878,1357735,1464863,882526,1050512,1862984,1004759,747237,1646801,0,0,0,424000,725095,566888
385,000973,2017-12-13,0.0047244094488190225,0.0,0.17099474271613394,12700.0,49223.07809254767,1379,27245017,14992598,1153175,1166847,7633586,4759931,6211351,3802454,8072514,2839172,2701960,1894373,942610,0,0,0,529821,529821
386,000976,2017-12-13,0.0023255813953488857,0.015116279069767424,0.17635249004480738,14807.0,51973.3750791834,2380,32409379,42618353,2033677,1210060,9050570,11598422,9261875,17145357,6057678,7141436,3241453,712567,347895,1476416,1302631,2222975,1113600,1111120
387,000977,2017-12-13,0.012073490813648391,0.006824146981627255,0.25651529902979214,47450.0,255361.544304329,5519,340602816,316954665,2511995,2705762,25619925,26625804,31337871,33621468,61182430,55707895,47856954,42228208,28565152,30701765,22602516,20370559,120925973,104993204
388,000978,2017-12-13,0.004907975460122671,0.0036809815950920033,0.3478607644739297,6520.0,31634.976767880777,548,3675970,6184638,333607,821452,1130016,1990983,1284747,1636633,927600,1735570,0,0,0,0,0,0,0,0
389,000980,2017-12-13,0.014814814814814836,0.016460905349794164,0.1962468769637052,14843.0,96650.87556970415,3835,79885782,96603629,2665556,3464033,17159883,17313718,16271761,17307538,22265632,19717118,5876021,11425334,5326535,6001095,960688,3966734,9359706,17408059
390,000981,2017-12-13,-0.0022371364653243075,-0.008948545861297563,0.2867083645647063,6230.0,102355.69389463394,972,13486691,17108984,320429,2438632,1246333,3089195,1771112,2029624,2489588,1514436,1378225,2363313,363192,363192,2260112,1372112,3657700,3938480
391,000983,2017-12-13,0.007769145394006749,0.006659267480577213,0.1289384495349865,13500.0,167345.9925356475,4891,156689981,151102720,3754076,4798148,16295532,21749128,16221178,23321391,18226204,21914113,10883430,12248065,15888399,11962448,10228420,10182813,65192742,44926614
392,000985,2017-12-13,0.00738916256157629,-0.0019704433497536034,0.7715994186766874,10100.0,39468.92665307586,692,6106488,8190826,475489,674326,2372331,2222760,1614044,1475435,1239074,1297115,405550,2113190,0,0,0,408000,0,0
393,000987,2017-12-13,0.004757373929590969,0.007611798287345373,0.26176786026263393,5260.0,49685.60100220629,1612,11937095,17570998,637106,2494587,3552334,5168070,1752563,3025127,2872557,2680699,1335985,1581565,0,0,0,842400,1786550,1778550
394,000988,2017-12-13,0.014645577035735213,0.011716461628588082,0.28700634130537545,18920.0,104678.68257796776,3538,83477450,112432302,1705434,2960333,14367870,17821225,16131052,17806150,20915966,28366856,12061536,14647957,7167196,12488079,2199252,1647846,8929144,16693856
395,000989,2017-12-13,0.015512465373961115,0.013850415512465464,0.6139942052384192,9710.0,85280.00465725007,864,18602877,9966220,999664,523641,3946764,3100609,3722491,1295316,3106471,2048103,1002935,1002935,0,0,833520,1331784,4991032,663832
396,000990,2017-12-13,-0.003012048192771122,0.00120481927710836,0.3735017594687203,4983.0,43323.132227305316,1975,16910728,17562051,1237401,3696507,6199231,4351203,3058086,2034384,2649448,3861958,1760617,1477888,1061455,1075151,944490,0,0,1064960
397,000993,2017-12-13,0.0075949367088608,0.006329113924050667,0.3220264914288903,7920.0,24925.277792079083,601,4528932,5740616,361211,879136,2102078,2708854,1463518,1752741,389065,186825,213060,213060,0,0,0,0,0,0
398,000996,2017-12-13,-0.011235955056179803,-0.000702247191011196,0.22543243250496733,28800.0,225643.6077564939,3993,157134024,218924368,1649554,2822629,16821236,21919225,17213112,22993522,25404239,35327331,17586079,24424012,17277861,15980558,11706854,17672631,49475089,77784460
399,000997,2017-12-13,0.020408163265306145,0.020408163265306145,0.296138281814123,24180.0,218136.01921283198,3955,150188749,209784235,2442532,3655422,15673095,19424354,18282660,18966195,23073894,31858322,17087348,22160723,11044259,15797255,7353427,8274776,55231534,89647188
400,000998,2017-12-13,0.011529592621060791,0.01114527286702538,0.43325530157866887,28600.0,161340.5066833278,3608,143530691,139218322,3002602,1621024,14205534,14033653,25522520,22461184,24270953,24810083,19807279,16007682,10403454,8951547,4784020,6819830,41534329,44513319
401,000999,2017-12-13,0.009769441187964079,0.00859710824540838,0.43609450690856383,10304.0,79356.03781132666,3444,59865919,48595935,6291357,1863876,13319827,15024584,8962623,7720572,12449216,8277431,4704960,5382935,2450505,2205281,2179014,4346686,9508417,3774570
402,001896,2017-12-13,0.0073260073260073,0.005494505494505475,0.1951789711608804,4941.0,39761.26403144426,782,7376433,7603578,386193,777268,1943843,2171532,1602376,1420136,1746326,2085674,1697695,1148968,0,0,0,0,0,0
403,001979,2017-12-13,0.007015650296815945,0.005936319481921082,0.28196404696827676,12971.0,162663.12923002106,4321,138712495,102405958,8002973,2810258,18375167,12939939,14874750,9422548,21667432,20387031,15716329,14582557,19812454,9166808,8022425,9083283,32240965,24013534
