,code,date,pchange_whole,pchange,change_std,amount_median,amount_std,length,sumsell,sumbuy,sell_vol_0,buy_vol_0,sell_vol_1,buy_vol_1,sell_vol_2,buy_vol_2,sell_vol_3,buy_vol_3,sell_vol_4,buy_vol_4,sell_vol_5,buy_vol_5,sell_vol_6,buy_vol_6,sell_vol_7,buy_vol_7
0,000001,2017-12-06,-0.013574660633484115,-0.034690799396681626,0.2244566728622795,128834.5,951420.6388416225,3494,854373154,633434661,560477,458286,8462261,12516849,19553166,21200172,43937879,46522983,37491840,32765213,37643566,33570282,29587606,23738719,677136359,462662157
1,000002,2017-12-06,0.0013016596160104754,-0.006833712984054663,0.5235547591597204,110862.0,528201.1533651405,3448,524823792,341615606,636197,538606,10550361,10248019,21878543,19624934,58568626,36555001,50981903,32623571,47525128,32503742,38361065,24978494,296321969,184543239
2,000004,2017-12-06,0.00619743249225313,-0.03984063745019917,0.6612174738057134,15260.0,77771.6253870507,1170,21781294,18370839,987079,1033724,6087461,5437901,5049166,3669941,3263247,3180793,2259715,1552723,733279,663629,416380,1736933,2984967,1095195
3,000005,2017-12-06,0.005025125628140614,-0.005025125628140725,0.1537792303332575,3990.0,151796.5526970868,670,9489976,7831838,451669,914535,1584443,2175862,806706,1079572,734593,967221,519961,424658,318400,0,0,1227996,5074204,1041994
4,000008,2017-12-06,-0.004683840749414414,-0.005854800936768045,0.32221752954669136,5076.0,342871.2273945008,703,22985239,9755122,1001294,445167,2662182,1001374,1313379,1297634,1260646,1264947,478314,238000,360822,0,847500,408000,15061102,5100000
5,000009,2017-12-06,0.00969529085872578,-0.0013850415512465242,0.16830696602606626,14500.0,88695.22776882954,1843,38927841,30978452,1669867,1384560,11540573,6636099,6857451,4225794,4492114,5519633,3271400,2330086,5516035,4335921,1344691,889285,4235710,5657074
6,000010,2017-12-06,0.011811023622047223,-0.0019685039370078705,0.17144775248461733,6096.0,58163.67045089922,878,11587332,9471454,1052931,606149,3486676,1811330,2296678,1081681,2758564,993799,1626096,1482288,366387,1413399,0,1316308,0,766500
7,000011,2017-12-06,0.012727272727272698,-0.0036363636363635488,0.5522980960250098,11602.0,40649.06120649152,892,11764589,10889913,1187652,735467,4670366,4249777,2645753,2224046,1882752,2116493,0,1227530,1378066,336600,0,0,0,0
8,000012,2017-12-06,0.009132420091324311,-0.012557077625570678,0.17754779583320773,28627.5,220575.01531458477,2438,110516428,84114236,1623456,1729774,11848344,11186259,15317161,13762643,19639570,19742651,10877583,8931927,8060383,6704382,6170026,3991827,36979905,18064773
9,000014,2017-12-06,0.006756756756756799,0.0016891891891892552,0.5752854598122505,11880.0,114149.05660367146,423,2581610,10814329,348700,307718,1071616,3298472,295658,960701,464768,1143155,0,511930,0,1430296,400868,0,0,3162057
10,000016,2017-12-06,0.0,-0.018333333333333424,0.15779852303654843,14825.0,123384.50290962138,1448,42959705,28614962,1119067,947370,7529124,5318118,4831189,4205757,10447263,4838712,5372584,5184556,1766310,1076329,2674310,2698196,9219858,4345924
11,000017,2017-12-06,0.003034901365705611,0.0,0.323561854130894,2640.0,14442.300729773864,414,1449260,1725259,425823,440644,971645,605775,51792,332559,0,346281,0,0,0,0,0,0,0,0
12,000018,2017-12-06,0.0,-0.014285714285714235,0.22017102428024157,4194.0,44276.72890659598,1011,9514833,7607557,760829,2080979,2440449,1726814,2019334,534952,2182541,1394663,1505170,1247229,0,0,0,0,606510,622920
13,000020,2017-12-06,0.0563909774436091,0.046616541353383445,0.3960296733104982,12618.0,65364.4031904187,1131,15046400,18470716,1193315,915038,5194506,4783555,3067370,2878105,2953948,3115309,1203661,2416030,324800,1320119,455000,930599,653800,2111961
14,000021,2017-12-06,0.035147392290249435,-0.0022675736961450532,0.21155077955242255,14256.0,85866.16873203401,1740,34465868,30463683,1450523,1439644,6931176,9584338,5938181,6626026,6492898,7060875,3717965,3222386,2104923,678612,1380409,428160,6449793,1423642
15,000023,2017-12-06,-0.029385574354407806,-0.01846015308419635,0.05853401903031156,13605.0,59488.82331272085,458,5634582,8802870,344855,447030,2001234,2356042,1533422,1696250,1323395,1911879,0,919636,0,300580,431676,403914,0,767539
16,000025,2017-12-06,-0.0027855153203342198,-0.020511521904279628,1.0673922290285174,15572.0,53237.80807322834,1369,24886391,18256199,1003529,1679130,6697078,6401604,5907786,4020811,6354699,3457563,1419616,1693957,928994,1003134,931873,0,1642816,0
17,000026,2017-12-06,0.016346153846153788,0.0,0.4899724356066584,6228.0,72074.16038443599,450,5908072,4315778,322839,544474,1322729,1502429,563490,853179,1286478,701198,260000,714498,327376,0,0,0,1825160,0
18,000027,2017-12-06,0.0,-0.005033557046979942,0.22732452428722782,5940.0,70757.29176616103,687,11184184,7887182,445763,768095,1677905,2116579,2433828,1364622,2568473,2024458,800368,1267733,974204,345695,0,0,2283643,0
19,000028,2017-12-06,0.025940996948118134,0.03259385665529013,0.04752958216227886,11946.0,93452.11645559967,1919,45444938,18933351,2033755,595582,14753891,5332018,9311885,5159796,7935038,1519070,1895526,1424615,1724757,713551,0,854713,7790086,3334006
20,000032,2017-12-06,0.018324607329842868,-0.0043630017452007674,0.4740931775997537,9264.0,26269.20232524672,584,6518229,3689588,628329,533129,3338820,1728443,1597329,774282,647745,653734,0,0,306006,0,0,0,0,0
21,000036,2017-12-06,0.016091954022988464,0.0011494252873565092,0.2369053363867945,8700.0,88359.26366030247,1349,26587422,17107870,1264509,2663058,4845098,4270785,3543675,3078080,4365814,2308131,3426997,1136507,1403679,0,2186306,877870,5551344,2773439
22,000037,2017-12-06,-0.002490660024906499,-0.01743462017434616,0.4638435434117135,8050.0,121931.40233382596,299,9798167,3246334,300654,343820,811928,1104498,1090001,512216,795282,354885,241500,212715,637639,718200,890116,0,5031047,0
23,000038,2017-12-06,0.02481389578163773,-0.007444168734491274,0.5615872447820989,14322.0,61374.86332704959,1293,23717157,19427896,1083572,745871,6932949,5193461,4661046,4386356,6311430,5364364,2465717,894949,336641,701150,442800,857668,1483002,1284077
24,000039,2017-12-06,0.01195426195426208,-0.004158004158004047,0.3775033395361513,17401.5,169200.9266169564,2600,98935633,68889081,2528884,1577472,11343333,8961985,12000876,8923821,18590585,11184132,11124461,5855831,6339784,6532277,3105554,6633979,33902156,19219584
25,000040,2017-12-06,0.008668242710796026,0.0063041765169424835,0.35537861575825647,2566.0,31705.718247413035,1275,9744347,8997429,1801026,479060,3077915,3199396,2062879,3435368,1637792,1652125,221850,231480,0,0,942885,0,0,0
26,000042,2017-12-06,0.0032594524119948787,-0.006518904823989535,0.9744839511102766,7750.0,30990.766144050867,247,1333295,3024212,166480,218420,634741,1194411,325580,1047731,0,328090,206494,235560,0,0,0,0,0,0
27,000043,2017-12-06,0.001984126984126977,-0.01388888888888895,0.47371813051467904,10065.0,130291.2476914509,452,13772501,7967403,316990,632040,1444592,1742239,1797515,1186888,2207806,844494,1159033,557843,1309716,713769,1400282,868408,4136567,1421722
28,000045,2017-12-06,0.015686274509803866,-0.0117647058823529,0.38679424705572607,10280.0,62076.39411452703,695,13351648,7343431,477725,619521,2516081,3106298,2485330,1652272,3136158,1965340,992538,0,1105790,0,951150,0,1686876,0
29,000046,2017-12-06,0.0027063599458727605,0.012178619756427755,0.3311306231030589,3715.0,72547.09990420697,498,7338910,3834811,341028,514646,1680179,958662,841827,446103,656441,845852,549592,0,1871730,0,498750,492528,899363,577020
30,000048,2017-12-06,0.009086975335352632,-0.0060579835569017915,1.7938777999254012,6894.0,11797.456719031803,165,966853,301513,422983,57685,373644,243828,59826,0,110400,0,0,0,0,0,0,0,0,0
31,000049,2017-12-06,0.01992528019925288,-0.0034869240348692765,1.0034155987163653,20365.0,113756.39988436864,1601,40540070,49058061,947972,1513655,7235121,8718577,5101023,8286848,10173716,10592399,5553047,5512367,5119747,2401528,2100256,1631054,4309188,10401633
32,000055,2017-12-06,0.008025682182985605,-0.020866773675762618,0.18721890353463808,6436.0,47058.94288812269,1108,14371036,9589052,905896,927531,3804351,4278475,2929058,2465892,3291783,1409634,1796383,507520,334260,0,422705,0,886600,0
33,000058,2017-12-06,0.03600464576074347,-0.008130081300813052,0.25012546108610606,11219.0,47962.52222091554,1185,18173530,15427605,1186376,1349003,5022274,5837803,4620423,3773049,4255552,2061375,930749,1194715,1325896,336960,832260,874700,0,0
34,000059,2017-12-06,0.004119464469618972,-0.010298661174047541,0.2558202590286659,15584.0,149696.78307685244,1441,57557051,35183325,1022960,1565817,5240486,5901473,6842028,5137220,9747063,7151768,4377801,4710485,5763844,2822570,4448945,3070032,20113924,4823960
35,000060,2017-12-06,0.014563106796116276,-0.003883495145631133,0.20028034464748487,13376.0,213223.37218363755,2649,112047454,76142796,1706466,1929860,12036544,8558443,8095620,6641904,13199781,12221423,8667496,9402586,8635923,8950674,4900534,5398428,54805090,23039478
36,000061,2017-12-06,0.0175675675675675,-0.002702702702702786,0.3333785538432274,5166.0,94648.14465902458,492,5232774,4770897,443902,711414,1145951,1487261,1004759,526954,703747,669819,222600,291115,0,0,0,0,1711815,1084334
37,000062,2017-12-06,0.023929471032745564,0.007556675062972307,0.6697925252661953,19120.0,68723.83208283478,1265,20694913,30607227,1179348,910602,6901133,6132187,4040344,6399665,4522764,7863773,2995270,3553821,1056054,2147504,0,874734,0,2724941
38,000063,2017-12-06,0.014973576042278225,-0.029947152084556783,0.5708067807409813,316445.0,1311719.236810231,3563,1165457770,1061597845,130466,144041,3580856,4245756,10760234,12182978,38535544,43541888,52314813,50001773,53037500,47828101,49190180,52868672,957908177,850784636
39,000065,2017-12-06,0.02610966057441244,0.0005221932114882755,0.5210676786075867,19160.0,78633.15220029715,1351,30680174,21302578,1260188,1074286,9853408,6547593,5325336,4736144,3700784,3212790,2776101,1928655,1498038,1475442,823259,821640,5443060,1506028
40,000066,2017-12-06,0.026666666666666616,-0.002962962962962945,0.1584538890307142,16950.0,103634.66150455318,1817,47675983,44575402,1451096,1123242,9457099,7153099,8193345,7436288,9671227,7524460,5284149,6187392,5196682,4818107,3036820,2150024,5385565,8182790
41,000068,2017-12-06,-0.023853211009174258,-0.029357798165137616,0.23777459094649547,8624.0,48287.65790141763,525,6786858,4937150,408329,559785,2042455,1925055,1999822,831533,697354,428374,1013038,755343,0,0,0,437060,625860,0
42,000069,2017-12-06,-0.0023068050749711633,-0.006920415224913601,0.15500370827633742,17340.0,201378.8770301867,3139,150794137,79177370,2268117,2551338,19284595,8789854,16402137,8409755,23830924,8642007,13452609,5013479,5526377,3339353,17957319,12618108,52072059,29813476
43,000070,2017-12-06,0.0094736842105263,-0.012631578947368327,0.27734995124383377,5618.0,61060.96954500058,1175,16774222,12934923,1926172,1057674,3875131,3579503,2601717,2150982,2551161,2728364,2047110,2225976,341896,722924,1406417,469500,2024618,0
44,000078,2017-12-06,0.006644518272425293,-0.0033222591362125353,0.13480015221900904,6050.0,118888.05547484435,1999,28546813,31674369,1512579,1928356,7126851,6234555,4786825,4144123,4985784,5764657,2223819,2351740,2398476,2268364,0,919405,5512479,8063169
45,000088,2017-12-06,-0.024020227560050622,-0.050568900126422345,0.22893692074716154,10198.5,87456.54849064811,1194,27764336,12100896,1113353,1433253,5452834,4985818,4632098,2587775,5050834,1357425,4375664,1429347,2279163,307278,438588,0,4421802,0
46,000089,2017-12-06,0.0011402508551880963,-0.014823261117445696,0.303317987759841,6557.0,85518.93457422197,836,17190953,16181156,833565,406958,2776143,1340814,1751831,6878842,3208896,4610389,1270625,1345063,1734097,619496,1699918,440125,3915878,539469
47,000090,2017-12-06,0.012072434607645954,0.001006036217303885,0.22577440614580055,5982.0,42234.34496851536,1941,14682941,20155843,1958273,2052634,4447762,7535447,2487455,4711981,3266366,2465032,1229035,1162568,690450,1301581,0,0,603600,926600
48,000096,2017-12-06,0.0,0.00366300366300365,0.7128894981630179,6850.0,28813.63214268176,366,3039586,3243470,705079,208940,1446335,1058060,359352,1081142,316470,895328,212350,0,0,0,0,0,0,0
49,000099,2017-12-06,0.01683501683501687,-0.004489337822671247,0.29563761346128065,7112.0,38062.00871343879,908,8114825,8965062,646028,1694799,2419332,3253551,1324252,1713277,2596710,1461950,465775,533349,662728,308136,0,0,0,0
50,000100,2017-12-06,0.019704433497536922,-0.007389162561576179,0.07265481644481134,28684.0,427407.53024613205,3147,225271788,176974964,2006148,1694989,15044431,12744294,15871207,13447093,24032392,19293319,19306013,13305622,15016558,8428820,17128984,8813549,116866055,99247278
51,000150,2017-12-06,-0.005005362888809484,-0.010010725777618745,1.476477178178635,11084.0,36026.51653060322,358,5228028,2179088,493918,244412,2319543,878315,1349201,267046,471844,430695,268496,0,325026,358620,0,0,0,0
52,000151,2017-12-06,0.033140016570008424,0.009942004971002394,0.35580687637038283,7364.5,72006.50089472593,1152,11712729,19468723,894233,1345695,3237314,5709799,2542808,3526064,1722277,2987228,1001389,702766,973708,0,0,1326640,1341000,3870531
53,000153,2017-12-06,0.022222222222222143,0.0,0.28683253119474506,3835.0,42886.264779087986,712,5881980,5627895,319199,1110667,1435269,1874800,1130351,947210,1238029,1035328,501448,282075,751152,377815,0,0,506532,0
54,000156,2017-12-06,-0.006901840490797562,-0.01610429447852757,0.38897283614722983,8984.5,117992.42180816029,1124,17480392,5500694,1408448,1026496,5002393,1468586,1870079,848146,1960324,1332210,1106258,444780,0,380476,0,0,6132890,0
55,000157,2017-12-06,0.004728132387706863,-0.0023640661938535423,0.09720985844664379,11816.0,166465.31242930316,1902,50389902,42703078,1134642,2182210,6396160,7509296,10093226,6560530,4951468,7357291,3902006,7977076,2724081,2773149,2918815,5191891,18269504,3151635
56,000158,2017-12-06,0.010152284263959421,-0.0038071065989847552,0.25016820746428436,7920.0,50284.48623917183,993,11814272,11226909,777735,1146284,4939544,3272607,2321620,2986019,1302732,1874220,806286,957882,393568,989897,0,0,1272787,0
57,000159,2017-12-06,-0.0018867924528301883,-0.02075471698113196,0.21707445140300732,7860.0,56643.75929382327,596,8555435,6155979,385761,640896,1748575,2175183,2000857,1160676,1658994,915714,788466,932154,713312,331356,0,0,1259470,0
58,000166,2017-12-06,0.0036231884057971175,-0.0018115942028985588,0.13300735501517477,13750.0,197439.70349838564,1725,59612464,34472379,1876167,811500,8353192,5029704,13366595,3599830,11897564,4345096,5289566,2703026,3067031,2465727,1355685,0,14406664,15517496
59,000333,2017-12-06,-0.02019230769230762,-0.02749999999999997,0.8934182311859583,127950.0,888399.0801926047,3389,721042915,486525992,416457,267890,8787458,8435369,21279631,19441830,44761025,37971459,44839016,36879063,34170656,32307049,35182724,35544681,531605948,315678651
60,000338,2017-12-06,-0.010362694300518172,-0.01943005181347146,0.13442434203017725,36425.0,278619.63756421657,3307,201859936,163263386,1260350,1715633,16730617,17062969,18199903,20028601,29776708,24273079,18506760,16524644,13019535,12410864,11528317,12603582,92837746,58644014
61,000400,2017-12-06,-0.003615328994938549,-0.01590744757772966,0.39152078247691663,6910.0,73398.43373127407,1248,16117411,17691863,849096,1934297,3729489,4814021,2746478,2931480,2319469,2393291,2107612,1027283,365557,1632082,405520,1277435,3594190,1681974
62,000402,2017-12-06,0.004484304932735439,-0.0035874439461883734,0.22675458975897692,8904.0,80138.67352182334,2421,38872521,39665869,2186383,3310087,8018030,6393995,6776548,4017694,7421074,6188642,5419649,10289486,2009267,1641611,3244253,2227002,3797317,5597352
63,000404,2017-12-06,0.026645768025078453,0.017241379310344973,0.255480824787914,12860.0,234764.34197744264,623,25913495,20050741,607403,436628,2831358,1494796,2313189,1816715,2894260,2386681,1103538,3003270,1351228,4066169,496134,1819640,14316385,5026842
64,000407,2017-12-06,0.03972602739726039,0.021917808219177992,0.3250280212545606,13122.0,112154.10566382669,504,10782929,12879463,436852,472052,2456867,1735435,1915021,445938,849269,3018286,1192226,1514018,370110,4379014,0,0,3562584,1314720
65,000408,2017-12-06,0.010356731875719172,-0.012082853855005626,0.5619901896967759,13919.0,92124.08451868787,956,24629894,17682799,1002037,497139,4492377,2876978,5410185,2498872,5422085,3454629,1217451,3704528,2148006,2085891,887723,432500,4050030,2132262
66,000409,2017-12-06,0.026533996683250516,0.01990049751243772,0.18679238076552612,14444.0,175425.1507168704,1045,27959574,19907339,878021,814502,4443568,4815192,3665234,5311856,3139797,3879624,3606579,1720716,3360276,1746235,924551,851460,7941548,767754
67,000410,2017-12-06,0.0021762785636563198,-0.015233949945592906,0.20221668746755783,20999.0,340853.0483802665,2072,88087958,95179893,1532602,1605925,8127581,8655334,8905578,9320977,14327306,13699781,7410357,13472897,6321489,8160134,10745963,6620578,30717082,33644267
68,000411,2017-12-06,0.008308895405669592,-0.0029325513196482023,1.1387840546410977,10162.5,33249.71290562823,322,3216854,3262078,428907,241665,1278245,1273144,603040,793844,435996,953425,470666,0,0,0,0,0,0,0
69,000413,2017-12-06,0.010752688172043001,-0.0021505376344087557,0.17907034030348534,26292.0,164093.68302046854,2700,109205346,101328214,1664569,1933969,12168879,14743357,15791070,11942545,18561058,18507615,12000950,9527374,7502929,12289771,11469578,4988204,30046313,27395379
70,000415,2017-12-06,0.007117437722419906,-0.003558718861210064,0.1370486223533077,6720.0,98814.72105367662,1686,23876147,18821344,1813925,1174880,4813943,4207553,3835706,8369697,2461773,1839273,1687742,1911309,1092125,353064,433086,0,7737847,965568
71,000416,2017-12-06,0.01775956284153013,0.002732240437158362,0.33109542227009553,7440.0,28593.475751106023,488,6010368,3475493,615928,453863,2730431,1431846,1434640,1011025,1013573,322769,215796,255990,0,0,0,0,0,0
72,000417,2017-12-06,0.01029601029601035,-0.0012870012870012104,0.2673046188379973,3910.0,80352.48132849256,845,13739142,10543303,772041,500008,1460960,3245569,1609360,2288834,3056873,2966591,3412838,713713,710560,363165,0,465423,2716510,0
73,000418,2017-12-06,-0.027316909669850897,-0.04038880509468756,1.4167056429866531,28675.0,94210.0297970962,1777,53385800,40209927,1255296,564156,10313781,5914878,12584909,8526307,11276072,13131185,5653983,4297451,2665469,3966082,1863202,452683,7773088,3357185
74,000419,2017-12-06,0.015625,-0.01041666666666663,0.2991600366665794,5755.0,47335.30427952103,370,5159835,3879301,269457,254539,1306016,1007655,1001301,670946,1511251,1325227,438150,293184,633660,327750,0,0,0,0
75,000420,2017-12-06,0.006514657980456029,-0.026058631921824005,0.08487925418365386,6040.0,94609.63124428364,1315,23761151,10358403,1803794,1318775,4288011,3521646,2714540,1798083,4647276,1398893,805140,1173501,1436821,342305,443700,0,7621869,805200
76,000421,2017-12-06,0.009868421052631415,-0.008223684210526327,0.27707150473962694,4235.0,23146.27353708942,481,3670059,2183958,981172,385651,1073804,799691,774072,661316,598605,337300,242406,0,0,0,0,0,0,0
77,000422,2017-12-06,0.0024271844660193054,-0.01456310679611661,0.1586812475022474,8320.0,78373.76223473606,674,12611977,9637970,490626,805827,2289136,3169249,1844575,1328258,2157835,2301755,676035,1397959,997837,634922,1853278,0,2302655,0
78,000423,2017-12-06,0.0016564518800730177,-0.0031472585721384894,1.397252269614576,24190.0,143921.8983401186,1866,77174618,49757385,960584,1396656,10860943,8742785,12313978,7150804,14730334,9225950,7490096,5458557,6102161,2371098,5757100,2310573,18959422,13100962
79,000425,2017-12-06,0.013698630136986356,0.0,0.07038215124169907,8418.0,109858.79472116071,2710,52376805,37548299,2514726,1405742,16420118,5877235,7684564,4979999,7505180,4142483,5592003,5164272,2077808,2798907,1775398,432835,8807008,12746826
80,000426,2017-12-06,-0.0019980019980019303,-0.029970029970029843,0.20513714163599464,24036.0,187747.92205598965,2388,104864049,82876643,1535384,1901909,11987400,8314499,14388854,9100863,16586243,14238000,12613936,10092654,7267042,7299174,7188127,4837513,33297063,27092031
81,000428,2017-12-06,-0.004975124378109319,-0.01243781094527352,0.1791628766995081,8888.0,67271.47125751158,503,10169125,4603878,478260,500769,2355743,1582058,1875616,1086535,1798091,858561,743850,274456,1005982,301499,438983,0,1472600,0
82,000429,2017-12-06,-0.01278772378516635,-0.025575447570332477,0.20911142513506312,4614.0,137275.97886959583,1399,27432500,16871669,2192655,734869,3611557,3216198,3590558,1836109,4163664,2443069,2685225,1839497,2481311,702677,450170,901670,8257360,5197580
83,000430,2017-12-06,-0.008130081300813052,-0.020905923344947674,0.38266863944645896,4317.5,64584.70715677484,506,5737166,5490702,797805,467324,1284716,1381395,720689,617899,665270,990783,669920,786711,317057,363375,1281709,0,0,883215
84,000488,2017-12-06,0.004819277108433662,-0.01927710843373498,0.3237020501861866,31445.0,205436.16562648618,2632,141108657,102243619,1004577,2496543,12347154,12760524,14891206,11534694,24155848,18743831,16001657,10732947,10625017,9091842,8644488,6738464,53438710,30144774
85,000498,2017-12-06,0.02499999999999991,0.0,0.14912640424941848,3245.0,44377.552201321094,1846,13771413,14912665,1776914,2271580,5239903,3856812,2594183,2874418,2724816,1914672,883696,1203394,0,1064612,0,0,551901,1727177
86,000501,2017-12-06,0.0006309148264984632,-0.012618296529968376,0.46140494601035137,7960.0,112392.10933472759,1180,24157015,15573605,1116334,1198467,4015885,3164980,2838005,3340006,4308818,4643529,2401948,1782752,3097085,1443871,0,0,6378940,0
87,000502,2017-12-06,0.019212295869356355,-0.004803073967339144,0.5207335377284796,10350.0,31597.928309760246,399,3892324,3937942,459069,375044,2183888,1307927,893210,595150,356157,918693,0,741128,0,0,0,0,0,0
88,000503,2017-12-06,-0.07474382157926462,-0.07233273056057865,0.6038138882267676,165568.0,4628285.337330791,3052,1154374513,655350730,650172,731744,6379792,9643471,11735183,14395758,25978511,29572554,33585160,31682919,44316499,35079471,33317255,33621890,998411941,500622923
89,000505,2017-12-06,0.005586592178770999,-0.013407821229050154,0.3554522777823256,13200.0,61831.86688472382,635,13598544,8815746,499145,705488,2752233,2613332,3013282,1177013,2648060,2110057,2873212,1511922,1359171,697934,453441,0,0,0
90,000506,2017-12-06,0.003870967741935516,0.003870967741935516,0.47526672131569914,8319.0,88628.02222282525,265,5728193,2900932,270534,195054,1220232,694763,1044731,295920,625701,470895,233400,0,649123,0,909472,0,775000,1244300
91,000507,2017-12-06,-0.015353121801433,0.0031282586027110426,0.012507220543133218,21166.0,159243.3550660609,2199,80289969,53310650,1819854,2042251,10508044,9623772,12340821,9870227,16176448,11642070,10583849,6578145,3928842,4379148,3194789,2230573,21737322,6944464
92,000510,2017-12-06,-0.0012531328320802837,-0.022556390977443663,0.274176603544676,7850.0,68092.14731902078,847,13411304,7952538,954103,813493,3330136,2907766,1762647,1773992,1639284,1256572,1437215,472380,779500,728335,468000,0,3040419,0
93,000513,2017-12-06,0.016055406894380564,-0.015268377144656009,1.2214156051575573,38670.0,130232.44929654482,2707,121751815,91153383,1102125,1318480,12903089,10324013,22702513,15369296,25724167,20118562,17299907,13343343,13643537,9926186,7538212,7072093,20838265,13681410
94,000514,2017-12-06,0.011023622047244164,-0.006299212598425252,0.25893565023836734,6360.0,27375.88134411889,601,4873706,3846819,484642,674780,1761571,2036699,1249716,574952,1377777,260528,0,299860,0,0,0,0,0,0
95,000516,2017-12-06,-0.0066225165562914245,-0.019867549668874163,0.1445049224611627,8960.0,75203.38748869857,984,19200903,12419364,705394,1366815,4436876,4253213,2379783,2184383,2652475,2789360,2433496,678144,1118418,669606,1376497,477843,4097964,0
96,000517,2017-12-06,-0.0027173913043478937,-0.013586956521739246,0.11985244980963732,2904.0,43872.79267366324,945,9671288,5494543,732011,964163,2079886,1670198,2069567,991162,2900000,863697,703480,1005323,0,0,409989,0,776355,0
97,000518,2017-12-06,0.007704160246533087,-0.012326656394452962,0.34747294092583764,6430.0,25451.70183511131,348,3357287,1768909,420537,282187,1505654,928876,744065,331802,444620,0,242411,226044,0,0,0,0,0,0
98,000519,2017-12-06,-0.03602484472049705,-0.007672634271099765,0.010034326588358665,10283.0,55509.030372864145,1437,19431297,17611843,1152083,1501218,6679782,5706373,5566922,4195567,3309169,3643204,444776,444244,630361,995286,919736,0,728468,1125951
99,000520,2017-12-06,-0.0024691358024691024,-0.01975308641975304,0.14087325715903484,4836.0,66189.32281489932,827,12621775,7212445,766102,832525,2753553,2071497,1326220,1589520,2738092,713592,1811314,545626,1120150,338483,0,0,2106344,1121202
100,000521,2017-12-06,0.00994035785288272,0.0,0.2500241275976042,6552.0,60170.15243795747,404,5793717,5150981,428422,271552,1251054,1337410,1186881,963715,1692343,508271,733018,201600,0,1291133,0,0,501999,577300
101,000523,2017-12-06,0.026474127557159832,0.006016847172081619,0.31899066019122485,5869.0,32216.867866886012,678,7407138,3657130,1377645,266962,2228613,1698992,963823,1259788,2524110,119848,0,0,312947,311540,0,0,0,0
102,000524,2017-12-06,0.009023789991796649,-0.015586546349466768,0.27692943090868144,3630.0,30516.168431605227,1939,11554098,12620858,822240,3896127,5202753,4431201,1803792,1786176,1859054,1616386,1251859,0,0,366024,0,0,614400,524944
103,000525,2017-12-06,0.01160443995963667,-0.0055499495459131465,0.44333726098241566,7929.5,90492.51683375875,2004,33476001,32469093,1162951,3264832,5392614,6129652,9355404,6012404,6564085,5686218,2343266,4084444,2557844,1069314,470420,1807191,5629417,4415038
104,000528,2017-12-06,0.012804097311139628,-0.001280409731113874,0.19223617096669285,10153.0,54497.06377598983,1653,24364463,17982692,1793553,1151502,9486054,5103902,4037125,3791860,5497493,3596415,1206340,1516508,1056200,695204,0,0,1287698,2127301
105,000529,2017-12-06,0.012949640287769792,0.0014388489208632116,0.3179752679589759,3475.0,52045.57599440673,477,4711346,3592571,542397,301362,1030367,1198748,925560,1092937,532908,496844,473574,502680,348000,0,0,0,858540,0
106,000530,2017-12-06,0.005444646098003769,-0.025408348457350183,0.17607186204477715,8832.0,74478.63532921775,980,18977058,11142641,580649,982625,5145936,3063791,2391593,2203994,3886105,2470602,2723105,747273,748826,315744,406940,0,3093904,1358612
107,000531,2017-12-06,0.016169154228855787,0.003731343283582156,0.4028082002965001,10510.5,79032.78839090552,398,6480992,6575646,348880,367051,1676623,1426275,1135597,1049899,1146640,827653,976890,512970,323200,0,873162,903199,0,1488599
108,000532,2017-12-06,-0.0018331805682859637,-0.02658111824014675,0.43387265469479447,10735.0,54922.07027590413,632,11043381,7809184,376304,648776,2538071,3208894,2124003,1856848,2523099,1226264,1673238,0,1363786,0,444880,868402,0,0
109,000533,2017-12-06,0.022155085599194324,0.004028197381671816,0.5149405875912741,9980.0,42777.78169282393,371,4497962,4452064,513699,339083,1478636,1314354,1191556,1482701,853666,814926,460405,0,0,0,0,0,0,501000
110,000534,2017-12-06,-0.0028328611898016387,-0.015580736543909235,0.9462131368679375,6910.0,119795.48858982665,222,4555295,3718843,263398,118310,325914,541804,739237,546348,758603,1314983,208950,748118,307853,0,414000,449280,1537340,0
111,000536,2017-12-06,-0.0042283298097252064,-0.03382663847780132,0.12388253061680753,5241.0,124083.78786386298,1464,32582644,14219718,1806866,1026538,5228636,3155035,2859519,3039048,4915902,2004616,3310403,1601995,2014363,755334,2244569,0,10202386,2637152
112,000537,2017-12-06,-0.01900070372976781,-0.03096410978184383,0.35664460632750233,17778.0,147827.49988712987,1590,60190469,40786474,1124136,1041659,8060758,5658036,8006960,5134697,10447402,9639797,8134267,6641541,3942491,2149321,3114513,2196431,17359942,8324992
113,000538,2017-12-06,0.010526315789473717,-0.0002105263157894388,2.165817114286199,28710.0,216742.06443410585,1925,82144844,65739233,1669591,1398593,8328921,18066814,8383462,9938997,9553358,10685486,4465943,4720677,4912745,4126725,3662677,4322370,41168147,12479571
114,000539,2017-12-06,-0.010288065843621519,-0.018518518518518712,0.17073410849173967,2405.0,56607.851934406775,810,10528530,2773342,1249890,324785,2118124,1258097,1508147,678250,1340083,512210,987012,0,710640,0,0,0,2614634,0
115,000541,2017-12-06,0.015233949945593128,-0.0043525571273121955,0.20926062841421347,11979.5,88308.75426957062,1930,46845321,34458981,1247946,2266110,8218575,6972134,8801499,6631225,8815870,8089769,6148750,4309702,3729742,4106668,2629199,0,7253740,2083373
116,000543,2017-12-06,-0.0019920318725099584,-0.009960159362549792,0.17736052853189818,7014.0,101735.09769586171,801,19215778,6558524,655976,867456,3370257,2012392,2001583,774697,1962440,1326534,1017595,1174140,2779269,0,1366785,403305,6061873,0
117,000544,2017-12-06,0.007294429708222694,-0.03315649867374004,0.5836612347163463,10570.0,72468.79225884633,668,15854581,8156989,518918,790417,2676944,2470903,1668034,1365046,2086865,1566767,6021120,984978,1790880,978878,439200,0,652620,0
118,000545,2017-12-06,0.012024048096192397,-0.01002004008016033,0.15167901992247124,9920.0,58314.61962883868,1083,17013257,13004983,1278661,998079,4382601,4265735,4166932,2398648,3366992,2430954,547200,1175147,1433008,732428,481535,0,1356328,1003992
119,000546,2017-12-06,-0.022364217252396124,-0.03450479233226844,0.44469052063667913,12136.0,117697.73786912356,1240,44099741,20829758,2166414,797331,5438389,3158380,5577068,3339146,6215384,6246531,4721369,2179165,4244016,2595385,1869136,860880,13867965,1652940
120,000548,2017-12-06,-0.006441223832528209,-0.025764895330112725,0.2552419078206864,6140.0,65450.895326377184,592,10430825,4328676,370716,805615,1837093,1381163,1551901,1036451,1770695,492806,1107773,235694,307622,376947,2870025,0,615000,0
121,000551,2017-12-06,0.01261034047919285,-0.008827238335434973,0.38656702035286167,7682.5,32607.416235273602,420,5143986,2659580,637083,312225,1536108,1414878,1420695,465164,1100256,222413,449844,244900,0,0,0,0,0,0
122,000552,2017-12-06,0.008571428571428452,-0.014285714285714235,0.09151325031131498,700.0,48905.67981428985,1469,8755538,9616617,484470,990132,1969937,3404243,1272178,1387868,1959711,2186418,695104,271788,671938,381850,0,423850,1702200,570468
123,000553,2017-12-06,0.025839793281653867,0.011627906976744207,0.3272015460029077,15630.0,90878.23744103128,2241,44927265,46693511,1483877,2650935,10778680,9806304,10344300,7006924,7634671,11901429,5794583,3334995,2596026,1972044,2650868,421876,3644260,9599004
124,000554,2017-12-06,0.005228758169934622,-0.010457516339869244,0.29308664662696027,7670.0,70323.94019330232,681,12777887,7690090,592500,879471,2421743,1860913,2318519,1941562,1598983,1353096,2595415,504017,380500,685911,443080,465120,2427147,0
125,000558,2017-12-06,0.001976284584980448,-0.009881422924901129,0.1592701435597586,5035.0,33758.611494083954,1010,10578864,6164004,912516,838127,3832833,2350529,3198756,994349,1872700,795549,762059,406787,0,364444,0,414219,0,0
126,000559,2017-12-06,0.010395010395010562,0.0031185031185032575,0.26660979233532656,14452.5,116502.84277045332,1302,33521725,25310313,1500176,1107645,6340473,5198504,6135400,4068147,6181389,4442547,3129935,3501690,3156499,3610275,401440,2365823,6676413,1015682
127,000560,2017-12-06,-0.0022026431718060735,-0.02422907488986792,0.29504050350149136,11557.0,105441.36830602476,947,14564223,14187379,954154,1094372,3175906,5079309,2980453,2201595,4046682,2152483,1865460,204700,651568,0,0,0,890000,3454920
128,000561,2017-12-06,0.02947845804988658,0.010204081632652962,0.22078880708239626,8970.0,43594.41701974589,1598,20090341,16750253,2178213,1346152,7045258,5946418,4042502,4915511,4053086,2475887,1494717,494144,681565,374880,0,0,595000,1197261
129,000563,2017-12-06,0.0,-0.017977528089887618,0.1284236080754064,8800.0,91221.15041411284,1203,21891281,12157160,1152617,902873,4794557,4393350,3020496,1929791,2945652,1696963,1419928,0,0,0,2197327,892020,6360704,2342163
130,000565,2017-12-06,0.008450704225352101,-0.007042253521126751,0.28552250191228346,2828.0,28393.71248786017,618,3703343,3795868,458819,782878,1444009,1568504,629765,851899,500777,381865,0,210722,669973,0,0,0,0,0
131,000567,2017-12-06,0.01799723119520058,-0.027226580526073074,0.7599252438327837,19296.0,94977.38497084293,813,23786187,14832171,482113,580123,4086947,4005629,3644480,2513764,5787615,2574602,3534999,929885,1026585,1098761,1860356,1353176,3363092,1776231
132,000568,2017-12-06,-0.0232,-0.03183999999999998,1.1520651797305148,73764.0,440162.9983352596,2947,299715440,233778739,603583,825397,9933025,11840213,21268705,21303656,37851726,37955687,24310505,22401228,18920597,16676334,14162859,10964334,172664440,111811890
133,000570,2017-12-06,0.012987012987013102,-0.007421150278293154,0.20258663746191577,3222.0,45313.21662218976,708,7990980,5773345,282416,745138,1542833,1515903,1904324,1118063,1816592,1682101,1164100,0,1280715,712140,0,0,0,0
134,000571,2017-12-06,0.0,-0.02076124567474047,0.17046706497905484,5175.0,61354.107832026726,1152,18564866,7328436,995408,1035973,3414520,2918529,2899026,1609787,4117669,719462,2828149,707268,1422462,337417,407660,0,2479972,0
135,000572,2017-12-06,0.01598173515981749,0.004566210045662267,0.14070090100427887,8222.5,65534.75964106441,970,13149645,15286006,1001942,947799,3108197,3559276,1260015,3600306,3282340,4046115,1230244,1031856,700434,311610,931512,449344,1634961,1339700
136,000573,2017-12-06,0.020325203252032464,0.0060975609756097615,0.22465443914093428,5467.0,64775.51524090948,479,3808013,6666424,605260,410780,1666143,1523958,590042,1048734,946568,633489,0,462144,0,718560,0,824183,0,1044576
137,000576,2017-12-06,0.004747774480712064,0.001186943620178127,1.016168963302787,16770.0,78654.78040939532,274,3296195,9492869,252239,190249,822375,1027488,609258,2375291,676297,2006518,936026,2044389,0,711914,0,0,0,1137020
138,000581,2017-12-06,-0.0008298755186723072,-0.0244813278008299,0.4612484898334881,47860.0,300991.5835367697,2731,198570906,116556945,941169,1261055,11631355,13527821,20408203,16085942,32058914,23150162,23579703,17852049,12697289,9233564,8097141,5572387,89157132,29873965
139,000582,2017-12-06,0.010526315789473717,-0.010526315789473606,0.30024819615184345,10461.0,43785.728657597894,1001,14530662,10745364,1036055,1059355,4769677,4208538,3466880,2566463,2770746,1686201,2487304,290055,0,0,0,934752,0,0
140,000584,2017-12-06,0.0,-0.007382550335570559,0.3905436497170164,38584.0,334050.9386779896,1457,96639406,93192593,576441,667727,9798204,4269467,11859955,6054619,15538887,9141509,11469943,4478236,3838901,3475133,5968649,3524774,37588426,61581128
141,000586,2017-12-06,-0.013743815283122629,-0.011544804837823053,1.305843968758493,9085.0,59192.128146314135,195,2666742,3785464,260670,77974,662037,342514,445823,654616,449350,1942949,458280,460475,390582,306936,0,0,0,0
142,000587,2017-12-06,0.0015600624024960652,-0.004680187207488307,0.1884029417012213,25480.0,109761.82270379477,1159,21201655,38886230,519309,947439,4860396,6729868,7611568,2144973,5679437,12134932,1146994,1423132,1383951,1662840,0,2310743,0,11532303
143,000589,2017-12-06,0.006507592190889255,-0.008676789587852451,0.24547592861141054,6453.5,35976.20994775254,352,3883256,3204686,287467,509494,1246581,1032687,1448608,815748,454790,554944,445810,291813,0,0,0,0,0,0
144,000590,2017-12-06,-0.017033356990773574,-0.017743080198722505,1.0066616951952165,13800.0,42685.85515355151,195,3017804,2039561,184613,117805,1024850,790679,573499,395827,684921,510880,549921,224370,0,0,0,0,0,0
145,000591,2017-12-06,-0.010221465076661107,-0.03747870528109021,0.12024119927202312,10224.0,107066.46115555371,2391,69163735,25383526,3865211,1466900,10783604,6454818,12607183,4378606,15489824,5665547,6384063,1953126,4412918,3023805,1901594,1299908,13719338,1140816
146,000593,2017-12-06,-0.030439684329199523,-0.041713641488162256,0.2969379555286563,10176.0,81175.65190273966,895,18218593,10865685,959596,931973,3390833,3071716,3132389,2087251,3568653,2079321,2078652,720376,680293,660864,1717778,1314184,2690399,0
147,000595,2017-12-06,0.028747433264886935,-0.002053388090349051,0.16219808791598062,9740.0,41290.84620722715,902,11658923,11483880,818811,1020406,3704532,3749915,3628189,2619582,3047685,2339580,459706,919730,0,0,0,834667,0,0
148,000596,2017-12-06,-0.013210890929595598,-0.013371999355566322,1.483895496512752,18861.0,95421.67112678112,1751,45238924,40556603,1187742,1608762,7399615,9662443,7890942,10228816,8853761,8151357,5289465,3400139,2158385,2930465,5791080,1460779,6667934,3113842
149,000597,2017-12-06,0.010492332526230719,-0.008071025020177647,0.2752492331783344,13793.0,97526.36155546877,2028,45905136,46099601,1201592,1912881,8422347,9243513,8421098,6981415,10247983,9197409,5588440,5733934,3433319,4050481,1800800,1306398,6789557,7673570
150,000598,2017-12-06,0.007590132827324458,0.0,0.14510659594744346,5290.0,51309.30593070778,1321,15294354,11370506,1216959,1574004,3041670,4273982,2709935,1545154,2581729,2607870,2849157,465435,1476443,0,1418461,0,0,904061
151,000599,2017-12-06,0.010657193605683846,-0.005328596802841923,0.1753803762168783,2825.0,61174.58452530163,1031,10186431,10211074,1789004,407051,2520316,2772801,1429843,1620638,1665698,2100804,1170451,795230,0,705550,491119,0,1120000,1809000
152,000600,2017-12-06,0.010309278350515427,-0.010309278350515427,0.21017441048687427,15640.0,110330.58970051435,1364,34518801,41690550,904341,1355398,6087138,5396610,4223169,5958466,8119409,9351080,6159713,6303074,3685691,3077367,1764912,879510,3574428,9369045
153,000601,2017-12-06,0.0095628415300546,0.004098360655737654,0.437553769221165,7370.0,62232.63627672506,279,3433215,3628616,330534,247834,1263708,735766,894000,918575,222424,620058,0,225148,0,366000,0,0,722549,515235
154,000603,2017-12-06,0.012237762237762295,-0.010489510489510412,0.41623617049100436,11330.0,47292.63940307548,755,12791192,5850839,945569,606193,4145054,2615914,1818181,1100234,2994835,852478,2423178,0,0,0,464375,0,0,676020
155,000605,2017-12-06,0.02752808988764044,0.00393258426966292,0.5388938656561981,17990.0,56797.277834580884,1091,17840410,19782651,1116113,830149,5437960,4644337,5214543,4771743,4332883,4617992,1436791,2479579,302120,303105,0,404077,0,1731669
156,000606,2017-12-06,0.010000000000000009,0.0,0.38148497369627526,5412.0,27108.972349114785,556,4971226,2145302,1384150,287115,1590504,636168,1298998,680129,355194,288000,0,253890,342380,0,0,0,0,0
157,000607,2017-12-06,-0.006279434850863463,-0.01569858712715866,0.26737196767688515,6919.0,49403.59458282978,567,7365450,4796739,477012,636693,2598976,1695960,1641033,978913,532107,486245,717355,278163,0,315000,846076,405765,552891,0
158,000609,2017-12-06,0.002892960462873795,-0.017357762777241992,0.4662263560895334,10360.0,143813.71277771343,494,6520305,8230589,344020,456890,2215096,2223898,1687304,934716,1322948,738200,449556,261885,0,0,0,0,501381,3615000
159,000610,2017-12-06,0.021538461538461506,0.01692307692307704,0.6798726360694604,13190.0,150552.43822802106,365,6188344,14719296,316113,235281,1345729,1369455,1048586,711620,1159399,1741203,1428804,2338832,387000,1122749,0,1346415,502713,5853741
160,000611,2017-12-06,0.0386819484240688,0.017191977077363862,0.39791393355834903,10740.0,50715.07334283179,307,3845034,5167485,345312,245843,1236413,1354863,609886,2145860,367166,913279,419068,507640,356000,0,0,0,511189,0
161,000612,2017-12-06,0.009761388286334105,0.018599562363238453,0.014072560625509907,11210.0,64821.817511136775,1062,18335885,11425355,1112677,876768,4146838,5941497,2645875,2062075,2738820,1475372,1787786,221132,1878012,379044,1337242,469467,2688635,0
162,000613,2017-12-06,-0.00834492350486793,-0.00834492350486793,0.4442787542914972,7130.0,59353.502471283595,261,1940269,4574762,36433,465229,376279,1354376,224840,755998,404822,872712,0,789911,301015,336536,0,0,596880,0
163,000615,2017-12-06,0.0381443298969073,0.024742268041237248,0.1937215844754402,25212.5,148526.73120212008,2512,79825302,89404410,1642312,1642837,12708883,11666919,14181641,13876485,16117348,13192511,8723359,11076701,6850657,9323991,4773057,4522050,14828045,24102916
164,000616,2017-12-06,0.0029239766081872176,-0.014619883040935644,0.10332315513357797,7820.0,54907.90948984265,1099,15788587,11139588,1668463,957938,3088286,3888359,1719932,1920973,3899505,2059702,1933925,1502636,1966900,368725,888016,441255,623560,0
165,000617,2017-12-06,0.012186379928315505,-0.005017921146953319,0.47068950160476003,5612.0,22349.473269680268,879,7603869,3588449,1306431,644452,3782968,1886920,1522115,556388,712355,500689,280000,0,0,0,0,0,0,0
166,000619,2017-12-06,-0.0024390243902439046,-0.014634146341463317,0.3863904735169998,8145.0,47843.98278104917,450,5356777,4264947,523422,506794,1563247,1255861,1362337,563488,368809,956319,929151,982485,0,0,0,0,609811,0
167,000620,2017-12-06,0.027272727272727337,0.010909090909090757,0.1345549482706461,2228.0,22773.92505230865,1673,5724238,9168706,1041458,2307862,1469166,4140814,1086059,905282,1900449,764525,227106,732152,0,318071,0,0,0,0
168,000622,2017-12-06,0.01455301455301461,-0.006237006237006071,0.22848714085405622,8262.0,34848.29239251508,443,4723440,4045987,360607,530176,1545076,1187518,1205382,1057145,1326775,1040270,285600,230878,0,0,0,0,0,0
169,000623,2017-12-06,0.01097453906935919,-0.0030728709394205467,0.5324302836032032,22880.0,262886.67574554245,1830,85016716,51611332,877637,1465372,7811112,9622785,8423557,7720327,14947675,11488184,9729654,8529628,5294282,1419592,2733731,3115590,35199068,8249854
170,000625,2017-12-06,0.004583651642475317,0.0015278838808250317,0.29279109240572226,14443.0,124867.80962662918,1999,51314147,50435273,1128521,2568689,8679057,10192485,9736513,5080749,11364850,9052526,4968339,2432974,4317745,1392328,1663289,1427609,9455833,18287913
171,000626,2017-12-06,0.05320033250207823,0.0282626766417291,0.38240105721348444,17486.0,57329.46104047954,991,16907835,19456722,758878,569058,5147873,4898002,4429315,4626837,3957014,4994686,1794947,2529233,371059,635064,448749,441842,0,762000
172,000627,2017-12-06,0.007900677200902928,-0.022573363431151128,0.18503547123352398,21228.0,175687.92597658656,2296,94851481,53999772,1898543,1505302,12944317,9880870,10777554,9609560,16222820,11396960,11036849,8066340,4613152,4207956,6249250,852137,31108996,8480647
173,000628,2017-12-06,0.004767580452920139,-0.008343265792610244,0.40334355750058676,8420.0,23969.3083658133,432,4639222,2745808,665246,436724,1877590,1110647,1392196,980103,704190,218334,0,0,0,0,0,0,0,0
174,000630,2017-12-06,0.0074349442379182396,-0.0074349442379182396,0.053627364804917185,5874.0,210076.334945611,2555,64642586,56784791,1753532,2119453,6472521,8624422,5817805,6324409,10042419,9429204,7592867,5786160,1723764,2684717,1246363,2282508,29993315,19533918
175,000631,2017-12-06,0.017199017199017064,0.004914004914004844,0.09510078100552673,1632.0,37464.17012930606,1844,10031281,12534451,999840,1926614,2648450,4862531,1118854,1768536,1771108,2339933,1129793,679223,1402537,353219,960699,0,0,604395
176,000632,2017-12-06,-0.0016722408026756952,-0.030100334448160626,0.37469651265384524,5935.0,101931.86721417915,254,5254264,1307704,239983,234705,1120173,634915,402638,328236,745338,109848,517290,0,348075,0,410767,0,1470000,0
177,000633,2017-12-06,0.018433179723502224,0.0023041474654377225,0.4023774128594519,8680.0,25204.393434907848,465,4617619,3092180,536736,500135,2601519,1214598,713890,958382,548474,419065,217000,0,0,0,0,0,0,0
178,000635,2017-12-06,0.03285714285714292,0.014285714285714235,0.5266401480297306,11392.0,34525.61349563078,706,9390909,5641972,684451,740987,3360912,3022074,2135879,809895,1758939,1069016,1150428,0,300300,0,0,0,0,0
179,000636,2017-12-06,0.049799196787148725,-0.011244979919678655,0.21429064444109047,92625.0,449275.683584229,3386,353883768,386801599,875904,657750,11483900,10021860,21242100,20381838,43559546,44164958,37145448,35255864,34583276,30112989,26524351,24599974,178469243,221606366
180,000637,2017-12-06,0.0070796460176991705,-0.012389380530973493,0.26612364711831893,5640.0,55768.716558891625,450,6278601,3364312,294645,510178,1288144,1269043,1045092,1027331,1097799,557760,909643,0,308524,0,0,0,1334754,0
181,000639,2017-12-06,0.002666666666666595,-0.0074666666666667325,0.7563083678234418,5580.0,44365.5738020578,614,7157330,4820508,846837,498981,1639208,1412104,1421520,1351452,1372964,350071,1184710,742900,692091,0,0,465000,0,0
182,000650,2017-12-06,-0.005681818181818232,-0.02083333333333337,0.17524766265467828,7762.5,57399.10775169924,908,16053949,6501986,645569,993654,3590727,2735781,2628085,1127001,3974499,836221,1521125,809329,1342407,0,465543,0,1885994,0
183,000651,2017-12-06,-0.010613207547169656,-0.014622641509433931,0.7101701116747695,202656.0,1399843.851798437,3565,966589688,819810294,246147,246567,6366261,7274167,18487672,18079507,45057958,49691987,55138742,46255957,43107640,41733326,34941433,40465118,763243835,616063665
184,000652,2017-12-06,-0.004395604395604269,-0.01098901098901095,0.14974973500393704,5190.5,79133.42824691859,924,13580614,9361026,732068,1226586,2935617,2603455,2024029,1474380,1692540,1810218,733100,489421,1056541,793426,2152109,418077,2254610,545463
185,000655,2017-12-06,0.03556771545827653,0.0,0.23065023756933314,12580.0,73352.68784379901,1005,20459389,14985492,808177,923637,4291013,4771556,2661916,3236840,4879680,2105125,2641113,1546988,2557972,661610,0,0,2619518,1739736
186,000656,2017-12-06,0.0,-0.0022026431718060735,0.16470827007561564,5889.0,78722.30222768305,760,13697919,8062198,862948,673157,2760260,2150795,1977689,799604,1394147,1197171,1480643,1631559,1087653,732799,1688880,877113,2445699,0
187,000657,2017-12-06,0.009322033898305104,-0.025423728813559365,0.4265399998605691,11530.0,47203.3279128353,765,11178920,6506322,640056,743443,4135135,2241810,2193422,1677048,1358831,1643609,964198,200412,682676,0,0,0,1204602,0
188,000659,2017-12-06,0.0024691358024691024,-0.0024691358024691024,0.17186518764370196,12120.0,94516.15814086389,555,15666698,9167241,486264,340094,2466090,1719320,2236721,1914779,3861986,2094986,1849182,1677607,1043605,319521,1663217,434419,2059633,666515
189,000661,2017-12-06,0.001375752364574323,-0.014674691888793334,4.272019571208984,51813.0,370575.4918307218,1669,130021654,80367482,33103,870,9190651,7756289,12657556,8049337,20696208,12967278,13014094,8232820,11365944,6595125,7943550,6261945,55120548,30503818
190,000662,2017-12-06,0.002016129032258007,-0.0033602150537634934,0.5931951846091268,7420.0,38251.74746551933,629,6774628,6724139,801948,333393,2142033,2925789,1918988,1755564,874470,1444529,248965,264864,333000,0,455224,0,0,0
191,000663,2017-12-06,0.0011799410029498247,-0.027138643067846635,0.6984837276667903,16460.0,76811.0350909392,589,11356277,11845812,542993,335097,3758162,1869777,2649098,2111666,1551757,2498906,681702,1404806,1330065,2493962,0,437879,842500,693719
192,000665,2017-12-06,0.00800800800800805,-0.004004004004004136,0.47101133776078563,9960.0,57062.03233568603,449,6130944,6340404,480186,479827,1319842,2145501,1552495,766664,898433,1814640,663666,512712,356568,0,859754,0,0,621060
193,000666,2017-12-06,0.035567010309278446,0.0030927835051548502,0.5440025250227448,13744.5,94597.29255240483,1272,24197249,26574713,994353,1317703,5858470,4662640,5988985,5080428,3797245,5731110,646361,2495501,1514958,755109,2271898,472687,3124979,6059535
194,000667,2017-12-06,0.01333333333333342,0.006666666666666599,0.10815137280189774,3020.0,60093.71346388301,771,7852498,6976510,728149,649350,2365936,1245850,1182981,984135,1313673,1675389,456718,691352,655073,329896,0,473838,1149968,926700
195,000668,2017-12-06,-0.028340080971659964,-0.045209176788124195,0.7411112327950509,14445.0,84520.1422934259,400,11676740,5399500,253241,284388,1645907,1694951,1299457,1726234,3172164,891281,1463031,484566,1347902,318080,497350,0,1997688,0
196,000669,2017-12-06,-0.005895357406042745,-0.01621223286661755,0.4560482661591241,9394.0,59217.891040375616,885,14489080,9307684,722648,922657,3311499,4233685,2282048,1630949,2589247,959570,2353956,1247263,1339923,313560,481419,0,1408340,0
197,000670,2017-12-06,0.10367892976588622,0.10367892976588622,0.1335354877196772,13200.0,371449.4712992251,2008,135730139,48964734,3770030,607,15525401,204734,13104678,435835,14071870,1709563,7528788,2231963,5508996,3544038,8117122,2617444,68103254,38220550
198,000671,2017-12-06,-0.006033182503770718,-0.019607843137254832,0.14369445924329075,26120.0,182465.66669440267,2133,100101795,46318533,1213113,1118369,11756514,6077711,19141217,9253786,17259887,9845776,13073354,6826994,6812092,4390547,4473829,1695288,26371789,7110062
199,000672,2017-12-06,0.04147465437788034,-0.0009216589861751334,0.18972353956610566,60590.5,341291.71031308756,3286,290179391,249249403,1165927,922423,12867221,12305820,20430968,19157479,36385786,35596247,32817961,24586908,24602235,18777397,15122613,19009116,146786680,118894013
200,000673,2017-12-06,0.0831578947368421,0.05263157894736836,0.30379415321600606,25250.0,479514.4997800087,989,50968297,58741767,796787,558557,4493009,3178280,6638301,5628090,8090145,5521113,3334375,2477752,1700176,3961683,2216968,1879960,23698536,35536332
201,000676,2017-12-06,0.020091324200913308,0.006392694063926951,0.370775491378751,11080.0,54654.36104197999,872,12015494,10289595,642403,796581,4055943,3866877,2652576,1328953,1911598,1688248,1198695,1383325,992544,317490,0,0,561735,908121
202,000677,2017-12-06,-0.0023419203747072626,-0.009367681498828828,0.13953251378301665,8179.0,49067.6475499094,938,12794044,8913847,1014179,815821,4160846,2908873,2956508,1774418,2468991,1731926,970094,871084,670565,307866,0,0,552861,503859
203,000679,2017-12-06,0.004166666666666652,-0.015277777777777835,0.3623860436665346,8640.0,34492.56015199493,394,5644738,2887781,331980,442563,1425951,1629074,2025606,582339,1125653,233805,424366,0,311182,0,0,0,0,0
204,000681,2017-12-06,0.025587467362924388,-0.0015665796344646044,0.463600335776699,15544.0,82935.20364277072,1709,39077065,29413967,1446137,1678620,7766143,8272138,5785644,6808472,8000211,5719539,4786864,3049086,4089540,1008381,2638850,417358,4563676,2460373
205,000682,2017-12-06,0.02325581395348819,0.012684989429175397,0.17248338352255127,8559.0,45439.89527388002,752,7799506,8963389,872737,952844,2671869,2930804,1491296,1916043,1802189,1887318,0,757382,0,0,430825,0,530590,518998
206,000683,2017-12-06,-0.003236245954692518,-0.029126213592232997,0.06824888878900766,15049.0,135181.15521821173,2066,64082037,46133349,1789302,1453278,10198826,7217490,9879720,6857737,10851545,9011015,5772042,5574847,4198308,4874831,3957289,943965,17435005,10200186
207,000685,2017-12-06,-0.0029469548133594925,-0.008840864440078589,0.29469515143943703,3045.0,78227.20765131025,1193,17412325,8059958,1540863,397150,3605790,2219243,2642397,1507092,3251920,1939729,1202993,617504,700096,703550,864078,0,3604188,675690
208,000686,2017-12-06,0.007625272331154731,0.0010893246187364536,0.26387873117930505,9190.0,109905.85996224968,1210,30153177,18266805,1415815,925642,4380866,3495992,5838687,2901584,5150182,2942626,2909482,1989535,1891677,2094857,461338,911718,8105130,3004851
209,000687,2017-12-06,0.0,-0.02358078602620084,0.302933666176257,20430.0,81656.62519214409,1430,41202176,20143554,814154,881487,9168909,6758280,11134405,4609118,5634081,3219458,3283571,1901141,2129823,399087,2697938,437376,6339295,1937607
210,000690,2017-12-06,-0.0038809831824062613,-0.0038809831824062613,0.27323681921549303,11520.0,124327.107402595,800,22403745,13522897,883257,662263,3216134,2678787,3945389,2278933,4351541,2365920,3398957,1689170,3419592,718736,0,0,3188875,3129088
211,000691,2017-12-06,0.0027855153203342198,0.021276595744680993,0.01046339292160932,7896.0,56049.577430165285,626,10826295,4784725,782486,664498,2641930,1636580,2575408,1238120,2182304,362886,854570,234432,666175,0,462225,0,661197,648209
212,000692,2017-12-06,0.03340292275574108,0.0,0.27224612442191687,4800.0,38616.918066559825,309,2732643,2218016,373284,289758,977768,840467,351860,478841,284077,608950,263654,0,0,0,482000,0,0,0
213,000697,2017-12-06,-0.004892367906066619,-0.022504892367906093,0.4999617358289393,21956.0,89128.03684148054,1673,44875923,42153823,890943,1207727,6275606,9603092,10337357,9897834,9634994,8740918,5688557,4345738,3555286,3408755,3045170,2151798,5448010,2797961
214,000698,2017-12-06,0.0176678445229681,0.0035335689045936647,0.23274936771936175,4560.0,48062.04005119597,591,6083198,5415737,413295,477757,2364921,1453602,1467957,1205264,1514969,414528,0,0,322056,322620,0,969966,0,572000
215,000700,2017-12-06,0.012544802867383575,-0.007168458781361964,0.23399833533233927,8944.0,56972.535593879504,568,9399327,4376957,579438,459840,2522342,1512228,2130837,1188602,1308102,483776,213772,732511,1801538,0,0,0,843298,0
216,000701,2017-12-06,0.006958250497017815,-0.011928429423459397,0.30857432024768794,5040.0,28801.510114860914,1063,8438724,7307588,1499020,1142452,3060190,2157753,2180358,1872888,1462263,1106548,236893,710112,0,317835,0,0,0,0
217,000702,2017-12-06,0.012893982808023008,0.0,0.22643994033250883,10470.0,37662.40668163239,951,8652628,11772848,504011,1324993,3589631,3953547,1934500,3267892,1677976,1930658,646370,436346,300140,368715,0,490697,0,0
218,000703,2017-12-06,0.02959590210586227,0.0011383039271484208,0.3410874205605844,26760.0,177538.39186766234,2657,111115491,109227366,1216482,2187650,10380508,12718022,12748482,11436997,23308260,25451789,18318859,14616680,6715577,9945894,5745077,7888402,32682246,24981932
219,000705,2017-12-06,0.016949152542373058,-0.008474576271186529,0.30649468620024867,3274.0,33292.26339164027,726,6506776,3575517,661924,752606,1916530,1051381,1231628,770726,1538572,497616,1158122,503188,0,0,0,0,0,0
220,000707,2017-12-06,0.0017482517482518833,-0.01573426573426573,0.2861141400254108,4504.0,37020.41585509957,399,3786677,3311798,312705,357841,1185326,681401,794816,906620,741778,933976,752052,431960,0,0,0,0,0,0
221,000708,2017-12-06,-0.00423728813559332,-0.014406779661016889,0.42266054915995616,11760.0,57173.42936115826,779,17055039,6849476,725828,530389,4228852,2544654,3830972,1771384,4066365,776169,1916820,439265,669464,363440,890098,424175,726640,0
222,000709,2017-12-06,-0.004938271604938205,-0.00987654320987652,0.07725883415324404,18180.0,230000.6858112849,2765,132758113,82646343,2049338,1531406,16920500,9315016,15938181,8835989,16334104,11195104,12074518,4805445,7242350,4356642,7187930,3054739,55011192,39552002
223,000710,2017-12-06,0.01663685152057237,0.004830053667262968,1.4871417303160563,22692.0,108326.33020487157,1413,41567375,36580633,780913,730195,6994785,6307889,8255719,7458810,10191486,8166725,4801534,4042071,2141382,1065007,1319625,1738804,7081931,7071132
224,000711,2017-12-06,0.008716323296355188,-0.015055467511885912,0.4252014619511057,12560.0,45952.96729701241,881,17428955,8485001,760103,801270,4384052,2749245,6671605,2234375,3834729,1687691,1153466,254400,0,758020,0,0,625000,0
225,000712,2017-12-06,0.032198142414860964,0.013003095975232304,0.45367003242797455,16350.0,85424.63682898591,1268,27530291,25698878,827653,1297113,5056590,5491101,4935214,5158102,6899219,4918601,2849443,1959363,2679004,1800658,3182140,491700,1101028,4582240
226,000713,2017-12-06,0.01680672268907557,-0.007002801120448154,0.3680165650349297,9982.0,27395.92920294062,376,2842454,3511810,290828,438247,1194745,1834197,584716,423148,559165,816218,213000,0,0,0,0,0,0,0
227,000715,2017-12-06,0.06277533039647576,0.004405286343612147,0.38565773368661294,3632.0,31652.976703386772,554,4090683,2418201,1120899,198842,1358508,711778,738561,636986,591525,347345,281190,0,0,0,0,0,0,523250
228,000716,2017-12-06,0.0,-0.02131782945736438,0.16247962432360535,7620.0,54828.23481014073,1009,15477179,11347024,625719,1124385,3167270,3486788,2968524,2676907,4387366,2908448,2042861,707252,1434514,0,0,443244,850925,0
229,000717,2017-12-06,-0.01345755693581785,-0.038302277432712306,0.16410577329697804,135502.5,674690.0264910007,3482,531693745,446382598,445663,587950,7616893,9507091,21641776,21182301,55157987,55784697,45016437,43118045,44846951,36734625,38884278,27323434,318083760,252144455
230,000718,2017-12-06,-0.008456659619450302,-0.03382663847780132,0.12685670698633442,8835.0,95066.27707352675,1394,27844342,11603181,1930818,1242089,6218310,3033126,3897308,2383708,2020352,1526241,3200121,1711712,1528699,319920,3098337,440440,5950397,945945
231,000719,2017-12-06,0.010022271714922093,-0.0033407572383075124,0.33245984523821126,5412.0,28825.480992278004,730,5884279,4369528,1542830,547674,1702462,2054652,1318313,1163634,1108322,149068,212352,0,0,0,0,454500,0,0
232,000720,2017-12-06,0.021176470588235352,0.007058823529411784,0.1904445025795313,7344.0,54580.173957532425,498,6822205,5353007,464086,469234,1467591,1702633,1238026,962640,1820181,460373,904675,415378,927646,348300,0,482890,0,511559
233,000721,2017-12-06,0.018644067796609987,0.013559322033898313,0.22571585217967893,5910.0,27852.915533928735,683,4940392,6310441,666641,653361,1960845,2497917,1102345,1865853,928063,1293310,282498,0,0,0,0,0,0,0
234,000722,2017-12-06,0.005488474204171423,-0.009879253567508184,0.41505717252463,9050.0,34917.63451452621,481,5910190,3540903,570206,530793,1978489,1412713,1244222,1008942,1325008,588455,467730,0,324535,0,0,0,0,0
235,000723,2017-12-06,-0.002743484224965731,-0.013717421124828433,0.20088225911896357,6561.0,93792.48787504793,1319,15428731,18034113,563307,1491070,1833510,7098111,3329825,2874822,3524349,2908032,1980224,473032,315810,1804164,435000,870348,3446706,514534
236,000726,2017-12-06,-0.0018639328984155767,-0.009319664492078217,0.2851440560812862,6444.0,72065.53024345112,1416,25864024,9163193,2278693,927112,5754338,3019908,5637516,1569851,3192845,2245837,2171344,1400485,1084920,0,926352,0,4818016,0
237,000727,2017-12-06,0.008196721311475308,-0.004098360655737654,0.06821376886027974,3660.0,64166.456383910554,1290,14100048,11209261,1052265,1130106,3634832,3140886,2118360,1730266,2970892,732130,989312,1582923,953300,1025325,416990,0,1964097,1867625
238,000728,2017-12-06,0.012594458438287104,0.0016792611251048584,0.293924910067546,17925.0,152320.43177695043,1642,53520249,46675145,1086740,1102152,7756296,6911431,6824582,6667299,11383723,6445458,7390695,5737310,1370171,2487260,1324119,1748214,16383923,15576021
239,000729,2017-12-06,0.006908462867012188,-0.0017271157167529916,0.13537392716715133,9860.0,56211.659372402144,1835,23539135,18599650,1192333,3202364,14029869,5436132,1551339,2592592,2089151,2374091,1358521,2200013,764668,986463,0,948759,2553254,859236
240,000731,2017-12-06,0.0026881720430107503,-0.017473118279569988,0.24770757875376415,10416.0,61993.99363547941,902,18014706,8497083,783096,767406,4904711,2936030,3232544,2151657,3531435,2380355,1242659,261635,1044112,0,1691114,0,1585035,0
241,000732,2017-12-06,-0.004836759371221189,-0.010882708585247869,0.6470121257352582,14769.0,96377.49403331538,653,12374002,7191640,419482,610591,2467191,4101830,2673330,1288179,2613148,861840,476992,0,655200,329200,883264,0,2185395,0
242,000733,2017-12-06,0.10380622837370246,0.06505190311418696,0.28869587323476387,36321.0,461322.6298540386,2512,199754941,127626567,1354009,1227305,11686100,10386310,15980076,13201245,24601731,18361450,17551221,11195100,10421216,9205692,11791335,7017140,106369253,57032325
243,000735,2017-12-06,0.036262203626220346,0.004184100418409997,0.17927193347541123,17544.0,138751.70701387926,1601,52837419,44425838,1356991,1038465,7543381,6777143,8754203,5371697,9593190,7910527,3847613,4320003,4292604,4254191,3105047,1365841,14344390,13387971
244,000736,2017-12-06,0.026063100137174278,0.017832647462276974,0.7282441829496478,8892.0,35999.75893006471,400,4125282,3584216,507348,313050,2031084,1513633,966968,534323,619882,278862,0,516861,0,0,0,427487,0,0
245,000737,2017-12-06,0.010060362173038184,-0.01810865191146882,0.17490141046321314,5928.0,49049.91693300276,808,10528916,6301733,847040,820242,3022860,2465699,2310560,1414066,1484583,533673,1384166,224644,304647,332493,488000,0,687060,510916
246,000738,2017-12-06,0.002489110143123696,-0.01431238332296203,0.4354321544838433,11245.0,74451.86124819251,1362,27199812,19288715,1099809,1608234,5818614,5289587,4623784,3546660,4950079,3814749,2688040,1845821,2868785,1022000,2251138,455904,2899563,1705760
247,000739,2017-12-06,0.01453957996768973,-0.00646203554119551,0.2874713242726322,8638.0,67640.3147537802,463,8338417,5639850,325612,512258,1861608,1387411,1330726,3261552,1613199,478629,488250,0,653064,0,0,0,2065958,0
248,000750,2017-12-06,0.005703422053231932,-0.0019011406844106071,0.1427225647270481,8128.0,108283.84550800138,1360,31105223,22241647,2018147,898495,5233628,3096727,3664769,2492493,4790681,2595786,3278433,1181012,2776016,2782261,1318754,3791885,8024795,5402988
249,000751,2017-12-06,0.012371134020618735,-0.008247422680412342,0.12778746937645072,9720.0,74536.05195887093,1443,26051432,18761125,1199189,1677657,6231747,6521570,4235166,2873698,3064710,2861505,3415719,1773080,644136,677577,3280314,857648,3980451,1518390
250,000752,2017-12-06,0.017080745341614856,0.013198757763975166,0.6350196630596088,12760.0,68129.70956026133,411,5799264,7296851,417097,253877,2025157,1410372,1742412,771547,426045,1394055,662553,894914,0,1028055,0,400248,526000,1143783
251,000756,2017-12-06,0.009352517985611541,-0.015827338129496438,0.42464254817196223,6875.0,47403.76862627508,1072,14958409,6551733,2292685,646781,3085615,2427001,2243419,2018965,2973692,1024263,913446,434723,311217,0,2082182,0,1056153,0
252,000758,2017-12-06,0.011075949367088445,-0.0031645569620254443,0.18380465232095847,6350.0,99009.24605957874,1183,19666437,12359565,1093827,1548265,3757088,3318587,2825745,2158413,4089221,2118767,443228,927093,1326380,351155,0,1273531,6130948,663754
253,000759,2017-12-06,-0.026666666666666727,-0.041212121212121144,0.22504255023773595,16219.0,76008.38115843841,1345,25060629,12415690,1138232,1125907,13387813,4905394,4751543,2159909,2700669,1523805,761170,0,392904,312675,1288298,0,640000,2388000
254,000760,2017-12-06,0.027656477438136706,0.01601164483260553,0.2921043498392774,7020.0,213336.3440174919,553,11973776,7344713,831430,310924,2426445,1849122,1142966,1282339,713856,412328,0,1199547,678048,993410,419400,0,5761631,1297043
255,000761,2017-12-06,0.0,-0.01848428835489846,0.11675184590027858,5962.0,126364.10393279458,2156,54395368,40017631,1264137,2496203,5167039,6836343,4997201,5810414,9978705,10064059,6642156,6475356,5857049,2054791,2648834,3170169,17840247,3110296
256,000762,2017-12-06,0.021753908905506325,0.0013596193065941176,0.3382408639867395,20636.0,94573.75127199992,1892,44796095,50081341,1252141,1260280,9783588,9238006,9392603,9393300,11497622,11115191,5141230,6258878,3630225,3645959,3058276,1320669,1040410,7849058
257,000767,2017-12-06,0.0,-0.006802721088435382,0.12712980197044113,2920.0,40237.250197649824,535,5506568,2356950,565107,380317,1918491,590687,1236077,387030,1019517,268640,282364,292241,0,0,485012,438035,0,0
258,000768,2017-12-06,0.02097064110245639,0.004793289394847022,0.3845995143412148,20081.5,129917.51716473696,1884,55844705,59679061,1491111,1152723,9051251,8082896,8718490,8570652,12024678,8383862,7696319,7437756,5557911,7305570,2299057,2746191,9005888,15999411
259,000776,2017-12-06,0.002849002849002913,-0.0062678062678062085,0.3615935200559774,33174.0,402474.1426397301,2356,193312365,152758804,1528656,1045659,11950880,9887527,13666052,9446998,19643924,15052302,11145335,10250877,13896410,9079873,6288459,8206064,115192649,89789504
260,000777,2017-12-06,0.0,-0.016238159675236785,0.5401888214278586,10367.0,57346.648882192516,748,12360952,8768739,721626,868320,3458090,2763685,2305074,1619073,3475009,1044360,1640604,731013,336859,0,423690,466413,0,1275875
261,000778,2017-12-06,0.016759776536312776,0.0018621973929235924,0.11666860850740261,13325.0,290388.25220985943,2126,72164254,89043302,1286443,1670890,8373680,7945751,7610862,6020430,8941030,10722885,9340617,6786407,3452771,5129314,3052775,7097041,30106076,43670584
262,000779,2017-12-06,0.015000000000000124,-0.0014285714285714457,0.6529697599846397,12690.0,62907.892535067425,459,6272119,6594641,369665,512582,2043624,2017490,1332522,1293655,627938,1720827,0,0,356870,0,841500,0,700000,1050087
263,000780,2017-12-06,0.018789144050104456,-0.006263048016701522,0.1943479480330779,2405.0,35256.50938189902,607,5996242,3388131,660923,326292,1744510,1646084,1031766,862281,931508,553474,1310735,0,316800,0,0,0,0,0
264,000782,2017-12-06,0.004813477737665384,-0.0072202166064982976,0.39014021268419036,8290.0,65492.89733625641,453,9590658,4298823,314972,608379,1893149,1391574,1672791,901037,2737595,778059,983290,260384,330863,359390,827998,0,830000,0
265,000783,2017-12-06,0.002290950744558984,-0.001145475372279492,0.2299370787619038,9603.0,162317.99727192853,1442,38368850,27380337,1200054,2127703,5627754,6134963,4061380,2782188,3829720,3096724,1500730,2048053,1719253,716153,2712787,1431751,17717172,9042802
266,000785,2017-12-06,0.013429752066115741,0.005165289256198413,0.765417931450528,9740.0,41741.564097107024,159,1662695,1956326,207429,146341,814288,568081,402799,427006,238179,420099,0,0,0,394799,0,0,0,0
267,000786,2017-12-06,-0.005123428039124356,-0.03260363297624591,0.3828088958649451,44593.5,303079.10312725516,3150,211162489,174339475,1251474,1386308,11844211,13859752,21104230,18190965,26703848,24029939,25886549,25146646,18113505,15402972,13863250,16313516,92395422,60009377
268,000788,2017-12-06,0.0022471910112358273,-0.004494382022471988,0.38570861542974844,8930.0,51443.628775275436,532,7460953,5982155,560647,690193,2024490,2116171,2095286,1165114,1148461,1669301,651299,0,392480,341376,0,0,588290,0
269,000789,2017-12-06,0.06870229007633588,-0.008481764206955011,0.2180575594403971,47539.5,308163.272669306,2942,240852007,167475875,985628,1268692,12850338,11408796,15237110,13112258,35367695,31112783,23667643,24385916,16475765,11083101,24200716,8935072,112067112,66169257
270,000791,2017-12-06,0.022636484687083902,0.0,0.22272419000025445,9084.0,52310.7629568341,1137,16004859,11611975,1090761,1252202,5137624,4391333,3453139,2415447,2368036,1665527,1274726,469192,1433563,377000,444000,436566,803010,604708
271,000792,2017-12-06,0.03233629749393696,0.017784963621665373,0.22609670944885987,49140.0,350369.5510159067,2999,221393503,251634369,1222577,841605,13400865,11749797,19772154,13017721,28800109,30427853,18905364,20464614,16228954,17080027,13336530,16033111,109726950,142019641
272,000793,2017-12-06,0.019019019019018923,-0.004004004004004136,0.28999936805093335,21314.5,233333.88039372556,1188,40876676,18131117,1322081,923736,14653901,3299678,4356081,2455963,2873542,3241010,2216393,2360300,1054007,2268440,2747127,907047,11653544,2674943
273,000795,2017-12-06,0.018965517241379404,0.0,0.16280879034439272,9344.0,58982.39179435399,1270,19223461,15070494,1322148,1344937,5783921,4935092,2343979,2243225,4377449,2067496,1731331,1137114,1065358,2418749,1327885,422135,1271390,501746
274,000796,2017-12-06,0.0695230396119646,0.05254648342764767,0.2769470656183815,6465.0,49831.23998418332,1998,12309507,32371638,1005628,3072276,5134991,7482911,3061315,7347752,1783317,5792728,1004256,3786190,320000,1826061,0,481429,0,2582291
275,000797,2017-12-06,0.01403508771929829,-0.0017543859649122862,0.3804334442552457,16226.0,100544.93816539495,898,21694325,21378600,585776,481059,4079000,3880779,4515216,2972585,4327139,2695364,3095566,2974074,2459766,2129826,1381200,426684,1250662,5818229
276,000798,2017-12-06,0.002460024600245969,-0.009840098400983988,0.3633485791908371,4065.0,25816.986981394704,500,2769318,2556955,711665,565693,1028334,843692,453971,583690,314850,259885,260498,0,0,303995,0,0,0,0
277,000799,2017-12-06,0.01263940520446094,0.0007434944237918462,0.5489936667283547,21568.0,97702.66923942899,2402,65770545,50441162,1281838,1858119,12116256,11524999,12815138,11660153,13754849,13553690,9089029,6166266,4779518,3414603,2690803,850912,9243114,1412420
278,000800,2017-12-06,0.030185004868549248,0.00778967867575453,0.2642482499266384,20840.0,116851.01569385434,1511,47494082,41860536,896784,855609,6329098,7150784,7816839,7274674,8104157,10085304,6386975,4538633,5473416,4042311,3166347,3117798,9320466,4795423
279,000801,2017-12-06,0.01836393989983298,-0.016694490818030094,0.15939812284107568,11980.0,57096.29934017255,1415,26665202,14876814,1770266,856532,10269130,3883925,4506894,4450368,4265139,4511908,1979794,585863,1017023,0,487320,0,2369636,588218
280,000802,2017-12-06,0.01777434312210202,0.0007727975270479526,0.4201858121080868,12875.0,89145.05174054443,948,20065364,17017850,772900,810990,4441861,4356224,2597998,3420802,3066161,3301221,2381849,1035610,1303606,753053,890127,410198,4610862,2929752
281,000807,2017-12-06,0.020000000000000018,-0.01764705882352946,0.15485136334014432,44407.0,246814.66768553542,3020,191943840,145547888,1141183,2200708,10944066,12479635,23402698,18763274,28054311,33273519,20728747,18783312,9984845,13242180,11336837,6659210,86351153,40146050
282,000809,2017-12-06,0.016666666666666607,0.0,0.19916732644341187,10875.0,45541.50332688064,326,4718827,4608383,245268,277694,1232519,1301081,1050743,1250291,1204017,1288988,986280,490329,0,0,0,0,0,0
283,000810,2017-12-06,0.02083333333333326,0.0,0.197224804847279,3352.0,20855.236098874364,1717,10708026,6795423,3793949,1321713,3599766,3038856,1275491,1634683,1473382,800171,241570,0,323868,0,0,0,0,0
284,000811,2017-12-06,-0.002409638554217053,-0.010843373493975905,0.39098540214611344,8465.0,73753.69904623239,450,6321210,4620313,637004,339208,2677709,1167640,1189795,1333706,773314,549231,262476,0,0,0,0,0,780912,1230528
285,000812,2017-12-06,-0.03369272237196763,-0.04582210242587603,0.19931291604368145,22496.0,67859.1613860039,1389,39456549,17589977,435540,1358783,12723401,5763753,8900970,3627855,6726274,2660063,4457849,1361611,3880738,683944,422400,0,1909377,2133968
286,000813,2017-12-06,-0.027122641509433998,-0.047169811320754707,0.22393203992451008,12540.0,76100.84186456617,1437,36275912,18772936,1664992,1074256,7559137,4640999,7031643,3571225,8044601,3684196,3597093,1459387,2503466,2138497,1813077,2204376,4061903,0
287,000815,2017-12-06,-0.0030978934324659146,-0.029739776951672847,0.5387183804779768,16686.5,83009.50167875995,898,21140751,18903735,471165,926028,3793032,4556590,4729817,3743031,5623316,5004593,1698758,711853,1955122,2048318,449881,969522,2419660,943800
288,000816,2017-12-06,0.024316109422492405,0.0,0.08502543082103843,7613.0,78763.92959280532,1504,23347668,25681273,1663083,1345340,5267752,4511119,4403249,3127613,3744906,5789875,3043159,2596912,2075532,2384927,1815555,441214,1334432,5484273
289,000818,2017-12-06,0.014731369150779994,-0.0077989601386481144,0.34134467209939273,17175.0,118708.65217614145,1143,31032992,25673200,1081261,669204,6253113,4558304,5079712,4215364,4393950,4793628,2797635,2634941,3500105,3815689,411621,417158,7515595,4568912
290,000819,2017-12-06,0.003197442046362964,-0.01758593125499608,0.504665044908338,9936.0,36756.70864924833,614,8325535,4697510,601807,607827,2831481,2168699,1892514,1136866,1361227,784118,1302856,0,335650,0,0,0,0,0
291,000821,2017-12-06,-0.03749999999999998,-0.04843750000000002,0.3355341434819892,12795.0,92446.49926301163,1458,40561759,21402478,1827934,1033877,6624486,5355669,5785167,4776548,6972754,3903985,6443836,1795914,3253268,684798,1849817,2097015,7804497,1754672
292,000822,2017-12-06,0.008602150537634357,-0.032258064516129115,0.18197505951333173,18460.0,122344.1104812256,2616,83842875,67739886,1381616,2760257,10418284,12120798,10285132,11562463,18391192,16123236,11462928,10741044,5950022,3903320,3966679,5008455,21987022,5520313
293,000823,2017-12-06,0.034946236559139754,0.012768817204301008,0.35124107801225346,25899.5,186131.28976706826,1796,66801975,67833102,970623,1098272,8979304,10325852,8799554,8362115,11742783,9618138,4706194,8199427,8551334,5865381,2225369,3101747,20826814,21262170
294,000825,2017-12-06,0.0,-0.01814516129032251,0.09413910709574864,24500.0,340696.44601922086,2789,173792696,127901746,1459396,2088194,10663918,13390722,13735540,12126250,18947552,17942284,13399145,12640151,12698373,6419485,7055761,9082892,95833011,54211768
295,000826,2017-12-06,0.006863622799164526,-0.0011936735302894297,0.737979018514655,10074.0,160856.33566734818,2063,43696625,48773842,1234022,3367375,5288814,8386481,4739470,3518693,8416374,7907483,5257249,4868975,2821991,4844908,401863,1834100,15536842,14045827
296,000828,2017-12-06,0.009208103130755152,0.005524861878453136,0.47045900764987786,10885.0,67710.82584960514,532,5953792,8198500,411809,545407,2108649,2047169,1416056,1019343,1811982,995767,205296,1441330,0,352590,0,0,0,1796894
297,000829,2017-12-06,0.005506607929515406,-0.005506607929515517,0.32916162034902424,6383.0,57142.97472524949,761,8342000,7014995,734061,1194098,2022876,2244614,1375377,1150120,1403051,1461574,471450,424589,343900,0,478634,0,1512651,540000
298,000830,2017-12-06,-0.040322580645161255,-0.005784061696658127,0.015066451381153546,110723.0,601415.1254862447,3489,486781932,505803057,445558,767845,10363994,11543709,18921241,22441190,34887068,41593827,40708730,38889025,33229114,45684853,30914741,32053486,317311486,312829122
299,000831,2017-12-06,0.013973799126637543,-0.012227074235807711,0.29852695475344226,16191.0,101183.40732297953,1472,39236017,27113190,838099,1110193,6795564,6867070,7021869,4707612,9704656,5685754,3297749,2639124,4739761,2171450,455094,1815305,6383225,2116682
300,000833,2017-12-06,0.009063444108761365,-0.010574018126888296,0.31392413421793,6640.0,40502.343580201865,444,6556304,3219686,430147,491674,1790003,1126915,1617288,1015779,2067418,275230,223080,0,0,310088,428368,0,0,0
301,000835,2017-12-06,0.009852216748768461,-0.0024630541871920597,0.42803509846139337,8150.0,47470.10136739259,359,5154732,3263670,361687,347520,1525648,1276286,1036871,687760,964262,463981,699264,488123,0,0,0,0,567000,0
302,000836,2017-12-06,-0.011235955056179692,-0.0561797752808989,0.0979145585453949,18186.0,187865.50102102722,2079,72111173,67041738,1162143,1889264,7286057,9394121,9727781,10146233,12121199,10631235,8155151,6380211,4384686,3416427,6317391,5862300,22956765,19321947
303,000837,2017-12-06,0.016778523489932917,-0.005033557046979942,0.21313496107685165,14328.0,57188.41255808887,782,14254585,8034254,383016,714146,5407505,2946357,2505318,1540425,1853501,1657231,1788369,756095,1350596,0,0,420000,966280,0
304,000838,2017-12-06,0.01520270270270263,-0.011824324324324342,0.15963886044852593,8805.0,47707.38325036684,1377,18216915,11714499,1647837,1207769,5946716,4726168,3904691,2786233,2989895,2228515,2061924,0,0,345744,0,420070,1665852,0
305,000839,2017-12-06,0.019144144144144226,-0.0022522522522524513,0.1550290166768102,50428.0,313517.5406589191,3286,222876359,234937394,1635462,1359105,13483245,14268072,20740002,19425095,33537696,35147892,27345609,24870759,20316011,17653268,20225454,17919284,85592880,104293919
306,000848,2017-12-06,-0.019607843137254832,-0.025054466230936878,0.2501757198184075,13605.0,99478.3789797553,1348,32855399,27743390,629509,1848579,3876917,7211478,5194809,5231102,8099788,5133484,4832964,2022120,1004220,1092031,944874,917684,8272318,4286912
307,000850,2017-12-06,0.008810572687224738,-0.0022026431718060735,0.2827013392922943,9060.0,60219.12406925656,257,3834990,3147082,199356,332623,1266056,669326,358602,873934,678510,136200,901620,227999,0,0,430846,907000,0,0
308,000851,2017-12-06,0.025988700564971712,-0.004519774011299327,0.32328436704185165,10656.0,67569.61462375287,749,12870792,11868452,966571,711169,3150964,3045910,3261406,1984340,3057856,2905959,686223,257244,1011629,664315,0,407620,736143,1891895
309,000852,2017-12-06,0.02448579823702257,0.0019588638589618235,0.24399215709192,16536.0,77568.00374642966,1752,36701070,37450960,1237686,1062102,9341321,7576559,8242313,6539288,8655400,7741890,5682811,6535119,1305049,2981086,830212,0,1406278,5014916
310,000856,2017-12-06,0.04004449388209119,0.03170189098998888,0.3500955526512921,30940.0,1160161.5504009468,2643,234166550,143893205,1479787,1666909,14103464,11708708,12349345,12729146,21662646,17325788,9335153,14776044,13811513,10743126,7938857,10850783,153485785,64092701
311,000858,2017-12-06,-0.0011695906432750425,-0.01038011695906449,1.166327869881697,151294.0,723319.0534229333,3441,616760678,581020045,472439,396869,8257998,9052607,16711841,18137257,47230946,53374810,45427724,42708040,43811541,48172266,21975036,32143458,432873153,377034738
312,000859,2017-12-06,0.002375296912114022,-0.016627078384798155,0.20851226821646804,8360.0,50475.97760065171,407,6515557,2932138,350866,460546,1900580,1375517,1019084,962833,612034,133242,715479,0,1493244,0,424270,0,0,0
313,000860,2017-12-06,-0.006504065040650486,-0.017344173441734445,0.4862315231956768,12942.0,118539.95707183518,1441,38521901,23636805,879680,1670757,6549620,5984419,5210855,3305946,10367413,4303876,3635568,1870795,366599,726594,1376530,450775,10135636,5323643
314,000861,2017-12-06,-0.006430868167202619,-0.022508038585209,0.1222971539409346,6080.0,46348.52868586435,647,7421132,5268348,553054,804575,1894798,1751645,1245791,1235694,1634279,1476434,413536,0,974514,0,0,0,705160,0
315,000862,2017-12-06,0.02263374485596703,0.002057613168724215,0.2722080604161674,6839.0,21654.915771709268,318,2393469,2438817,313120,318804,1373124,1277079,533141,741376,174084,101558,0,0,0,0,0,0,0,0
316,000863,2017-12-06,-0.0108108108108107,-0.02522522522522519,0.2783188865040922,5430.0,45537.421249974395,397,5792694,2420814,256576,397686,1179044,901478,1227494,566245,2204704,245256,427536,0,0,310149,497340,0,0,0
317,000868,2017-12-06,0.018922852983988436,-0.0029112081513829047,0.14566574651968406,20670.0,152313.74384825517,2228,65106166,69460178,1796920,1479194,11281012,8032182,11897063,11411427,13158634,14848170,9363976,7855427,6039879,3715925,3438368,2668051,8130314,19449802
318,000869,2017-12-06,0.0005834305717618005,-0.012543757292882152,1.211605454487454,16965.0,71461.88727444696,800,18721014,10761578,433241,753339,4638794,3523801,3027872,1795224,3838718,2186081,2832016,2006152,1370420,0,913310,496981,1666643,0
319,000875,2017-12-06,-0.002512562814070307,-0.01005025125628145,0.16021177331499378,6715.0,38674.39348478681,617,8538502,3331718,736673,733623,2716702,1228853,2066047,410476,2240215,482378,282425,476388,0,0,496440,0,0,0
320,000876,2017-12-06,0.013140604467805517,0.003942181340341522,0.16896105713463075,18336.0,236787.86495762237,2031,68033096,90960407,1721375,1357840,10176785,7096728,9998028,9465326,11568635,8820813,5523649,5253635,6370958,7586018,4977384,3984310,17696282,47395737
321,000877,2017-12-06,0.001828153564899626,-0.011882998171846348,0.20941982520431845,24886.0,144497.9638279545,2735,103055254,73223543,1627996,1699547,13423997,12653323,15007267,12967318,19894915,15388197,13909224,9379611,7918005,5091080,5788334,3517309,25485516,12527158
322,000878,2017-12-06,0.022950819672131306,0.0024590163934428144,0.27243753313686825,19584.0,183459.64639354218,2007,76959221,61906075,1100302,2280002,7401358,8813792,8246348,9033106,14048333,11830851,8711054,6494280,4962242,4810389,5422751,862636,27066833,17781019
323,000880,2017-12-06,0.008830022075055233,-0.0066225165562914245,0.5434990965669455,9010.0,33734.88989615766,277,3464299,1719213,399303,228421,1297828,562107,1019768,457165,444560,471520,0,0,302840,0,0,0,0,0
324,000881,2017-12-06,0.0008431703204045959,-0.011804384485666009,0.41251297805914894,11735.0,63482.51341889509,826,12642130,12531438,689706,912279,3336547,3394094,2644647,1625302,2691021,3196304,2185487,939852,678922,1390807,415800,0,0,1072800
325,000882,2017-12-06,0.006756756756756799,-0.0033783783783782884,0.1121349999610773,5319.0,59207.87801119458,698,8926432,5803074,561504,739746,2219269,1993375,1109866,1170889,1023008,1250304,1802375,298000,336552,350760,884428,0,989430,0
326,000883,2017-12-06,-0.0021834061135370675,-0.008733624454148492,0.15835238305510846,5954.0,112345.80608001268,837,17665697,8232563,653684,1085653,2639190,2801154,1410724,1144394,1073652,1331397,1847905,210210,733318,0,1331019,1659755,7976205,0
327,000885,2017-12-06,-0.014568764568764547,-0.034965034965035,0.34528385181787263,25050.0,153601.98355779206,2476,87651216,61189949,1416786,1845145,12074100,12096031,14137208,12975016,20857081,12540168,9790592,8519555,5681637,4113978,3205972,2240078,20487840,6859978
328,000886,2017-12-06,0.028106508875739733,-0.008875739644970349,0.19702822968124994,17992.0,141758.97170336123,1179,36142490,33447858,779699,931555,4542527,4183397,6039852,7283398,8039370,4204946,4443698,3065546,3093296,4561835,1343855,1432762,7860193,7784419
329,000887,2017-12-06,-0.0011926058437685683,-0.02146690518783534,0.4095132316455107,23100.0,180300.4976000551,1677,71867306,75976527,451669,1598511,4007225,6771596,7273480,9089661,13192172,14228676,12335881,5934601,10724419,6746462,9283304,9404274,14599156,22202746
330,000888,2017-12-06,0.0,-0.005138746145940454,0.2513865873918862,1946.0,36603.60950889395,1502,11385946,8246192,728154,1603765,6368690,2639792,1444620,2194235,1239673,816544,447765,293242,384400,0,0,0,772644,698614
331,000889,2017-12-06,0.01969365426695835,0.0,0.5363384068438224,13850.0,135309.74990658226,653,16156088,20045681,588490,500897,2820380,2590369,2605613,2134542,3008362,2438920,1430074,1196236,301620,327568,1701915,3201218,3699634,7655931
332,000890,2017-12-06,0.009345794392523477,-0.006230529595015577,0.31376331650816025,10320.0,47419.508749773304,418,5550892,3855687,468967,250437,1375944,2019905,1413012,1290320,981324,295025,254400,0,346680,0,0,0,710565,0
333,000892,2017-12-06,0.02285714285714291,0.02571428571428558,0.26689174811574246,14130.0,87696.42189653913,688,12151299,14137324,607748,591747,2776834,3306749,2147197,3649508,2653125,3490890,1462021,431250,697520,0,0,436100,1806854,2231080
334,000893,2017-12-06,0.04266666666666663,0.03333333333333344,0.2382062332636373,10114.0,207605.7698678511,993,15165065,31965415,1053068,1014401,3724963,4559228,1766066,2971941,2346054,2869024,899010,1341854,668922,1852220,464458,2656426,4242524,14700321
335,000895,2017-12-06,-0.0011857707509881354,-0.010276679841897285,0.468107972232805,20120.0,208407.628649279,2925,138840667,97649501,1219704,2064911,12015715,16407524,13806451,11115169,14865381,12795496,14083529,6808366,7351021,4312623,7815207,2330549,67683659,41814863
336,000897,2017-12-06,0.0,-0.005747126436781658,0.1207509110577009,3460.0,38371.9523383841,832,6484513,5607380,631294,945884,1868647,1820224,745448,1058226,1431420,1126713,728000,0,665704,656333,414000,0,0,0
337,000898,2017-12-06,-0.015243902439024293,-0.030487804878048697,0.12567535913644062,32291.5,358004.8780897774,2734,229540318,160671058,1188461,2543096,8094124,13800636,13581309,13029737,19135985,22299981,16336382,15105841,18828611,15825260,13006999,10337055,139368447,67729452
338,000899,2017-12-06,0.00886524822695045,-0.0035460992907800915,0.2752998780258789,2820.0,34127.94877879048,419,3147831,2648981,281719,376533,844212,933468,601810,598830,856067,242385,200010,497765,364013,0,0,0,0,0
339,000901,2017-12-06,0.03464947622884762,0.016116035455277844,0.5424196310969732,25150.0,158592.4337078315,2096,70031227,61055144,1531490,917521,11223545,8360508,11270316,10841776,15471179,13468790,10470209,7003802,3300191,5852403,2726985,3618367,14037312,10991977
340,000902,2017-12-06,-0.02588996763754048,-0.0431499460625675,0.2702629364109551,6489.0,103287.13500970026,1180,33210916,10807819,1440157,1088301,3687803,2725128,3775217,1282789,5389473,2734575,1719695,927381,2450984,688024,4420458,452903,10327129,908718
341,000905,2017-12-06,0.003577817531305927,-0.01610017889087656,0.37073365061929014,11260.0,72867.64287290529,909,19045428,9175337,791837,771370,4406889,3573005,2785993,1978974,3270234,1472442,2908112,719596,968278,659950,0,0,3914085,0
342,000906,2017-12-06,0.014705882352941124,0.0,0.2691339145757588,10577.0,42705.78738333028,772,8940587,10051327,858569,758288,3375321,3860429,1943607,2222687,1710894,1404394,668148,924184,384048,310595,0,0,0,570750
343,000908,2017-12-06,0.018333333333333313,0.010000000000000009,0.32747052875682897,9060.0,34994.416826012166,335,3249132,3516212,361094,281854,1615407,1143572,725142,745330,260900,659351,286589,686105,0,0,0,0,0,0
344,000909,2017-12-06,0.00629496402877705,-0.011690647482014316,0.55978955328463,10965.0,62164.33564231671,394,5019158,2982317,314703,450740,1744522,1546525,830321,474346,511512,277606,215600,233100,302500,0,0,0,1100000,0
345,000910,2017-12-06,-0.00690289921767151,-0.010584445467096248,0.5148545538243511,32700.0,69288.05286672301,1791,47528622,22586647,803314,716177,25668731,4460634,5914781,5876279,6775641,4222803,1886022,1741226,3130512,645225,2281877,423501,1067744,4500802
346,000911,2017-12-06,0.013590033975084959,0.0045300113250281715,0.32210223491045353,5328.0,73757.84622231926,751,6680681,6204216,985815,1012208,2032739,2359766,1123612,1278841,762515,775221,0,0,0,0,0,0,1776000,778180
347,000912,2017-12-06,0.006345177664974555,0.002538071065989911,0.20363207278179726,10976.0,95563.40191982182,1499,23508900,23259443,1667987,1314702,7043951,6195802,4396338,4751630,3294632,4264249,1829904,1749814,1844788,2122862,1305520,0,2125780,2860384
348,000913,2017-12-06,-0.0026315789473684292,-0.01684210526315788,0.7177727696738919,18600.0,91193.22055790396,701,16865378,13465456,592672,650192,3509950,3352062,2399021,2658375,3661725,2052923,1962784,2187675,948060,346785,421038,0,3370128,2217444
349,000915,2017-12-06,-0.011062688568555079,-0.04190412336573923,0.6758430707679575,17628.0,139680.30901708247,1950,66505226,31671946,1820894,1232467,15284651,8113768,7880070,4481477,5573834,6757048,3970599,2690025,3069459,2868451,3482760,1383174,25422959,4145536
350,000917,2017-12-06,0.0011210762331839152,-0.014573991031390232,0.2086289869526775,19624.0,113107.17399090387,1830,49820483,36477929,1615990,1218224,12717444,6561676,7537675,7392751,8156567,6305037,3359636,4299846,3470177,2416436,4542771,1891703,8420223,6392256
351,000918,2017-12-06,-0.011678832116788329,0.004451038575667532,0.008042593740120224,6790.0,74651.84940750609,589,11501603,5808362,527059,699858,2150075,2007685,1917940,880915,1755588,1079874,861681,296230,1988794,0,429128,0,1871338,843800
352,000919,2017-12-06,0.012805587892898762,-0.0011641443538998875,0.3934082482417212,5174.5,39990.96471166093,476,5354926,3314618,428262,582295,1422337,1191055,1052576,788182,1131763,753086,542319,0,307880,0,469789,0,0,0
353,000920,2017-12-06,-0.007007007007007071,-0.033033033033033066,0.3280857754854186,10681.0,60965.65284738209,927,21080304,9791503,667547,1479816,3888576,3527858,4341738,2601813,5345453,1693453,2407838,488563,2758662,0,412249,0,1258241,0
354,000921,2017-12-06,-0.021929824561403466,-0.042397660818713434,0.3077723547336182,14575.0,96287.49321387673,1977,49684421,38465847,1092054,2207005,9422319,8817577,8326416,6063210,10661369,8235234,7022877,4035201,3145691,1685070,1746053,1734828,8267642,5687722
355,000922,2017-12-06,0.009114583333333481,-0.0026041666666666297,0.37855223304837127,8415.0,33080.20915242367,411,5655278,3202719,327697,504933,1844501,1194129,1870610,900828,1382970,375974,229500,226855,0,0,0,0,0,0
356,000923,2017-12-06,0.029837251356238603,0.016274864376130127,0.5692459701390731,16072.0,79800.8547801938,1513,31481424,29168166,1405908,1094731,8439269,6351965,6003151,5905521,6929954,5299779,4316443,3273536,2656146,2014536,909033,881226,821520,4346872
357,000925,2017-12-06,-0.0007067137809186885,-0.029681978798586584,0.6155252560981904,10448.0,57406.198733335725,528,10964778,4406117,786934,429721,2494943,1776402,2373272,617862,2210793,1102437,1341610,479695,998426,0,0,0,758800,0
358,000926,2017-12-06,0.010673234811166,0.0024630541871921707,0.33898378736147605,13486.0,69594.52441997435,1291,20440045,32254711,872766,1864385,4724663,5629096,4014311,5158468,6389957,13439067,1530364,1750056,647824,1369501,0,0,2260160,3044138
359,000927,2017-12-06,0.03811659192825112,0.013452914798206095,0.10351109045566222,11853.0,84778.74480164102,1867,36121357,36904333,1401608,1778670,7931134,7655404,7450803,6574578,6984338,7423700,4384872,3444424,3472207,2036650,1697359,3197021,2799036,4793886
360,000928,2017-12-06,0.006557377049180246,-0.006557377049180357,0.2200609018819776,12080.0,71811.52138666256,768,14425356,11791407,553926,705580,3415865,2409956,3240840,2596760,3175836,2602515,1454020,1494168,644963,661471,454036,0,1485870,1320957
361,000929,2017-12-06,0.0024410089503661414,-0.024410089503661414,0.5685777412183157,7278.0,64960.386982479744,467,6885360,5450756,484836,519992,1594052,1229385,927121,903308,1192856,1714321,297500,291550,738555,368700,0,423500,1650440,0
362,000931,2017-12-06,0.009049773755656076,-0.009049773755656076,0.26181283302338204,8580.0,74349.35613896784,641,10637089,5008092,651659,729826,2757184,1752254,1755652,976064,2482620,442192,814766,432360,702920,0,0,0,1472288,675396
363,000932,2017-12-06,-0.00919540229885063,-0.027586206896551557,0.15752187946861,46969.0,386132.1081412198,3059,254148482,162408747,1266058,1470305,17051676,12501353,24125545,17837227,23242034,24669785,26017370,17094332,17682636,10883416,17495288,9325464,127267875,68626865
364,000933,2017-12-06,0.028571428571428692,-0.011904761904761862,0.15311799530229414,36938.0,270309.1201652155,3018,168817896,171497947,1086316,2224878,12478303,13220852,15118090,17163102,26027654,24735639,20921181,20100924,13348019,13398160,15069154,15439243,64769179,65215149
365,000935,2017-12-06,0.0028818443804032867,-0.023631123919308328,0.3461640578655598,27727.0,134567.87956839686,2517,85644638,64329471,1385305,1433908,13613041,12472117,13943219,14831945,23229931,12956873,9686066,7938042,5037855,2359598,3927830,2679122,14821391,9657866
366,000936,2017-12-06,0.031766200762388674,-0.01143583227445999,0.1624016426741633,26311.0,114843.31859028645,2354,80421584,68787993,1513253,1540120,12142781,11202495,13107050,12062068,17756678,17318488,9503111,10976732,6973349,8153123,4339329,440352,15086033,7094615
367,000937,2017-12-06,0.012389380530973382,-0.012389380530973493,0.1387995936170966,4528.0,87901.74819144509,1660,23942825,26836850,769689,1593627,3502169,5568727,2710606,4417783,4212914,5960686,2808934,2558815,1746840,1428268,910575,886701,7281098,4422243
368,000938,2017-12-06,0.019759721783117357,-0.008220044261776693,1.3307136402946085,50288.0,227817.05288552563,2260,127210303,111692162,674578,1103048,9880812,9486209,14704375,14508402,25150464,26014109,16064123,12269606,16457204,13180428,9327892,6122912,34950855,29007448
369,000948,2017-12-06,0.015105740181268867,-0.00805639476334341,0.4692925024518066,9009.0,55325.81934556536,447,5668519,4257785,421124,507481,2144330,1191798,1465898,897310,936616,510056,700551,214140,0,0,0,0,0,937000
370,000949,2017-12-06,0.009389671361502261,0.007042253521126751,0.13089323377516401,7704.0,55522.5718117686,1061,14813679,11939173,1201025,1019877,3720512,3522445,2573382,2764075,2704749,2480014,1420002,771999,2162243,678715,425718,0,606048,702048
371,000951,2017-12-06,0.04758800521512385,0.001955671447196883,0.3295345377234257,6102.0,67489.14048838684,2170,25379671,32702670,1549409,2780364,5792777,7533286,4422118,6988961,5831307,7164381,2734478,2031137,2089267,2713292,1358315,907920,1602000,2583329
372,000952,2017-12-06,0.003717472118959231,-0.014126394052044522,0.5952465957936437,10696.0,81918.92321898948,510,8496039,6094079,347596,546453,1839865,2043005,1206958,1117965,1857883,743168,1201133,709688,798900,0,0,0,1243704,933800
373,000953,2017-12-06,-0.05177111716621252,-0.06130790190735702,0.1843998046215193,11040.0,197349.7602171803,1589,35829892,35834282,1264484,1745863,6017180,6662253,4736167,4613787,6111153,6229744,3699972,3770676,3121840,1263882,1809956,1837563,9069140,9710514
374,000955,2017-12-06,0.040723981900452566,0.004524886877828038,0.29308000161601805,6680.0,67445.32504549267,511,10065342,4729712,678444,233206,1936206,1255248,1516176,1211455,1672733,963804,978888,714214,1682295,351785,400200,0,1200400,0
375,000957,2017-12-06,0.01881467544684856,-0.004703668861712251,0.37064424797021556,10650.0,72485.4714931482,822,13836552,9969211,734511,777930,4137946,2907958,2854666,1931089,1677098,1291573,990862,2371711,685469,688950,0,0,2756000,0
376,000958,2017-12-06,0.015904572564612307,-0.003976143141153132,0.14943741021096674,10200.0,92853.78250473851,1134,20227113,18652767,657431,1053472,4467704,4865427,4209338,3196781,4163211,3724706,2187330,2655376,1050576,1025047,409448,829152,3082075,1302806
377,000959,2017-12-06,0.0016181229773464256,-0.003236245954692518,0.14889562186467303,6180.0,62778.09958579902,1727,18923187,17284398,2935999,1514166,4242296,4378781,3453846,3744280,4044611,2659368,1156767,775121,623904,301584,0,948250,2465764,2962848
378,000960,2017-12-06,0.019736842105263275,-0.000822368421052655,0.3128765384244805,13508.0,128391.55154493838,1511,45822929,39574900,908560,1494101,4679055,6109981,6464127,5853276,9858886,9127960,5285409,5815608,2390205,4623884,3531740,1789747,12704947,4760343
379,000961,2017-12-06,0.0016694490818029983,-0.005008347245409106,0.18824626876655526,15548.0,184228.99036758734,1013,34313687,17382934,548330,959350,4272396,4805981,4953717,1468994,5804290,2284290,3429925,743624,1595704,604761,883673,0,12825652,6515934
380,000962,2017-12-06,0.02499999999999991,0.004999999999999893,0.3479261413896043,8080.0,36763.83157172184,528,6573690,4381068,594230,596218,1766477,1807029,2075450,864645,1326051,814776,489479,298400,322003,0,0,0,0,0
381,000963,2017-12-06,-0.004879000780640075,-0.006635441061670688,1.048535655347664,25480.0,110218.89611534499,2390,52715322,76175520,686135,1018170,12389088,13862009,7943552,19561016,9690688,12421638,5179037,6441605,1583656,7569692,3101613,3738169,12141553,11563221
382,000965,2017-12-06,0.007259528130671544,-0.007259528130671544,0.21874284540411432,9384.0,72087.48975129133,634,11192559,6702353,599763,568747,3049145,2031715,1934217,1535543,1691937,1211871,1777081,754427,333000,0,0,0,1807416,600050
383,000966,2017-12-06,0.007672634271099765,-0.002557544757033292,0.21214130054364835,3910.0,67111.53649819434,339,4669088,2882086,366475,317254,1311124,708514,440310,221094,1673679,536123,0,215441,307320,0,0,0,570180,883660
384,000967,2017-12-06,0.0033112582781456013,0.0,0.37825249801984545,15402.0,70058.93254276416,573,10808662,9445244,561432,444964,4076096,2123070,1785489,2134385,946251,1690537,1298966,1692640,1007461,0,0,0,1132967,1359648
385,000968,2017-12-06,-0.020000000000000018,-0.03187499999999999,0.3430552148289869,31060.0,198337.29832482908,2181,93595311,81118938,1207844,1381739,10126926,8870909,12917114,13214688,20633049,14292575,13207884,6960236,7322632,6187135,4320865,6053051,23858997,24158605
386,000969,2017-12-06,0.03894736842105262,0.020000000000000018,0.20707315855346922,20307.0,258836.75803545938,2115,73301958,80203484,1453860,1958690,8555358,8753573,8804665,10172232,13350143,15269698,10257472,9501078,7101949,6183659,3954008,7659323,19824503,20705231
387,000970,2017-12-06,0.020270270270270174,0.005255255255255387,0.2988087276022394,20160.0,151013.53462544948,1989,60000758,63622792,1539678,1503296,9719687,9194069,9547077,8645515,11798252,7765700,8295181,6459609,4415469,4966209,3173169,8262111,11512245,16826283
388,000972,2017-12-06,0.014925373134328401,0.004975124378109541,0.2350306312708599,8100.0,59709.75501620986,292,2757573,3419109,276372,237047,1367945,602962,485460,124173,113120,572928,514676,408000,0,0,0,817999,0,656000
389,000973,2017-12-06,0.006420545746388395,-0.01765650080256831,0.19338710159321895,9292.5,58099.78053347962,1038,18729197,11374878,936662,1164888,3693037,4083749,3729442,2071723,4304948,2174739,2823531,245964,655872,1633815,1387419,0,1198286,0
390,000975,2017-12-06,-0.004716981132075526,-0.01493710691823913,0.4120185289787513,13827.0,119173.04016374939,955,34114312,14499617,571151,538879,1953361,3628184,8080972,2671267,6711419,2675499,3449666,1538881,1718305,1496533,485525,447300,11143913,1503074
391,000976,2017-12-06,-0.016847172081829176,-0.024067388688327473,0.34091225546188875,8155.0,66208.52846595975,594,10892483,5585396,648627,498718,2659068,1697302,2271777,1275974,2072180,1056874,780600,409500,0,647028,414421,0,2045810,0
392,000977,2017-12-06,0.02752808988764044,-0.012359550561797938,0.3446968059569107,39490.0,184615.5895674368,2669,158769103,119138124,1268289,1134866,12549432,12305719,14476639,15150053,29118498,26163444,19607980,17058243,16573080,13180173,10680244,5828080,54494941,28317546
393,000978,2017-12-06,0.006203473945409321,-0.003722084367245748,0.36344687932322,3228.0,51324.94287081007,491,4419916,2815331,384701,558901,1469933,1152351,1117622,607596,415980,496483,0,0,0,0,0,0,1031680,0
394,000980,2017-12-06,-0.0156378600823045,-0.03703703703703709,0.2635727917252085,22885.5,109360.65084828903,2128,67511619,44357429,1232856,1474345,11192819,10289506,12995076,8866983,15797734,12629652,8073186,4249774,3820775,2443990,2679182,415450,11719991,3987729
395,000981,2017-12-06,-0.0011235955056179137,-0.010112359550561778,0.397107284908061,17680.0,80937.48490508265,502,8424616,5199904,175821,392689,2837600,3417265,1637727,894910,1045589,0,685159,0,0,0,442000,495040,1600720,0
396,000982,2017-12-06,-0.016216216216216273,-0.021621621621621623,0.0926467579461937,7964.0,114641.7111784842,1603,30019511,22283428,1621041,1180011,6949958,4907271,4292918,4139860,5852656,3852431,1971136,2116879,1652482,1717547,0,455202,7679320,3914227
397,000983,2017-12-06,0.03263157894736857,-0.002105263157894721,0.18439335012325164,22401.5,191023.54887070152,2660,111481723,90562039,1665714,1919240,12500766,12552864,11974242,12008545,16364594,16200072,8559610,11183220,6210633,7503100,10462852,7495406,43743312,21699592
398,000985,2017-12-06,0.005211047420531356,-0.025013027618551398,0.7198792145805114,9535.0,63156.25690272651,711,11094740,7231545,748991,847173,2917146,2578101,2469507,1618479,2438414,1079747,695153,0,357170,0,0,0,1468359,1108045
399,000987,2017-12-06,-0.006511627906976791,-0.029767441860465094,0.32189741846041225,11781.0,72466.33209983363,1119,27135712,13417672,742012,1048057,5221715,4428053,5436188,2671427,4689300,2178398,4710926,1753851,2898485,937512,414179,400374,3022907,0
400,000988,2017-12-06,0.01717791411042935,-0.015950920245398903,0.3716758448180134,27846.0,233760.40859963183,1925,87813130,85741845,1335334,1432244,8079418,10781303,7774524,12584239,14731221,12914410,6673516,6509994,4585240,7809468,6534535,2284206,38099342,31425981
401,000989,2017-12-06,0.01183765501691103,-0.003945885005636751,0.8347146523765353,14247.0,109601.87802820446,451,12845250,6440369,429719,436525,2455277,1321869,1784753,1048116,2762248,707171,558762,514536,1020042,0,423640,445017,3410809,1967135
402,000990,2017-12-06,0.006765067650676526,-0.009840098400983988,0.5322725004792309,12968.0,59804.176008130315,933,14423474,11513123,881462,824924,3973409,4359038,2621739,1545715,1764038,1906273,1552587,727032,333926,1336650,2794889,813491,501424,0
403,000993,2017-12-06,0.008917197452229297,-0.005095541401273884,0.3145936886777335,7840.0,25568.14705511569,622,5424883,4380686,815158,618674,1826167,2197906,1348129,1264666,1435429,299440,0,0,0,0,0,0,0,0
404,000996,2017-12-06,0.009572901325478611,-0.024300441826215047,0.30811078408894654,26800.0,153765.92875527556,1945,70310523,61833909,1075501,1162456,10244737,8720093,10722509,10821252,13992812,13823732,7331480,8430247,7615804,6451104,2746904,4314210,16580776,8110815
405,000997,2017-12-06,0.022099447513812098,0.0027624309392264568,0.43043031328927445,18400.0,137071.0251236377,1769,49993019,48627043,1685581,1091527,9457335,8374233,8939265,6641529,10632648,7852254,4790817,4420353,3601154,3573926,817419,2259483,10068800,14413738
406,000998,2017-12-06,0.018623481781376627,0.008502024291497934,0.5696162180061339,25200.0,229518.06960852473,1881,82821130,86119846,1058337,1051348,9407179,5763907,14060632,7546621,14034071,11522728,8390260,7524054,3819311,5802650,6388472,6434671,25662868,40473867
407,000999,2017-12-06,0.008386581469648657,-0.0031948881789136685,0.5966125381092432,7536.0,58713.51038501475,1761,16311451,29563404,483041,5118972,4592801,6767751,2912880,3275170,3650636,4776267,2250021,2854570,0,4532394,1372572,434749,1049500,1803531
408,001896,2017-12-06,0.009242144177449063,0.0,0.2824470186483416,10587.5,44112.00883239101,366,5389266,4050178,327290,208079,1776352,1001102,1846092,602221,956262,1726428,483270,512348,0,0,0,0,0,0
