,code,date,pchange_whole,pchange,change_std,amount_median,amount_std,length,sumsell,sumbuy,sell_vol_0,buy_vol_0,sell_vol_1,buy_vol_1,sell_vol_2,buy_vol_2,sell_vol_3,buy_vol_3,sell_vol_4,buy_vol_4,sell_vol_5,buy_vol_5,sell_vol_6,buy_vol_6,sell_vol_7,buy_vol_7
0,000001,2018-03-15,-0.006785411365563876,-0.0050890585241729624,0.20161566470435494,112385.0,777372.7802631763,3423,498798962,564536725,599822,681896,9636292,11274591,20044900,19058379,46589445,44560281,37733687,33375332,32570293,35139305,27539242,36589973,324085281,383856968
1,000002,2018-03-15,0.004923076923076808,0.002461538461538515,0.5611422297004355,85228.0,401369.3310425041,3355,294959207,328675889,994831,1052790,10710611,11712685,23745684,22282223,44792064,42469175,37134521,31467266,34099929,28957347,18388990,23872061,125092577,166862342
2,000004,2018-03-15,0.031818181818181746,-0.015909090909090984,0.9492855749250059,10855.0,193903.0739750727,537,5696819,4292015,588628,454632,2651703,1900847,1304773,1111316,947735,620620,203980,204600,0,0,0,0,0,0
3,000005,2018-03-15,-0.019656019656019708,-0.029484029484029506,0.1249972066746813,6112.5,61005.78775457978,1062,16394166,8923335,1034695,1245683,3619585,3239185,2165909,1205737,2542951,2004124,2546338,437657,2459700,303750,422988,487199,1602000,0
4,000006,2018-03-15,-0.030487804878048697,-0.030487804878048697,0.1440420827536354,43362.0,231759.02757933765,3249,225495760,148374006,1092276,1086790,20988527,12984183,21058363,18081784,35454767,29596613,25749496,23035721,20267539,10841205,20341155,9284391,80543637,43463319
5,000007,2018-03-15,-0.013043478260869712,-0.017391304347826098,0.3842536935770201,13655.0,122195.13812651395,1290,30747278,26959720,1129315,1149496,6106567,4860100,4954843,5566608,6913290,2541507,4095105,1662326,995315,2428043,2303330,1751110,4249513,7000530
6,000008,2018-03-15,-0.01490514905149054,-0.016260162601625994,0.2088521378882746,7280.0,129747.309120576,1249,26924873,15016873,1233767,1416304,4444777,3837444,5606853,2196792,3212633,1525723,1987326,1079644,2340005,1012524,2571304,436800,5528208,3511642
7,000009,2018-03-15,-0.007923930269413626,-0.017432646592709933,0.1393864437525982,13750.0,135692.03382646767,2053,63964134,33508866,1831052,1722958,10116723,7192534,9700343,7764522,10538716,6507245,5680868,3310255,5063559,2406796,1816799,443486,19216074,4161070
8,000010,2018-03-15,0.010548523206751037,0.014767932489451407,0.13036616339789173,9600.0,64928.38145380299,1324,17255493,16786924,1653242,1084502,5607585,5147574,3845409,2104834,2682861,1873434,3050101,2044287,0,1755046,416295,419562,0,2357685
9,000011,2018-03-15,0.017554858934169415,0.01504702194357388,0.42863956271900355,16120.0,71924.60452932656,1385,20730047,28268561,1374469,1186845,7137013,5960172,4754112,5868479,4367278,5172056,1265685,2447163,1289742,3512061,0,936255,541748,3185530
10,000012,2018-03-15,0.0012195121951221743,0.0012195121951221743,0.1782615604736007,20575.0,180606.40649003763,2118,73414680,91070505,1353409,2268272,8025184,10727541,6843368,10751596,11602414,15751453,6587471,10980392,5692902,7367168,8464683,8047819,24845249,25176264
11,000014,2018-03-15,0.012014787430683738,0.014787430683918634,0.3445547724209026,12083.5,52313.05601666994,988,16041748,14031946,1006262,768595,4763132,4567909,3583482,2751586,3092346,2584783,2812234,1885000,327332,972644,456960,0,0,501429
12,000016,2018-03-15,0.009554140127388422,-0.0015923566878981443,0.19812449648147243,15047.0,94982.39704487265,1005,25418950,20424460,760828,817427,4043461,5120601,5042266,2761382,4751220,3463569,4638408,1607916,2024830,1779334,1389566,411502,2768371,4462729
13,000017,2018-03-15,0.00679117147707986,0.008488964346349936,0.17750310927024573,10638.0,48620.10030006715,1103,13716328,15496801,993833,919633,4318515,5177924,3185309,3358475,3303841,2861117,713404,1566298,614476,641428,0,403726,586950,568200
14,000018,2018-03-15,-0.013722126929674117,-0.010291595197255643,0.13710049331451526,7540.0,43397.610763153614,1813,24533445,14288554,2228128,861109,7780144,6128252,4410353,3899328,5083602,1996858,1811634,693591,1343762,709416,1296243,0,579579,0
15,000020,2018-03-15,0.011976047904191489,-0.013173652694610682,0.3673836391040956,23674.0,114347.95282751186,2079,62786844,58485780,1237161,1445154,9983127,10181159,9742405,11399477,11910542,11711995,5753872,6063771,6836313,5833922,5485965,2788452,11837459,9061850
16,000021,2018-03-15,0.00914285714285712,-0.006857142857142895,0.1790517292759446,17540.0,95177.28537537718,2391,59227073,53759617,1221423,2558890,9092742,12629476,10644557,10860871,11013959,11615284,6888924,7598737,3571594,3170767,3125263,2672863,13668611,2652729
17,000023,2018-03-15,0.019114688128772706,0.02213279678068414,0.4874447421040704,19930.0,88690.81156762979,1666,33825218,45851783,1242224,1179153,7865352,7816203,6923039,7233441,7564591,10903297,3653015,7606132,1426736,2397982,875803,3055508,4274458,5660067
18,000025,2018-03-15,0.0456026058631922,0.06414432473064391,0.7347171631465931,54262.0,217940.02694797076,2955,150837158,201266954,1264633,1251925,11392388,11642926,17373745,19239898,26877884,32553287,21123424,24677633,15549181,26538350,10274925,18095171,46980978,67267764
19,000026,2018-03-15,0.0029673590504453173,-0.0009891196834816984,0.35846332678153353,4060.0,43695.927768813235,795,6561201,6133036,590844,954171,2173825,2020814,1056717,1093716,1301903,1002490,232424,1061845,397488,0,0,0,808000,0
20,000027,2018-03-15,0.006814310051107331,-0.0034071550255537764,0.1939441777837696,5870.0,66298.55526838191,916,14000816,6195159,1792381,559924,2862652,2322155,1846482,1192662,1108061,1089729,1077732,1030689,2139026,0,833122,0,2341360,0
21,000028,2018-03-15,-0.007941872254139892,-0.00811084825954711,2.024331859645702,11794.0,90341.81272806754,854,13530908,13870348,951083,677640,4688606,3241283,2951030,2360627,2620385,1403256,563940,1055885,381745,0,838857,0,535262,5131657
22,000030,2018-03-15,0.003978779840848823,-0.003978779840848823,0.2249351863451536,5299.0,33774.76565411723,1124,8696051,5980922,966277,1903514,2639411,2514462,1897620,636684,850050,926262,710040,0,1026712,0,0,0,605941,0
23,000032,2018-03-15,0.07986111111111094,0.0752314814814814,0.24894255868308893,15676.0,137562.28773657783,1208,28006178,27780170,939462,1272921,5482882,5354078,5105683,3672696,5525170,4833421,2210562,3351740,781215,2011815,883505,0,7077699,7283499
24,000036,2018-03-15,-0.013289036544850363,-0.013289036544850363,0.24186469257559237,13544.0,283111.3972311905,1394,58243326,34959468,1360666,1218030,5973105,5454945,6815577,4393330,8479819,4079249,4984581,3042152,4051285,386694,1857404,2705780,24720889,13679288
25,000037,2018-03-15,0.023545706371191022,0.01939058171745156,0.20654397012217865,10164.0,64945.603212086244,1224,16209832,21446967,986963,1348953,4262304,5485153,4065733,4311398,3678281,4575837,1235931,514912,1482960,978091,497660,880800,0,3351823
26,000039,2018-03-15,-0.016829533116178186,-0.02008686210640609,0.3448082710667273,16524.0,187761.1495399418,2855,107159646,77889734,1583679,4039433,9224610,14026426,11179681,13613250,14101966,13963329,9351873,7733083,11000983,7599675,5182270,3396155,45534584,13518383
27,000040,2018-03-15,-0.004022526146419847,-0.0032180209171358554,0.3829648802105328,3729.0,32100.44871510032,1054,6232301,6543703,778866,2304406,1542003,2569314,717046,901090,1420898,463853,229338,0,1111200,305040,432950,0,0,0
28,000042,2018-03-15,0.013934970139349634,-0.0013271400132713884,0.6145878100859691,4554.0,79928.37806252114,601,10401265,6582965,193770,1110031,985073,2594187,1549941,1501270,988217,1104777,664950,272700,1946084,0,1806000,0,2267230,0
29,000043,2018-03-15,0.005512679162072542,0.0,0.4001698946486837,9955.0,75450.44044464508,513,9716923,7434846,414511,615426,1938710,1994271,2134730,1065819,2023687,1625733,495999,987076,690095,636714,0,0,2019191,509807
30,000045,2018-03-15,0.02941176470588225,0.025882352941176467,0.22471900359025643,13552.0,76483.08089153373,1433,22718722,31783006,1388263,1481741,6475001,6668845,4468392,5404622,5579392,5413850,1856903,3590693,1056524,4082157,1297728,890630,596519,4250468
31,000048,2018-03-15,-0.006077795786061491,-0.0032414910858994395,1.3911310740324023,14811.0,63517.33312233115,314,6106621,4752009,404934,216008,1268273,1497793,1534360,700536,1014673,1333172,493500,1004500,370950,0,475166,0,544765,0
32,000049,2018-03-15,-0.019607843137254832,-0.028867102396514244,0.810309814274543,28643.5,143273.99719191526,2054,84515257,40259770,941513,1185046,13052313,10360482,16912971,8565349,16447614,8420931,7195322,3265228,3872396,3016414,2724087,1778172,23369041,3668148
33,000050,2018-03-15,0.005868544600938996,-0.00704225352112664,0.34349763416395207,20634.0,130046.38602734175,2462,88615362,66227229,1625194,1368135,12795088,10087206,12117847,11659239,17510899,15060270,7872463,10313583,9564459,5141666,3602627,1266626,23526785,11330504
34,000055,2018-03-15,0.022194821208384674,0.0012330456226881115,0.18156938839369005,24599.0,109907.18105892463,1997,64022497,65295710,1452180,1661958,8980793,9934288,9090777,9958324,14130387,14696114,8355401,11581428,5117335,5065161,5214047,4435537,11681577,7962900
35,000058,2018-03-15,-0.012030075187969946,-0.012030075187969946,0.2303056657368191,7249.0,59711.44378772311,834,10599339,8372555,695096,1125189,2917413,3230946,2284921,1865797,989713,1448223,988068,0,387420,702400,0,0,2336708,0
36,000059,2018-03-15,-0.008238928939237944,-0.007209062821833201,0.27364045879491505,19320.0,211297.53862905467,1259,57724284,28959435,1171311,1172181,6946247,5615746,7567425,4903184,6524728,4148681,5310518,3299231,3161040,1558517,2993956,2315206,24049059,5946689
37,000060,2018-03-15,-0.006979062811565129,-0.010967098703888234,0.20552288904412763,29940.0,253072.35705297661,2383,138730818,102987495,1552213,1801203,11311886,11167451,12451113,13933157,18222933,18401100,10416419,12839879,8876695,6515068,8611611,6638613,67287948,31691024
38,000061,2018-03-15,-0.024045261669023987,-0.026874115983026914,0.26357382874987095,8328.0,60039.23182594303,719,12140635,5440095,974723,610600,3634971,1632616,2371760,1454053,1584952,848426,750742,0,1649797,0,444800,0,728890,894400
39,000062,2018-03-15,-0.0057553956834532904,-0.018225419664268716,0.6219478540042711,10322.5,67053.10730822878,1124,20697311,10112012,1072583,1046404,5310876,3843166,3483514,2099687,2803684,1353550,3760476,413505,2051690,315700,480810,0,1733678,1040000
40,000063,2018-03-15,0.0033639143730885834,-0.012844036697247763,0.5549223678508967,160965.0,720664.2048274813,3473,647599092,553037690,547660,501401,7206722,8644483,16592861,21431537,44571966,49515881,50972752,53226866,46655018,45790736,38437353,39891890,442614760,334034896
41,000065,2018-03-15,0.017823042647994836,0.005092297899427001,0.43144157735682453,14026.5,66723.77929012192,1326,21369325,22262863,1303127,1187919,6389154,5788154,4606852,4490156,5039717,4981596,771978,1986037,1787889,981699,883788,420321,586820,2426981
42,000066,2018-03-15,-0.004255319148936176,-0.014184397163120477,0.14695690407951675,23630.0,133472.9101770948,2305,94018629,58660588,1262451,1725190,9941624,10593491,13871616,12603840,18010474,13781234,12964060,7754936,9039930,4158750,4934585,3152654,23993889,4890493
43,000068,2018-03-15,-0.023255813953488413,-0.031712473572938715,0.176488013481879,3728.0,48431.50776918232,719,11826523,3637361,883045,379425,2543218,962894,1573622,1019086,2428916,752026,3983337,523930,0,0,414385,0,0,0
44,000069,2018-03-15,-0.008055235903337232,-0.00575373993095496,0.1744329818548069,15659.0,178268.5477064425,2485,98932504,58044833,2600840,1319706,10094966,10053492,12483430,8556866,15487117,8449531,9640633,5495545,5294148,1779363,3203378,5836942,40127992,16553388
45,000070,2018-03-15,-0.0010917030567685337,-0.01091703056768556,0.28798243544669605,9200.0,73359.15683830723,1012,14143199,13396574,843905,992754,3917419,4013890,3212347,3049663,2324394,2180586,1762558,527130,616722,314985,0,0,1465854,2317566
46,000078,2018-03-15,0.0,-0.006688963210702337,0.13984852299839454,7134.0,134677.28445712445,1832,35074468,26554666,1778577,1219489,6249512,5908657,5472675,4703198,4054881,5186312,3580602,2747792,624097,4747850,425304,418285,12888820,1623083
47,000088,2018-03-15,0.0025940337224383825,0.0012970168612191912,0.24744881946905858,7710.0,64762.817187102126,971,11866509,9445235,607265,1919483,3073843,3242908,2072920,1755691,2004714,1280981,914481,945482,770500,300690,882786,0,1540000,0
48,000089,2018-03-15,-0.009237875288683584,-0.012702078521939941,0.3344212907219373,10308.0,54897.27094669086,670,11780546,6176106,919180,505970,4275240,2042607,2219132,879127,1382140,1298240,656956,214768,1382089,671414,443244,0,502565,563980
49,000090,2018-03-15,0.0,-0.001007049345417954,0.22665318780351756,3988.0,42558.76686533048,1921,15476183,13375929,1988392,2604827,4457050,4741128,2322056,2620960,3171046,1427280,1252510,692278,311376,643074,463264,0,1510489,646382
50,000096,2018-03-15,0.017450682852807375,0.003793626707132125,0.753485500071184,9275.0,19445.133315546645,305,1927370,2301375,264209,374580,1072599,1372575,398437,390876,192125,163344,0,0,0,0,0,0,0,0
51,000099,2018-03-15,-0.01670644391408116,-0.017899761336515607,0.2574259392263011,7020.5,62768.688410289076,1060,13347780,11213059,992100,1132573,3641652,3783363,2831941,2023928,4098702,1329963,1303479,0,0,0,479906,420992,0,2522240
52,000100,2018-03-15,0.007957559681697646,0.0026525198938991412,0.07166565285306627,21448.0,341878.07003929897,2791,145572210,166622480,1544920,2146016,10108857,11294422,14451443,11715029,19672190,18320053,12451389,8398451,10466595,9826210,4646974,12628868,72229842,92293431
53,000150,2018-03-15,0.0077806595035199155,0.011856243052982496,1.7279842263056666,8290.5,23984.703415244192,244,2925400,1089212,250400,241956,1395381,608152,830399,239104,236280,0,212940,0,0,0,0,0,0,0
54,000151,2018-03-15,0.04839857651245549,0.04839857651245549,0.3216134246192512,58630.0,1329007.679472053,1915,280541458,225982830,1187981,297124,8957716,5095588,12238422,9436230,19996946,16322177,12243770,14093001,12078873,10788015,11381328,10112763,202456422,159837932
55,000153,2018-03-15,0.007936507936507908,-0.006613756613756627,0.29086574297939843,6000.0,27862.813519616713,675,6641792,3831660,948312,675847,2321425,1623986,1690086,1201901,803296,112950,878673,216976,0,0,0,0,0,0
56,000155,2018-03-15,0.010958904109588996,0.006849315068493178,0.1513086627833696,31080.0,133326.12101420184,2332,84489466,99782214,1133387,1710447,8621993,11023449,11178607,12781298,24021243,21896376,12169202,15498322,10901957,11366974,4519433,8813583,11943644,16691765
57,000157,2018-03-15,-0.00233644859813098,-0.00233644859813098,0.11020754671748967,7293.0,109532.63531524883,1513,34094908,13997880,1469152,1305854,6818025,3925700,4875425,2015264,5644595,2072912,4612589,1831042,617176,645051,409919,824967,9648027,1377090
58,000158,2018-03-15,-0.028822055137844638,-0.03007518796992481,0.21395858937583503,7870.0,61174.056443693444,1392,23069317,17288256,1515918,1465837,5278299,4667731,4828879,4407624,6410037,3312972,1695618,545232,981906,1053524,490625,889780,1868035,945556
59,000159,2018-03-15,-0.01716738197424894,-0.01931330472102999,0.17441558856564443,4135.5,33507.90854330819,714,7401275,4457528,521554,1109957,2904928,1928295,1599093,924890,499935,494386,1178626,0,697139,0,0,0,0,0
60,000166,2018-03-15,-0.003984063745019806,-0.003984063745019806,0.12266581371369643,9036.0,115961.20759092394,1678,38925239,20255393,1533602,1087674,7395296,4632731,7318875,3394173,3446382,3087249,3165490,3677060,3166963,303500,1257010,0,11641621,4073006
61,000301,2018-03-15,-0.012158054711246202,-0.01823708206686936,0.17186683606750713,16299.0,107342.87148173556,1467,42664682,27913390,1198061,1188663,7820030,6118386,6946426,5237959,9612227,5228249,4523953,1538001,3989965,2094410,2590650,901876,5983370,5605846
62,000333,2018-03-15,0.025208681135225453,0.023372287145241977,1.016477054020473,158535.0,787409.5196952195,3474,628270641,682547186,300208,192894,8198279,8758132,20166201,18691160,53407897,43799852,49061005,44836600,40218193,39159789,31589564,34528278,425329294,492580481
63,000338,2018-03-15,0.014354066985646119,0.00837320574162681,0.14867286207378902,33720.0,233735.95243093927,3168,155352268,157768669,2051496,1019481,19257596,14110627,17557095,16810974,25997260,23684849,20151995,14729769,19547650,11717980,10233210,11151414,40555966,64543575
64,000400,2018-03-15,-0.016666666666666607,-0.020000000000000018,0.29202455618507683,11900.0,76636.6278751466,1689,41552035,17647694,2110838,1055818,9187580,5816549,8268887,3864244,7888043,3255580,4555476,2457180,3180529,0,850695,0,5509987,1198323
65,000401,2018-03-15,-0.029251700680272053,-0.03197278911564616,0.2591903147929897,67206.0,353195.94213189627,3219,291725549,217524652,890123,937861,14702718,11984304,21162064,20857219,35437014,38857207,33401253,33552960,34589294,17910716,23663328,15906662,127879755,77517723
66,000402,2018-03-15,-0.003906250000000111,-0.0087890625,0.22931242945011113,9270.0,166670.86086696738,1995,59143404,32475551,1441647,1969915,6923989,7726467,5086573,5091871,7831851,5824317,3116100,2882232,2231804,1348583,2243791,1409027,30267649,6223139
67,000403,2018-03-15,0.030000000000000027,0.011612903225806326,1.4697756948922507,15740.0,168821.0981263583,444,5983547,15278530,528229,352578,2062478,1964350,1507170,2309671,1147533,1345221,437561,995080,300576,317140,0,978880,0,7015610
68,000404,2018-03-15,-0.00857632933104624,-0.025728987993139052,0.175981290201394,14162.5,111249.84622527967,1098,36863888,18702214,721303,999228,4372682,4734782,4781002,3850141,6498450,4222791,6378283,3185615,2104722,663966,1767035,430032,10240411,615659
69,000407,2018-03-15,-0.020280811232449292,-0.01404056162246492,0.20389139773315687,6380.0,45951.06137434742,989,16094679,5998157,1458047,458952,4196821,2536943,3672990,1648081,3562175,841311,1602610,512870,0,0,424743,0,1177293,0
70,000408,2018-03-15,-0.0011976047904190823,-0.0077844311377245345,0.4961384561562044,16620.0,113132.27575386554,1133,33547235,22432836,1066933,963740,6175133,3812411,5294532,3344167,7833930,3312748,4011335,2317116,1419339,2875865,930489,2234186,6815544,3572603
71,000409,2018-03-15,-0.019434628975265045,-0.021201413427561877,0.21703843958169108,7861.0,47827.6089196798,680,10938500,4976194,705004,539845,3236820,1943344,2523855,740052,2031872,1025911,768885,727042,652166,0,468996,0,550902,0
72,000410,2018-03-15,-0.03305084745762721,-0.04830508474576278,0.2052285209316444,57120.0,530570.0567919998,3317,310246256,239249719,775936,1024082,14408348,13801546,22604940,19362690,35655339,36035165,24102371,25959616,16296329,18697275,16647277,15459336,179755716,108910009
73,000411,2018-03-15,-0.0027932960893853886,-0.008379888268156388,1.797874331725123,9601.0,105231.77063060483,142,4212847,1151424,83977,178877,673141,286772,441233,53375,250968,0,1027428,0,0,0,0,0,1736100,632400
74,000413,2018-03-15,-0.008403361344537896,-0.01800720288115254,0.15541298240305373,30747.0,224212.26192613534,2877,163397416,102781003,1856954,1850953,15169233,12601356,19028240,13516481,29706388,17102224,16957181,11061601,11487774,5519535,8375884,7954974,60815762,33173879
75,000416,2018-03-15,-0.012323943661971759,-0.015845070422535135,0.22525655452701707,7875.0,56895.698704522256,636,12339565,4398660,776161,397263,3187253,1719467,2220916,705624,2521308,1048405,2034930,222156,305773,305745,0,0,1293224,0
76,000417,2018-03-15,0.007722007722007707,0.0012870012870014325,0.26584874389259217,5460.0,90175.52770945644,854,9931551,9483838,1827218,550690,2018587,2482624,1237115,1082290,1065949,1669920,1533668,214728,636737,373920,401709,451240,1210568,2658426
77,000418,2018-03-15,0.014123511492661223,0.002769315978953246,1.8289909808087959,21903.0,121252.82715866098,1559,49456209,28263559,1382047,1503496,7376375,6864439,12656552,5892523,11975509,6298678,1759296,3253582,1043960,1385532,869414,406559,12393056,2658750
78,000419,2018-03-15,-0.012477718360071388,-0.012477718360071388,0.2953705091140973,16182.0,83435.12444995105,360,8401456,5678175,254095,327592,1375964,1706329,2017420,917848,1931388,559089,1037020,786038,339770,0,888799,480479,557000,900800
79,000420,2018-03-15,0.0034129692832762792,-0.0034129692832765013,0.11186385035010828,5880.0,67551.77056277673,687,9339035,7662205,553019,695226,2830055,1833236,1890556,1275023,1671453,582914,1284612,924806,707845,0,401495,0,0,2351000
80,000421,2018-03-15,-0.009208103130755041,-0.012891344383056946,0.21231241386830751,3794.0,32901.1775714405,654,6647324,2635567,988810,297880,1951855,1370403,1391948,602385,1050684,364899,489551,0,346256,0,428220,0,0,0
81,000422,2018-03-15,-0.014880952380952328,-0.02083333333333326,0.09945724603193715,7728.0,54007.2965718442,1145,19445585,9449813,1290465,989625,5035181,3015017,3977958,1857922,4060043,1926511,2185313,1230835,1067415,0,498000,429903,1331210,0
82,000423,2018-03-15,0.005962239152037085,0.0019874130506789545,1.0358969618159144,18186.0,100262.170378651,3397,101844999,54362227,658556,145209,42316408,8845933,13877812,8722981,13299082,9702470,6689961,5605960,6613623,3424635,3175005,3492632,15214552,14422407
83,000425,2018-03-15,0.007194244604316502,0.004796163069544557,0.07980760917535315,13440.0,145329.11503671648,2748,78439542,62919039,2224712,2202985,12291115,10026628,11150970,11493153,11012926,11182975,10296401,7084847,4707030,5284123,3949566,2704110,22806822,12940218
84,000426,2018-03-15,-0.015917602996254665,-0.020599250936329527,0.2146922331350178,20339.5,175861.68727374438,2478,109009579,66511018,1911157,1275141,10671125,9025270,11447049,9015649,19808190,13477641,11111718,6335479,7539516,5831326,5867875,4499290,40652949,17051222
85,000428,2018-03-15,-0.007915567282322011,-0.02110817941952503,0.21931185654074992,6813.0,89786.10837939697,298,4700188,3222225,422706,197082,815708,989679,769139,854152,610984,414504,278240,237500,0,0,0,0,1803411,529308
86,000429,2018-03-15,0.0025094102885823144,0.0,0.27776297373215136,3980.0,43123.91280595557,823,6864158,4611186,798387,916079,2392244,1793936,834777,721243,781130,978877,424014,201051,334320,0,402990,0,896296,0
87,000430,2018-03-15,-0.011138613861386149,-0.014851485148514865,0.39207768490486167,4025.0,26498.037767245998,424,4259189,1383392,426572,327451,1929901,882357,1023407,57439,532302,116145,0,0,347007,0,0,0,0,0
88,000488,2018-03-15,-0.0005467468562054822,-0.003827227993439042,0.3656050167648122,23751.0,148752.58793111914,2503,115996869,69459153,1390965,1349065,14740552,9610002,14376459,10408263,19286900,14993010,12485281,9688269,7357868,3513436,9134931,2687916,37223913,17209192
89,000498,2018-03-15,-0.007692307692307665,-0.009230769230769154,0.2153186050809745,5160.0,64977.20811709762,911,15592049,4359298,862357,692719,3320117,2341718,2237320,778588,1680188,546273,752032,0,325000,0,3952288,0,2462747,0
90,000501,2018-03-15,-0.002452483139178341,-0.0073574494175351335,0.4502356398517105,4890.0,52902.072132203306,1312,18392058,9096399,1795654,1157889,4615488,2570873,4376915,1538359,3123371,1858386,1087588,734847,1002330,629417,473166,0,1917546,606628
91,000502,2018-03-15,-0.008849557522123686,-0.006637168141592764,0.4342612412581916,6314.0,62109.73920245517,433,5502700,2960375,549590,619658,1747544,970118,1049034,244061,221544,500663,0,0,0,625875,413978,0,1521010,0
92,000503,2018-03-15,-0.04756097560975614,-0.04195121951219505,0.8107512948977278,78160.0,573235.8393901223,2561,365047738,240220038,748470,794275,10353243,8622088,13921975,13395606,29734636,22328622,28776610,18134723,16813758,15414931,20595885,17769090,244103161,143760703
93,000504,2018-03-15,0.01416666666666666,0.005833333333333357,1.6185286860885926,12170.0,81934.16777847431,219,6367359,2869300,200596,192899,1210384,635524,656309,721148,1312748,1077729,242500,242000,363306,0,1836178,0,545338,0
94,000505,2018-03-15,0.006053268765133346,-0.001210653753026647,0.25998993009086346,13336.0,58355.57713952381,1010,19702915,10439748,901084,890196,5423448,4025205,5159792,3531799,2777998,1036831,1964119,500591,685580,0,1779473,455126,1011421,0
95,000507,2018-03-15,0.016198704103671746,0.001079913606911509,0.20326171127458245,18720.0,87126.05611133245,2077,47500054,43519175,1659560,1961600,10589471,11240306,9201744,9337221,11600037,9537762,3759306,4743934,2739342,3067523,914201,1775486,7036393,1855343
96,000509,2018-03-15,0.0,0.0,0.2146388782828249,2755.0,32682.654332025813,658,0,5718278,0,1504781,0,1554371,0,1029819,0,235828,0,423719,0,323988,0,0,0,645772
97,000510,2018-03-15,-0.015363128491620137,-0.020949720670391137,0.2633155019876832,10038.0,77958.57639606058,739,15150793,8283451,694319,817767,3812835,1974403,2838105,1920297,2642165,1433773,1146957,756834,354500,668957,472350,0,3189562,711420
98,000513,2018-03-15,0.008911434055387968,0.004661365505895354,1.5254781584516057,36725.0,146994.87386337126,2286,88403861,97851331,1308055,1531463,11045853,11265527,13983378,14063426,15968187,21969820,13113736,12249742,10778758,8806762,8389280,5811670,13816614,22152921
99,000514,2018-03-15,0.0,-0.00605143721633894,0.1985964799064934,13370.0,70772.12443931114,1108,22147266,15628642,1010268,1036002,6034305,4295659,4232728,4329858,2977570,3356828,1529513,1347624,2701968,668819,1334113,0,2326801,593852
100,000517,2018-03-15,-0.019565217391304346,-0.021739130434782483,0.08617675722562423,29295.0,151624.77805342892,2865,127514617,107949854,1662226,1721458,12885227,13155983,14519626,15319470,26959152,23006017,13745790,19432428,9514768,9179105,8826383,8107578,39401445,18027815
101,000518,2018-03-15,-0.020155038759689936,-0.03100775193798455,0.18638215711633027,9367.5,39581.61243042379,1198,17675443,8213789,1444600,1089867,6412425,3335579,4375215,2207665,2808423,981231,700871,244052,1364209,355395,0,0,569700,0
102,000519,2018-03-15,0.059171597633136175,0.059171597633136175,0.14759462423183575,41630.0,189452.60193238815,3289,144070428,190978746,2030566,1118243,16657842,12546011,22723463,20435124,28806350,27140078,19193641,23452081,11360422,16989460,11420783,18268915,31877361,71028834
103,000520,2018-03-15,0.005649717514124353,-0.011299435028248594,0.09439845812967025,8850.0,73815.07446240602,1411,24200006,14090698,1831305,1176747,7172597,4253097,3829619,2406833,3887322,3012255,1954521,1404976,2753836,755717,446898,406700,2323908,674373
104,000521,2018-03-15,0.013856812933025209,0.004618937644341736,0.16482962695803627,4350.0,41369.267188207545,690,4787029,5807000,454857,1117458,1872735,1171885,1249555,856327,701433,702227,508449,907768,0,0,0,499758,0,551577
105,000523,2018-03-15,0.019920318725099584,0.013280212483399723,0.27311241857277446,9919.0,51688.0253107878,760,8219895,11495140,896174,653735,3131685,3374606,2102284,2696081,1598232,2225010,0,647767,0,652222,491520,0,0,1245719
106,000524,2018-03-15,0.050000000000000044,0.04615384615384621,0.29444141072167007,10440.0,76459.31395186267,1251,16135754,21809640,1145768,1207899,4151802,5374163,3302449,3537219,4869211,4996378,1387714,1240351,0,998581,0,0,1278810,4455049
107,000525,2018-03-15,0.010570824524312794,0.0008456659619451301,0.6338910173054209,16768.5,104444.9023916704,1392,34603529,33931620,1135436,1091551,6532226,6099812,5062310,5043208,8227535,7764332,6165209,4781121,1857372,2606100,926192,973340,4697249,5572156
108,000526,2018-03-15,-0.0013826477704804718,-0.0024196335983408535,2.056640949749482,14415.0,83407.25063675981,197,4043107,3699692,205501,115991,917418,542241,508882,946474,1513631,499389,438960,0,0,366649,458715,462070,0,766878
109,000528,2018-03-15,-0.010266940451745366,-0.011293634496919891,0.1904608373243073,25453.0,159562.89032634304,2619,100803460,89521178,1660828,2325362,13893370,11866321,13512184,14251419,17376081,17452195,10410217,8670928,5784877,9493702,6351996,4144595,31813907,21316656
110,000529,2018-03-15,-0.013761467889908285,-0.015290519877675823,0.2538075703552452,4564.0,38624.7024302079,664,7136040,4420155,959800,567422,2005117,1627255,2016438,815478,778890,1077517,201654,0,718771,332483,455370,0,0,0
111,000530,2018-03-15,-0.022413793103448265,-0.04137931034482767,0.11298270894481074,23436.0,162578.91255099518,2649,100675096,75790058,1590476,1547080,13680782,11782986,14566916,11915968,19162681,12544071,12143537,7426712,9102172,6368877,3962767,3133196,26465765,21071168
112,000531,2018-03-15,0.02499999999999991,0.0,0.3497653614324106,7931.0,48804.30150519488,423,4985844,4962449,325076,603164,1247643,1660743,1330425,1375298,1572370,603244,510330,0,0,0,0,0,0,720000
113,000532,2018-03-15,0.08812949640287782,0.01618705035971235,0.2949965840310933,21940.0,164783.1705871323,1424,39285205,45682997,696001,1070173,6543725,7350616,6824689,5898089,9424582,7793515,5745050,4722068,1648736,2077649,1390300,3106144,7012122,13664743
114,000536,2018-03-15,0.0023529411764704466,-0.0117647058823529,0.11873181671654949,6360.0,72150.37602704785,1284,22110328,9948263,1512683,638061,4834522,4357718,3092751,1474161,2068319,1332760,4281355,1007516,1316106,615031,885288,0,4119304,523016
115,000537,2018-03-15,-0.021360759493671,-0.03322784810126578,0.2788032665363111,18585.0,132315.12893264764,2057,64635343,46956628,1284089,1586894,9344088,10403939,10836242,6556886,12422187,8758060,8615437,6778057,5027493,1971433,1755173,2261308,15350634,8640051
116,000538,2018-03-15,0.02805163126333987,0.024189450147372726,2.082649775086397,30180.0,189280.11652441628,2232,82819430,122914040,1836719,1313620,11398337,11285719,10013002,11053147,16911170,17321519,8631510,22490238,6188665,13510774,5625600,8356157,22214427,37582866
117,000539,2018-03-15,0.010799136069114423,0.006479481641468832,0.20532024513624106,9280.0,51608.19354108957,508,5354389,6958002,475334,784427,1902683,2414897,1098272,1315454,1161542,822500,716558,0,0,0,0,466000,0,1154724
118,000541,2018-03-15,-0.01013513513513531,-0.014639639639639768,0.20597073539431776,5292.0,41826.656988033064,1861,16461943,11456958,1105454,3336959,6217777,4934375,2730143,1341079,2052123,1339529,200408,505016,638115,0,1319347,0,2198576,0
119,000543,2018-03-15,0.007936507936507908,0.005952380952380931,0.11335558805471331,15150.0,208498.24065978426,1983,60110833,67650115,1889900,1023297,9959990,7945006,6477910,7004253,8150287,6050123,6697671,5171643,5922907,2805047,4068173,2642218,16943995,35008528
120,000544,2018-03-15,-0.007823613086771042,-0.012091038406827903,0.5151174111789187,13870.0,63151.100946667466,745,15923853,7443856,614618,782274,3613455,2753618,2330749,1630575,3914954,1378332,2989197,494100,1071778,0,0,404957,1389102,0
121,000545,2018-03-15,-0.01279317697228155,-0.014925373134328401,0.13653609672329586,11986.0,83617.16491697583,1181,30986578,14534689,1311561,1010612,5843584,4939297,4344579,2500193,5127739,3237315,3617270,1156390,1360680,300300,4560604,876080,4820561,514502
122,000546,2018-03-15,-0.004375000000000018,-0.016874999999999973,0.38574205919223425,12584.0,103582.23396958351,1721,48623934,20643902,1965928,1275049,8359061,4674983,8953505,3590217,9181818,4519561,4560830,3160339,2094015,1653904,3635180,1769849,9873597,0
123,000548,2018-03-15,0.009478672985781866,-0.003159557661927437,0.22281560211946116,6380.0,51698.51377730647,807,10106299,8780053,665249,1017840,2936181,2690834,2168771,1786100,1790838,1625254,771419,712377,1114441,326744,0,0,659400,620904
124,000550,2018-03-15,-0.0010598834128245915,-0.005299417064123069,0.5331726577791636,5661.0,81535.35931574997,1252,22672782,10422188,1539067,1004164,4497966,3186734,4769299,1831651,4208276,1677597,1454134,1541154,2129734,377800,412500,0,3661806,803088
125,000551,2018-03-15,0.008415147265077305,-0.0014025245441794398,0.2840219438716929,3595.0,39614.58664550243,630,5088021,4406786,759629,670123,1635648,1517740,1289774,700562,601973,557498,426300,0,374697,339840,0,0,0,621023
126,000552,2018-03-15,-0.005464480874316946,-0.00819672131147553,0.10927391556186784,7260.0,70563.33718356126,1125,18572381,9350109,1636134,985630,3568191,4102264,2361777,1159377,1910240,1790393,1978111,1312445,1788106,0,818768,0,4511054,0
127,000553,2018-03-15,-0.0006863417982154729,-0.009608785175017176,0.4670152949683285,11664.0,67836.56774906618,973,17753976,11117912,788880,709001,5407150,3828471,2592459,2125077,3544467,2451136,1431143,773752,730962,368172,430338,0,2828577,862303
128,000554,2018-03-15,0.04500703234880432,0.035161744022503605,0.1764504857461698,19852.0,145729.72498904145,1629,44059095,60188782,1294845,944725,6846557,7591678,6950015,6919417,8870470,10208106,3706459,8046025,5206960,4929339,3292472,4416425,7891317,17133067
129,000555,2018-03-15,-0.037962962962962976,-0.04814814814814827,0.23004158506934824,21040.0,116212.14905742084,2209,64382764,47152290,1352959,1327579,12446240,10214873,12169860,8738173,13492914,12703441,6420731,4787103,3533764,2286791,2181727,1761050,12784569,5333280
130,000557,2018-03-15,0.0,-0.01103752759381893,0.15987232502683818,8980.0,62488.67923810063,803,12664906,5468627,1053086,645249,3898631,2559540,2565880,1065383,1290536,1198455,1672309,0,346187,0,408600,0,1429677,0
131,000558,2018-03-15,0.017429193899782147,-0.0065359477124183885,0.11087757102411629,16310.0,92409.30220566578,1719,40607242,35931736,1087745,1438465,8865103,8675317,6706567,5986554,8257937,7450463,2440694,4095818,2051925,2332035,5856555,2311659,5340716,3641425
132,000559,2018-03-15,-0.006593406593406681,-0.00879120879120876,0.24669098866498002,14400.0,109305.86759288599,1361,31517025,32068494,1444615,1490365,5545823,6326232,4690885,5437664,6039420,5650393,3315150,3269068,2846583,2144889,1397454,1344807,6237095,6405076
133,000560,2018-03-15,-0.022222222222222365,-0.022222222222222365,0.30752062488478354,8530.0,32795.25644720448,773,9016890,7374046,532580,1161852,2967291,2946281,2927619,1896243,2117880,619496,471520,750174,0,0,0,0,0,0
134,000561,2018-03-15,0.00401069518716568,0.006684491978609541,0.20350911269858502,7640.0,44709.34477720162,1353,15446055,16839537,1688883,1185785,5442558,4188016,4525643,3998236,2330830,3831285,1458141,1535441,0,1036478,0,477540,0,586756
135,000563,2018-03-15,-0.004830917874396046,-0.009661835748792313,0.10935154605664202,5356.0,88764.16529888235,1437,18971447,13129336,1071081,2257319,3930370,4066868,2314088,1722939,2683909,1950877,1534670,834067,396730,322596,2205159,1351186,4835440,623484
136,000565,2018-03-15,-0.0015723270440252124,-0.020440251572326984,0.265145076955331,5048.0,38800.24453705974,575,7258833,2921084,623006,534605,1720435,1082869,931466,554134,2489070,749476,1150556,0,344300,0,0,0,0,0
137,000567,2018-03-15,0.005813953488372103,0.0023255813953488857,0.7704987805567277,15696.0,92716.22091182468,1121,27405226,21569503,982999,838300,5334907,5314091,4372227,2973603,5595438,4966623,2378517,3021744,2406538,317340,919596,427548,5415004,3710254
138,000568,2018-03-15,0.0276022613900897,0.024941802460924478,1.1204439412986913,62520.0,377802.39170916507,2883,223670406,276834143,870391,731074,13684146,10125315,17278588,13621248,32660442,28280560,25432399,27964736,21847651,20051980,19440873,16023340,92455916,160035890
139,000570,2018-03-15,-0.005825242718446644,-0.011650485436893288,0.2519800259669494,8704.0,38467.464207326775,417,5904137,3059096,277744,453686,1998402,1256481,1367601,464560,1455608,563345,479154,0,325628,321024,0,0,0,0
140,000571,2018-03-15,0.03265306122448974,0.02857142857142847,0.13675124717164924,13716.0,90650.95549698002,1287,26296764,30709730,889272,1035922,5492760,4803358,4795143,4445913,5966308,6366693,4254570,3692210,1383043,4926696,895565,2224398,2620103,3214540
141,000572,2018-03-15,-0.0025445292620865922,-0.0025445292620865922,0.11608680007518263,6672.5,65971.34720324709,1148,14111668,13497116,1113780,1109995,3535913,3573922,2189551,2707498,3371127,2227823,485861,2217709,680565,396000,889161,0,1845710,1264169
142,000573,2018-03-15,0.0,-0.002012072434607548,0.2520912216992432,9960.0,35258.227574007615,388,5847165,2777781,451212,326680,2690252,1411399,919189,1039702,939818,0,512886,0,333808,0,0,0,0,0
143,000576,2018-03-15,0.012621359223300876,0.004854368932038833,0.6728578800072962,20905.0,428659.73594957276,938,23696772,106438177,402795,645738,5026515,4151107,3080898,3261637,4286765,3800370,3223130,1949718,1319020,988774,835275,1392249,5522374,90248584
144,000581,2018-03-15,-0.00790678318768212,-0.01331668747399084,0.5248261671212141,16695.0,150505.38959423327,2096,70249476,40059301,2308045,1497245,10245507,9497170,9022171,6680178,12793304,8168442,7642463,4553866,7324086,1630491,3668905,1876992,17244995,6154917
145,000582,2018-03-15,-0.0011061946902655162,-0.009955752212389313,0.30485150131933103,10908.0,57377.40664722791,879,17365764,8750691,1177540,858460,4911390,3127067,4242787,2014938,2983328,1387718,1014729,533183,1735334,341711,476256,487614,824400,0
146,000584,2018-03-15,0.0,0.0,0.4635890909151705,28177.0,69371.21134601453,1013,25423995,20531372,586184,449907,10971801,3095510,3666155,4955786,5821511,7378401,1179588,3407884,1018602,314601,443400,929283,1736754,0
147,000585,2018-03-15,-0.0026881720430108613,0.018817204301075252,0.09655454816512221,8625.0,49199.03113336002,1491,19057451,16187184,1474704,1323934,6530086,6168050,3508535,3479582,3305506,2746252,916101,1610205,1474982,0,442552,859161,1404985,0
148,000586,2018-03-15,-0.0024953212726138707,-0.004366812227074246,0.5530635027691108,11360.5,71670.12160797753,840,13074919,10464100,886916,880901,3844593,3346262,2990541,2387407,2943528,1532221,966341,213199,0,0,0,0,1443000,2104110
149,000587,2018-03-15,-0.0028409090909091717,-0.008522727272727182,0.18996694187549554,17512.5,110658.46768131884,1374,46449568,23568589,1389788,981010,8579769,4716442,7206597,4334434,5582668,5807713,4997476,3647450,4718151,3541770,2696404,0,11278715,539770
150,000589,2018-03-15,0.011627906976744207,-0.0023255813953487747,0.15278336192733216,11296.5,69495.99417245634,792,12238026,14718760,558691,1020348,3119198,4221501,1795195,3060107,1914338,2813866,2117382,772100,946642,377568,433000,1336990,1353580,1116280
151,000590,2018-03-15,-0.027450980392156876,-0.02431372549019617,0.7654731736514876,7530.0,43336.322628527,277,4604601,1870916,318823,215858,1210085,639982,1123498,405641,1256401,380655,284544,228780,0,0,411250,0,0,0
152,000591,2018-03-15,0.0,-0.00591715976331364,0.12805560271798505,5040.0,58865.476074140184,1571,20916184,15585705,1195089,1300408,4815139,4802582,4277038,2290810,3289035,2454204,3804858,726608,1693548,1332725,0,898261,1841477,1780107
153,000592,2018-03-15,-0.010869565217391242,-0.017391304347826098,0.11824505677569434,11475.0,127618.8368350468,1517,44721068,23895602,1536849,1419704,6915200,5632910,5229966,4137852,6971050,3731818,6944979,4715204,4516496,0,2698785,1392327,9907743,2865787
154,000593,2018-03-15,-0.02401129943502822,-0.025423728813559254,0.22571750064002888,7617.5,47343.476468535075,984,15457440,8370121,1031317,1146673,4402977,2981607,3854682,1913961,3838513,981905,723121,992596,357072,353379,0,0,1249758,0
155,000595,2018-03-15,-0.017857142857142905,-0.017857142857142905,0.18549452911273434,8436.0,40989.05620212154,583,8786583,3590929,800505,534134,3141134,1488569,1671925,897891,1371701,670335,936860,0,0,0,864458,0,0,0
156,000596,2018-03-15,0.017034700315457396,0.013564668769716182,1.548525961142379,25880.0,134001.1924717624,1677,42087341,52140538,1338588,975388,7998292,10639906,9100532,8778787,8550665,7988607,3410144,5007529,2700094,1681128,2231557,1783395,6757469,15285798
157,000597,2018-03-15,0.005934718100890191,-0.001978239366963397,0.28657249750432384,5080.0,87596.42889680085,1245,15244947,15557773,727275,1177445,3980493,4001985,3243443,2502539,2597516,2117989,1979040,1139977,1293161,0,822819,1250814,601200,3367024
158,000598,2018-03-15,0.0,-0.0039999999999998925,0.14765884042918512,6012.0,68086.94310901868,1148,17486487,9335748,1087094,1225202,4844131,2639671,2285497,1202033,2224612,2413956,1259513,272454,1409454,351201,920337,431635,3455849,799596
159,000599,2018-03-15,0.0032414910858995505,-0.0032414910858994395,0.23633819427685074,10540.0,42154.40016364897,681,8515418,6935167,425969,863548,2816959,3121767,1681227,1867361,1341875,777089,735238,0,991400,305402,0,0,522750,0
160,000600,2018-03-15,0.012413793103448256,0.011034482758620623,0.15572293413939356,18275.0,112892.11608118539,2171,51008412,66463713,1856030,1478889,10888160,9995811,9639903,8751375,11288151,12688462,6282492,8002467,2757951,6568111,887966,4406026,7407759,14572572
161,000601,2018-03-15,0.015918958031837738,0.011577424023154759,0.2410992565501454,11136.0,65932.57477730393,821,11729863,13916104,584721,874764,3521332,4136464,2821454,2370305,1581251,1665949,1316580,1494706,1400650,1013424,0,882480,503875,1478012
162,000603,2018-03-15,-0.004796163069544446,-0.015987210231814486,0.3613739884311066,14928.0,67165.13571362055,1198,29113315,18220518,824113,1112159,5931270,5370416,5964837,4358140,7906968,3654673,3609944,1149072,1691712,1027670,1382405,907876,1802066,640512
163,000605,2018-03-15,0.019253208868144522,0.009334889148191472,0.3982121389191244,17670.0,84885.59858282986,1854,40407604,45662797,1367264,1177085,9713508,7878130,8868506,8743567,8825301,9631482,4011909,4752839,3453332,6046566,1425376,2651628,2742408,4781500
164,000607,2018-03-15,-0.018248175182481896,-0.025547445255474588,0.18657788345098944,2172.0,36446.415697302975,863,7296918,4691417,444295,992566,1699494,1948467,1675351,430608,1458557,846660,902246,473116,688795,0,428180,0,0,0
165,000608,2018-03-15,0.0,-0.01406469760900153,0.2402025496013106,10010.0,53990.45655113228,876,15492062,7928629,861172,811034,4160242,2896660,3980826,1824313,2816130,1781424,466383,201213,1046502,0,879121,413985,1281686,0
166,000609,2018-03-15,-0.003278688524590234,-0.003278688524590234,0.3910183218403786,6383.0,29199.992493195026,547,5963702,3328446,508586,950456,1838927,1362970,1793703,768618,1415566,246402,406920,0,0,0,0,0,0,0
167,000610,2018-03-15,-0.024654832347140054,-0.03254437869822491,0.4389825872883619,9980.0,56468.95738480261,533,8837930,5020260,436038,702209,2228332,2055473,1809491,842551,2457689,117646,906080,760441,300300,0,0,0,700000,541940
168,000611,2018-03-15,-0.006802721088435382,-0.010884353741496655,0.40595668083773834,14520.0,57392.011667969746,327,6451245,4769586,315504,184604,1713528,753909,1859545,1532912,1693729,1170903,0,762258,357939,365000,0,0,511000,0
169,000612,2018-03-15,0.0025445292620864812,0.0012722646310432406,0.20767241043219525,3164.0,30242.84660674009,1434,9528617,8158741,1683607,1329000,3314392,2936147,1626930,1667059,2127541,1089274,776147,0,0,665661,0,471600,0,0
170,000613,2018-03-15,0.0,0.0,0.378423840127708,17461.0,1195461.1609871055,589,140102068,1178273,1181694,0,5184933,0,3769216,55449,4675554,106470,2773393,234395,1752533,302840,4604915,479119,116159830,0
171,000615,2018-03-15,-0.031217481789802215,-0.036420395421435936,0.20382616712717933,23304.0,111669.65640166617,2225,69373860,55439900,1629722,1915851,10794522,10704667,12788438,10600395,15025888,13130077,10435823,7346168,7912789,3768551,3132295,1388628,7654383,6585563
172,000617,2018-03-15,0.007965242577842035,0.0021723388848660097,0.6483794742842185,6915.0,33054.879406969965,453,4682729,3691952,456685,452164,1545262,1261498,1362699,590358,1112165,1141758,205918,246174,0,0,0,0,0,0
173,000619,2018-03-15,0.008264462809917328,-0.01377410468319551,0.33679176581326853,3605.0,26752.40824320331,464,4145668,2251146,298342,432871,1947399,1336397,877738,373278,662189,108600,0,0,360000,0,0,0,0,0
174,000620,2018-03-15,-0.0016339869281045694,-0.006535947712418277,0.19185806197001587,7398.0,38911.40751266114,1018,13713812,6505676,1537620,850064,4335976,3416505,2887311,974601,3283118,427719,1053687,506380,0,330407,0,0,616100,0
175,000622,2018-03-15,-0.013513513513513598,-0.024774774774774855,0.25946791866488667,6607.5,21484.191807621373,292,2753187,1236043,390978,160162,1286731,721060,685009,130612,390469,224209,0,0,0,0,0,0,0,0
176,000623,2018-03-15,-0.0067502410800384105,-0.011571841851494624,0.4321708627792672,41400.0,215562.729073816,2303,101145630,40139170,961937,824404,14236902,6507726,28138523,11424933,26789612,11506011,8608064,2902642,4925932,1693327,1318401,408184,16166259,4871943
177,000625,2018-03-15,0.0008298755186721962,-0.0008298755186723072,0.2579901560614777,23562.5,144066.24131082863,2182,72829456,68347981,1557198,1201003,10658302,10117264,11584582,10299987,14396753,14184053,6676818,6760382,4652373,4299536,4574197,5036935,18729233,16448821
178,000626,2018-03-15,-0.007171314741035828,-0.012749003984063756,0.3356757028740686,22446.0,135686.29003998215,1400,49853273,31833758,912891,785804,6860462,7055918,6270321,6872639,8010115,7179917,3842278,3434069,3052165,1791112,473256,876178,20431785,3838121
179,000627,2018-03-15,0.05316455696202538,0.044303797468354444,0.1485764217795527,24128.0,171378.4508575323,2835,84169450,149039093,1689751,2283489,10999896,13130590,12969058,14402425,15630467,23357114,9848552,13831118,7668634,13802917,8546743,13950621,16816349,54280819
180,000628,2018-03-15,0.012941176470588234,0.003529411764705781,0.26815208338309443,16093.0,79586.23079331496,1006,19055062,18828074,780134,802822,5130689,4948868,4075592,3710455,2906484,3549708,1318122,2362621,695992,978186,911684,402500,3236365,2072914
181,000630,2018-03-15,-0.0072727272727273196,-0.0072727272727273196,0.061399108888646685,6552.0,134232.86054013757,2029,60311792,14078782,2182393,1179097,9785502,3380443,8274546,1453779,7279720,1639710,6913206,1873012,3840205,330550,1380007,415655,20656213,3806536
182,000631,2018-03-15,-0.016393442622950727,-0.016393442622950727,0.11258315004535123,6768.0,58075.18168335888,1443,24838421,7801259,2110415,1092203,6937768,3071747,3807601,1693141,3702537,1364551,3230523,215000,1316011,364617,1763272,0,1970294,0
183,000632,2018-03-15,-0.021739130434782705,-0.028428093645485042,0.21953354389515722,2364.0,59734.32022347086,743,6468311,7718613,659900,628099,1200158,713944,1096115,382688,2196352,815922,870160,2636337,0,1311776,445626,404295,0,825552
184,000633,2018-03-15,-0.005681818181818232,-0.02386363636363642,0.41453622397524476,12967.5,28230.208363303907,450,5379701,3327783,490871,384714,2788130,2195132,944859,600097,576873,147840,251120,0,327848,0,0,0,0,0
185,000635,2018-03-15,-0.013838310269483012,-0.01893663510560817,0.4610865852832094,10696.0,38265.61552827136,887,12324594,7960492,987352,614103,4397464,2994750,2960599,2215676,1998520,1194387,1663790,941576,316869,0,0,0,0,0
186,000636,2018-03-15,-0.0226209048361935,-0.03900156006240252,0.23287668757592409,62883.0,384642.51469263766,3037,291103259,207550079,1020654,849325,13149508,10629259,17275482,18256364,37089597,33602511,32971294,23876094,21267216,21814871,17061151,16315900,151268357,82205755
187,000637,2018-03-15,0.00943396226415083,0.0037735849056603765,0.22971869034044515,5885.0,57258.32509092681,532,7582513,5502254,359981,461496,2206844,1532526,1530679,1155799,1562980,1028716,916199,0,0,634717,0,0,1005830,689000
188,000638,2018-03-15,-0.019114688128772594,-0.04024144869215296,0.2303136923802903,16524.0,72875.50142016879,1865,45828851,27925188,1502558,2097430,9211161,8747462,10136876,5123472,9833784,6018791,5516687,3809687,3750539,650877,1307820,445312,4569426,1032157
189,000639,2018-03-15,-0.004892966360856343,-0.011620795107033732,0.48101021032391966,8125.0,35790.42476603164,1155,13631500,7016201,1471106,877685,5359455,2972692,1974058,1280781,3212217,715766,492408,865845,693221,303432,429035,0,0,0
190,000650,2018-03-15,-0.003976143141153132,-0.011928429423459397,0.1748100003605332,5521.0,55624.89302380164,828,14896131,4272088,1109924,676842,3274638,1606061,2420241,1147343,2563958,841842,1967915,0,1053823,0,1429179,0,1076453,0
191,000651,2018-03-15,0.03461538461538449,0.02480769230769231,0.8670080595202564,485576.0,1314970.8347135307,3597,1274092818,1837576121,16050,37388,1587760,2057650,7173976,8198248,30188638,33623835,55991633,48497822,54139732,51282676,55852039,56507959,1069142990,1637370543
192,000652,2018-03-15,0.024608501118568382,0.02684563758389258,0.09725574198977088,14167.0,145486.85404143203,2123,54207804,72545145,1805510,2106194,9232689,8200912,7521069,9211501,9451997,10703132,7647130,10926402,2957008,4754708,3999623,4910804,11592778,21731492
193,000655,2018-03-15,-0.005535055350553542,-0.011070110701106972,0.1709302165095655,5420.0,68201.98532488135,1006,14407828,9601098,1148960,829829,3807836,2239622,2110177,1739049,2214155,1147254,1245110,1971794,362475,670458,0,426452,3519115,576640
194,000656,2018-03-15,-0.015296367112810683,-0.02294455066921608,0.145639096768622,10260.0,96727.50822254815,1291,27738982,15514378,905683,1305974,5439120,4892195,4599566,2136928,5303121,2804792,1821636,1393848,1368847,390126,863180,0,7437829,2590515
195,000657,2018-03-15,-0.009425878320479808,-0.015424164524421524,0.34278938936790365,6960.0,44806.32159014646,1159,12492478,7780485,867199,1412971,4098200,4774429,2221416,859672,2683338,526668,235750,206745,706204,0,0,0,1680371,0
196,000659,2018-03-15,0.005747126436781658,-0.002873563218390718,0.16436038766576813,9800.0,84135.47982208047,448,13191838,4568896,309616,383294,1709316,1553300,1256916,928057,3304938,1001294,2375916,702951,2725236,0,487200,0,1022700,0
197,000661,2018-03-15,0.008651685393258335,-0.006179775280898858,4.461939097373216,35946.0,294650.5795866759,1592,111416408,57393715,8626,6402,11867570,6677605,11675732,8144313,13969388,12722979,7240930,3302160,6816969,5133784,4439122,5106540,55398071,16299932
198,000662,2018-03-15,-0.006896551724137945,-0.01072796934865905,0.38941960458420916,11844.0,75280.5163709171,1123,26451565,13624449,1572802,735750,5648631,3477169,4732451,2823010,5155173,3077635,2437146,2407431,1434351,696762,884470,406692,4586541,0
199,000663,2018-03-15,0.031084154662623265,0.023502653525398154,0.2770776402797036,24984.0,1861397.63355175,2279,63656964,277604196,729506,2116061,8807040,13569893,10029841,12811911,11366204,16718528,7885623,10651810,4165654,8427401,4997914,3868883,15675182,209439709
200,000665,2018-03-15,-0.023684210526315752,-0.03508771929824561,0.239684075993739,30564.0,234530.98211392967,2266,130177164,73085035,997369,1060311,12137584,10212814,14032338,10415961,20848058,12489346,10852392,10913008,10282138,5473484,10902787,2268402,50124498,20251709
201,000667,2018-03-15,-0.00983606557377048,-0.00983606557377048,0.09820292370988763,6363.0,60560.340192157724,967,14437481,6034046,1929953,507636,3139372,1907185,3033091,1274820,1288135,2064415,542670,279990,634702,0,468464,0,3401094,0
202,000668,2018-03-15,-0.011363636363636243,-0.02954545454545443,0.59309425337667,14058.0,52322.43251675714,495,9936810,5508332,462365,285822,2336447,2074346,2562041,1808620,2254736,1111184,715072,228360,627069,0,416640,0,562440,0
203,000669,2018-03-15,-0.018092105263157965,-0.018092105263157965,0.38520565603999446,10800.0,53150.187758880944,996,19046367,9714278,1622644,663850,4673391,2801270,4024562,2147907,4367700,1556035,2152135,1373356,1725935,683140,480000,488720,0,0
204,000670,2018-03-15,-0.009090909090909038,-0.021818181818181848,0.11139890723375433,15092.0,73409.53312693459,2446,56053559,44266017,1985899,1989587,10779199,10021355,12290740,8851330,13291677,11780946,7831692,6233905,3022337,2334619,1794568,886634,5057447,2167641
205,000671,2018-03-15,-0.00952380952380949,-0.005952380952381042,0.1690845988840041,23492.0,217867.0591732168,2472,103971775,94857860,1433469,1623781,12105113,9372257,12877244,12643842,15332888,17132077,11674970,7926489,6200510,5535942,4443155,8858137,39904426,31765335
206,000672,2018-03-15,-0.0007299270072992359,-0.010948905109488982,0.2350944357744802,89050.0,496266.24255755177,3403,389466970,348104254,667479,801918,11177129,13467815,20720537,22871942,42419711,43496084,33323201,40213806,26849220,27527924,27972031,24545904,226337662,175178861
207,000673,2018-03-15,-0.004914004914005066,0.001842751842751733,0.579710106281903,16149.0,214829.33554503258,789,18701032,34153840,681325,666546,3951454,3224500,3791133,3025151,3390755,2200795,1672584,2434342,1658166,1420485,927501,2769049,2628114,18412972
208,000676,2018-03-15,0.013675213675213627,-0.0008547008547008517,0.36516050893381136,9352.0,52371.39196422245,1027,11129659,12761649,731856,1248358,3575021,4421560,3172430,2657460,2248400,2111193,1012616,230490,389336,351300,0,0,0,1741288
209,000677,2018-03-15,-0.0029850746268657025,-0.0029850746268657025,0.15271899843560932,3340.0,23652.370285830086,481,3330518,3304487,483513,345070,1609994,1183277,780169,912943,456842,863197,0,0,0,0,0,0,0,0
210,000678,2018-03-15,-0.00455927051671734,-0.001519756838905706,0.2654478081654259,9900.0,66240.121903602,614,10075187,7444009,753765,634077,2678840,1630341,2135278,1941897,2353532,1476527,1361140,579881,364932,0,427700,0,0,1181286
211,000679,2018-03-15,-0.019908116385911168,-0.0214395099540583,0.2590290698437495,4160.0,26711.03607207815,635,6861514,2081060,1182381,339560,2265310,896051,1849564,413514,936305,431935,627954,0,0,0,0,0,0,0
212,000680,2018-03-15,-0.01758241758241763,-0.01978021978021971,0.14746450081361312,9020.0,63698.6886740517,953,18334886,8841000,996373,1104111,4186311,2683132,2047645,1839273,3424886,1357001,3640863,505335,1984141,351528,826673,425331,1227994,575289
213,000681,2018-03-15,0.028649921507064358,0.010204081632652962,0.5261928389055172,31500.0,191446.76901455157,2349,106994914,104856326,1043643,761606,12062037,10966824,13157611,12570845,18504082,17920577,14402771,9893713,8153100,8263149,7210522,7158283,32461148,37321329
214,000682,2018-03-15,-0.019955654101995512,-0.015521064301551979,0.17544659288326586,4490.0,41149.879930256226,661,7528251,3355928,566062,1007441,2967788,1220147,1106799,310548,1664852,550192,486988,267600,0,0,0,0,735762,0
215,000683,2018-03-15,0.0,0.0,0.07052728550794439,4290.0,57119.08504388283,1646,17324527,15828750,1497268,1818313,4940878,4015409,3812905,2238031,2988248,3584715,1877035,997110,1016145,313170,447876,0,744172,2862002
216,000685,2018-03-15,0.003089598352214118,-0.001029866117404854,0.3281450351317732,9720.0,48741.83887243485,875,14756492,6005362,1183661,713704,5211660,2274718,3309960,1332123,2117192,1474110,802200,210707,326411,0,0,0,1805408,0
217,000686,2018-03-15,-0.006180469715698522,-0.007416563658838138,0.23275260750618837,16000.0,101316.6078507867,1208,36805634,16900248,1092727,977870,6272751,5035696,5203987,2789363,4988799,4631967,4501095,1808199,3114982,736575,2197648,920578,9433645,0
218,000687,2018-03-15,0.011571841851494735,-0.0009643201542911539,0.23718840945124015,20880.0,241859.914403301,1916,71441831,61318792,1042296,959225,7812618,10979858,8162752,8241985,11391094,11082091,9938812,8636842,3145860,1964296,3614129,904664,26334270,18549831
219,000688,2018-03-15,-0.002049180327868827,-0.004098360655737654,0.3590717113417798,17496.0,88623.2329015947,738,23192041,4882748,1059466,386731,6561392,1513986,3515229,1252407,4053307,751728,3414531,0,392688,0,405184,418820,3790244,559076
220,000690,2018-03-15,-0.024764150943396346,-0.025943396226415172,0.2389352225277259,14211.0,141881.8823445549,1260,42661997,19136648,1421065,996579,5093924,5871246,5445172,3498366,6910121,3418245,2691165,2734619,1675147,712974,4265787,453299,15159616,1451320
221,000691,2018-03-15,-0.016339869281045805,-0.02450980392156865,0.3043158206359705,6693.5,44271.196472843534,404,5520142,2084151,536878,299627,1921510,1023984,825196,503632,802647,256908,505532,0,322605,0,0,0,605774,0
222,000692,2018-03-15,0.009876543209876631,0.004938271604938427,0.15626904574966097,4080.0,54568.65690967997,672,7438774,7196696,394968,740155,2618675,2081330,1335125,1223950,1789048,1517282,0,784925,0,336555,0,0,1300958,512499
223,000695,2018-03-15,-0.004424778761061843,-0.0011061946902655162,0.42981901464740974,2700.0,17259.89551032979,442,2303359,1925702,394644,594763,1058205,887453,579772,341566,270738,101920,0,0,0,0,0,0,0,0
224,000697,2018-03-15,-0.023036649214659755,-0.03141361256544506,0.5671784121257909,15548.5,118464.75113707397,1134,33665346,14897939,1022063,1240713,5494578,4788473,4391345,2655384,7183941,2931773,3108894,1232637,3518631,669667,848091,0,8097803,1379292
225,000698,2018-03-15,-0.007181328545781018,-0.012567324955116699,0.20394188575245925,5550.0,74674.50306893839,746,14453961,6859655,766718,582997,2246346,2020929,2574015,1737448,3338804,1171512,2018200,236036,357500,652034,0,458699,3152378,0
226,000700,2018-03-15,-0.013461538461538525,-0.023076923076923106,0.17223728885435652,6779.5,52545.03957941175,912,14849653,7283334,855888,765248,3932435,2493389,2936478,1450197,2655223,1047034,2202651,1157811,687140,369655,401037,0,1178801,0
227,000701,2018-03-15,-0.009324009324009341,-0.018648018648018683,0.23929304295295037,7767.0,40917.137121349806,1287,16267717,8634121,1476388,2409818,4465125,3024647,3546701,1371148,3584471,1042550,547155,482226,1310542,303732,1337335,0,0,0
228,000702,2018-03-15,-0.018181818181818077,-0.028787878787878696,0.18634172290373957,7860.0,46933.932182786106,1256,16082831,9960749,1326970,2407449,5341988,3575124,3052322,2220135,2545685,1503762,494643,254279,1394537,0,402350,0,1524336,0
229,000705,2018-03-15,-0.004065040650406582,-0.013550135501354976,0.2596418132526021,3680.0,25254.94520903812,808,5428146,3160614,868309,981059,1905929,1444004,1319282,383798,450376,351753,509540,0,374710,0,0,0,0,0
230,000707,2018-03-15,-0.004629629629629761,-0.01620370370370372,0.1482559392719623,4290.0,35884.703314551894,850,10120670,4003993,1098975,606302,3478298,1901554,1973770,814911,1530959,466226,1005919,215000,1032749,0,0,0,0,0
231,000708,2018-03-15,-0.0008787346221442727,-0.005272407732864748,0.3871349640202252,9048.0,73333.96337433773,864,16165676,10478862,810773,446929,3134683,2921008,3117862,1795404,3138721,1204844,3096887,635538,989718,1031511,0,900178,1877032,1543450
232,000709,2018-03-15,-0.00520833333333337,-0.0078125,0.08017545015363303,7660.0,200765.15361839006,2306,76087958,39389603,2680199,2115698,10431062,6540551,8136023,3741473,8078769,3301295,5294033,1656451,5257444,1095864,5300672,1771830,30909756,19166441
233,000710,2018-03-15,-0.0028583992963938654,-0.011433597185576017,1.269416458919146,18020.0,85335.45262343634,1284,29301227,23839881,1115972,1662454,5961992,6352784,6651865,4601881,7107984,4716617,2379003,1850637,2494212,306860,1692131,0,1898068,4348648
234,000711,2018-03-15,-0.004858299595141724,-0.010526315789473606,0.4375686615288885,12350.0,79463.97327853816,796,17696055,8676187,729087,813293,3340799,3450675,3677425,2207232,2795713,1769110,1354377,435877,2199011,0,430500,0,3169143,0
235,000712,2018-03-15,0.019283746556473913,0.02066115702479343,0.3364623734147177,14940.0,113565.53521611344,1863,42497225,42321912,1563099,1026301,8797193,8255171,8103360,7445224,8134214,7152369,5719610,4500507,2214595,2968530,930620,3424486,7034534,7549324
236,000713,2018-03-15,-0.013119533527696903,-0.01895043731778423,0.27762709198438956,10162.5,35373.014170683564,610,8911896,4367482,964034,380827,3843501,1663464,1659420,1384635,1580123,590565,526318,0,338500,347991,0,0,0,0
237,000715,2018-03-15,0.0034602076124565784,-0.0023068050749711633,0.3844939035294487,2598.0,28623.544016388012,509,2122683,2848115,593912,364344,606156,502260,397488,898129,295975,497002,229152,586380,0,0,0,0,0,0
238,000716,2018-03-15,-0.009505703422053147,-0.013307984790874361,0.1773488178044976,5720.0,38429.63454491199,880,9383170,6854024,1154568,877052,2644299,2312508,1957627,2104232,1711248,810130,895028,262500,1020400,0,0,487602,0,0
239,000717,2018-03-15,-0.013140604467805628,-0.015768725361366642,0.1440268749502575,27324.0,174718.1115760336,2797,137940545,87534948,1880808,1496407,12385638,12012420,17441507,14592222,23545515,18121294,19726381,11605084,10488143,9045448,7367638,4528643,45104915,16133430
240,000718,2018-03-15,-0.016279069767441756,-0.013953488372092981,0.12440125984026738,10750.0,88273.25701750517,1197,24236545,14835368,969798,1215292,4633489,6562589,3626964,2175305,4472530,2002579,1613736,1470705,352988,318940,407682,476792,8159358,613166
241,000719,2018-03-15,-0.0045977011494251485,-0.008045977011494121,0.3142575311988043,7789.5,28852.28415942529,766,9051019,4832480,633145,854633,4643570,2572458,1485121,868223,1596341,320666,692842,216500,0,0,0,0,0,0
242,000720,2018-03-15,0.006607929515418665,0.017621145374449254,0.11665671094153053,13799.0,119428.01459248477,1521,30823413,42899499,1026268,1591956,4758885,7494235,6009365,7355629,6085040,6286298,4185164,6221794,2664929,3484888,1805042,414385,4288720,10050314
243,000721,2018-03-15,0.0,-0.006085192697768638,0.19925173740583083,7960.0,29140.342077740755,612,6546486,4467129,789605,593602,2938905,1621319,1360882,1101645,961860,1150563,495234,0,0,0,0,0,0,0
244,000722,2018-03-15,0.014254385964912464,0.0010964912280704286,0.3118004702191525,9220.0,55331.23344971491,856,11752035,11966609,685714,1238609,3189073,3525294,2275890,2599764,2593633,2545584,1289908,1003999,646715,399900,425481,0,645621,653459
245,000723,2018-03-15,0.021739130434782705,0.007246376811594235,0.11983812236543602,22300.0,108186.10557313988,2126,58654535,71782863,892937,1834686,7841812,11775718,9000296,9773223,9311085,16391442,8535694,14211198,7531084,8947715,5384635,1784817,10156992,7064064
246,000725,2018-03-15,0.006768189509306355,-0.0016920473773265332,0.09869387372008732,271268.0,1389263.6958851267,3600,1324374740,1087166278,81935,41560,4483705,3958446,16124671,15387304,59128747,51438517,62072855,53482226,53662380,48603364,71443814,45688722,1057376633,868566139
247,000726,2018-03-15,-0.009372071227741308,-0.009372071227741308,0.41078223138577175,5300.0,62424.61354799665,674,11468804,4893881,591015,604021,2098118,1818230,2082122,962015,2704041,661358,1769631,848257,635100,0,0,0,1588777,0
248,000727,2018-03-15,-0.019920318725099584,-0.02390438247011939,0.05082244362757041,9594.0,151435.50356108742,2478,62442989,32711731,2306903,1862974,11653080,7608805,8335547,5248401,9691969,5015741,6734451,2955036,3192981,967448,1282291,417822,19245767,8635504
249,000728,2018-03-15,-0.008421052631578996,-0.00736842105263158,0.22452661165831783,18031.0,130877.69819869012,1791,67370813,36569372,1716181,1469692,8012136,8042494,9180379,6838516,11003386,5347723,5602106,5968988,5670810,1481914,6518694,2654853,19667121,4765192
250,000729,2018-03-15,0.015564202334630295,0.006485084306095956,0.16576635693374894,15520.0,94373.47548072522,2166,50009763,47805584,1909032,1843785,9691162,9866255,8668737,8413369,9438699,8750639,5674547,7015412,3663802,4377925,3588236,1255146,7375548,6283053
251,000731,2018-03-15,0.02199223803363526,0.0077619663648123005,0.2045696191768472,17338.0,115862.66905282396,1429,37374688,40158712,1240095,1040317,6528886,6935735,6358529,6907281,7211499,6147704,4756481,6796029,2174891,4177755,3185960,2254236,5918347,5899655
252,000732,2018-03-15,-0.04409345179335311,-0.03027311615663053,0.5535581825313999,70495.0,320233.7105258152,3017,284299268,227614416,860137,1018348,11706878,11069544,17523466,18177523,40206992,32975615,25803875,28019366,32332091,21008418,15568432,14926447,140297397,100419155
253,000733,2018-03-15,-0.008494208494208455,-0.01776061776061766,0.33737476368855335,11637.0,81161.89221619752,1474,30036287,19760094,944533,1643908,5541329,6424478,4783452,5484124,6461783,3328659,4316313,1325674,2530726,648984,862028,904267,4596123,0
254,000735,2018-03-15,0.010869565217391353,0.007608695652173925,0.1741132827169064,33910.5,178700.70838264725,2798,129648524,119795521,1649781,1398615,13593767,11094998,17047869,14222436,28763617,21980614,15363410,14890625,11471289,11361491,11521996,11263807,30236795,33582935
255,000736,2018-03-15,0.008484162895927572,0.0016968325791855143,0.6689378669540805,17680.0,107831.52877638728,698,13896412,14437421,602947,548401,3439553,3014003,3284182,2282019,3120795,3104472,1488873,975028,1504640,0,455422,0,0,4513498
256,000737,2018-03-15,-0.0048661800486619056,-0.009732360097323589,0.17228428960847483,7847.0,44028.11905418782,569,7142938,5163565,533668,566728,2289314,2075287,1890581,1027961,1540545,563721,565235,0,323595,381359,0,0,0,548509
257,000738,2018-03-15,-0.01807228915662651,-0.030722891566265176,0.30619403180402005,52416.0,262590.7622867732,2943,209125686,203565783,1013941,1132280,12441873,11446269,18210877,18358103,30497816,32283721,19251473,18997763,21880395,17025112,14712689,13339045,91116622,90983490
258,000739,2018-03-15,0.00698080279232105,-0.005235602094240899,0.18904446600489194,13110.0,65189.51453954267,921,11004485,12867665,333162,756788,4206341,6563178,2332915,2240105,1233800,833574,959000,1800940,0,0,0,0,1939267,673080
259,000750,2018-03-15,-0.004357298474945481,-0.0065359477124183885,0.1349523152632769,5049.0,121787.78421828567,1158,25958536,11121980,1361050,853301,3924613,3215528,3008016,2631262,2752711,1989185,1893347,1972705,691045,0,3526183,459999,8801571,0
260,000751,2018-03-15,-0.012396694214875992,-0.018595041322314043,0.1273413952997331,12428.0,95731.07741352104,1447,38859871,16877514,1262555,1534719,7427487,6575068,6261577,2832630,6859185,2674758,3633957,1053600,2401463,612888,900036,488695,10113611,1105156
261,000752,2018-03-15,-0.0007057163020465218,-0.009880028228652082,0.5948072441600222,14060.0,76280.21288504366,567,13398453,7519721,633948,377449,3271401,1551812,1258580,1520400,3140582,2398690,1756041,1244470,0,0,1754981,426900,1582920,0
262,000753,2018-03-15,-0.0057636887608069065,-0.008645533141210415,0.13666375493211325,2760.0,43594.163379795056,645,6907838,3512351,814929,383534,1854151,1199213,918023,941981,1001291,987623,930482,0,307940,0,0,0,1081022,0
263,000755,2018-03-15,-0.006033182503770718,-0.006033182503770718,0.36842165101286056,7932.0,140722.0041525427,323,5276321,5482971,436199,278681,1327834,1021888,1747917,418716,836042,319358,486775,268772,0,0,441554,0,0,3175556
264,000756,2018-03-15,-0.010000000000000009,-0.02384615384615385,0.3384446791212355,12990.0,72603.51397325922,1477,26690637,21859414,1145659,1181640,7514665,6038511,6347834,4045777,4722103,2661223,1957515,2817010,1099650,969235,409500,1393454,3493711,2752564
265,000758,2018-03-15,-0.012759170653907415,-0.015948963317384268,0.15398749543918502,12400.0,106031.7134775557,1660,45007462,23245146,1467273,1570065,6717906,7066984,7235068,5134845,9776249,4458539,3847563,2337785,5099716,370685,880348,1741754,9983339,564489
266,000759,2018-03-15,0.0036855036855036882,-0.004914004914005066,0.28350693946574446,12142.5,49321.59609069654,824,12714595,8827624,898077,681190,4152535,3793116,3069424,1598847,2080927,2754471,520020,0,670891,0,447671,0,875050,0
267,000760,2018-03-15,-0.02303262955854124,-0.0249520153550864,0.15994496519452286,9851.5,43094.1728433997,1062,15588844,8356280,1076428,903998,5488654,3086520,3154525,2112795,3505526,1607556,1370503,0,0,0,478208,0,515000,645411
268,000761,2018-03-15,-0.009652509652509633,-0.013513513513513375,0.12767801966574988,5687.0,93491.7807932242,1649,35192663,19436813,1070713,1314082,6107854,4267378,4441644,2887108,5127331,3226268,5173373,4166179,1371369,1352852,2197005,847596,9703374,1375350
269,000762,2018-03-15,0.026685393258427004,0.0077247191011236005,0.29700402280874444,23328.0,110863.16866629207,2301,70293847,67893790,1712094,1087274,11950213,10485963,13013920,10603585,15542786,15159770,8536472,8414716,5895586,3146258,4483279,6760572,9159497,12235652
270,000767,2018-03-15,0.028880866425992746,0.02166064981949467,0.08455092872866286,11080.0,72688.60189776155,1078,15848181,22618881,752440,686430,4129012,3748848,3523172,5372147,2587896,5556393,1748731,3891572,1053114,1018586,0,495039,2053816,1849866
271,000768,2018-03-15,0.010053619302949013,-0.002680965147452974,0.2878211181644617,29640.0,169030.79889017576,2691,104458027,109866334,1608699,1666857,10282498,16737545,11541350,16869649,17110706,18928263,11768619,12442473,10552538,9004743,7220170,7127648,34373447,27089156
272,000776,2018-03-15,0.004790419161676773,0.0029940119760478723,0.33349619205834563,28322.0,183487.91773804274,2508,114828413,88486156,1425441,929030,13785096,8551118,13865941,10054270,22774533,20255709,12263081,10183572,7601376,9909255,6303798,4835031,36809147,23768171
273,000777,2018-03-15,-0.0014326647564470996,-0.004297994269340966,0.44438845561140045,11096.0,71349.78203531787,987,16973007,12713386,1293972,842795,4434424,3170306,3259687,2465487,3099826,2414007,1437143,1701216,773360,666869,0,418500,2674595,1034206
274,000778,2018-03-15,0.011627906976744207,0.009689922480620172,0.10857275126767335,12647.0,203556.88889057405,2265,73072533,88319527,2115367,1522647,7784695,7568663,6300162,8960768,12073493,13644563,7622746,8439424,5356911,7292668,2684050,4949333,29135109,35941461
275,000779,2018-03-15,0.0031746031746031633,-0.0015873015873015817,0.6217936462275846,6325.0,32695.0204488591,410,4436940,2898591,239930,540348,1311746,1278731,1085993,648442,1799271,179070,0,252000,0,0,0,0,0,0
276,000780,2018-03-15,0.01200000000000001,0.01200000000000001,0.22760470436258082,10100.0,187697.23951550724,482,14512856,10030466,345184,415786,2195423,1498271,1598510,1276442,2825448,1090198,2037560,1426846,635076,727705,924955,409050,3950700,3186168
277,000782,2018-03-15,-0.018181818181818077,-0.021212121212121127,0.2607342808499969,6470.0,101484.67637524547,641,10353489,7264339,534784,525297,2467738,1754948,2276338,1167390,1068711,810228,471868,986855,0,1031456,475150,457600,3058900,530565
278,000783,2018-03-15,-0.01072386058981234,-0.01072386058981234,0.18942722087786687,8085.0,121538.50175791909,1552,37065272,23122082,1334902,1651073,5292236,5497559,4510201,3198534,3573465,3742684,2663628,2254999,3106850,1857697,1676999,905066,14906991,4014470
279,000785,2018-03-15,-0.004250797024442199,-0.007438894792773709,0.42648361930116263,12200.5,42565.36548158485,486,9097050,3628575,599778,377571,3121516,1993235,1947426,870371,2064428,100064,856302,287334,0,0,0,0,507600,0
280,000786,2018-03-15,0.01718625099920068,0.01718625099920068,0.4524461591903772,40752.0,212501.01879191067,3060,150150014,164626305,963432,1036975,14954157,13575120,21490006,16112732,29735073,32707759,22597108,19450943,12968576,14779725,7410024,11722001,40031638,55241050
281,000788,2018-03-15,-0.034782608695652306,-0.039751552795031064,0.3023066524383385,10808.0,75312.15123703268,709,15415295,7336191,801480,663686,3703437,2616369,3218306,1770717,3011905,1687049,459356,204470,372710,393900,1442445,0,2405656,0
282,000789,2018-03-15,0.005520504731861164,-0.001577287066246047,0.2177466549911936,84889.0,604726.6379394885,3398,363820559,367563005,632869,749674,11715622,12196256,21267103,23015461,40817819,40501781,37875848,32124914,29940221,25604905,26558246,24280502,195012831,209089512
283,000790,2018-03-15,-0.03247480403135494,-0.0593505039193728,0.1643095962511455,40455.0,215224.72607058455,2966,156812770,129726585,1381585,1591532,12712017,13727509,18648894,18084138,28421305,24471125,23232938,21309105,9752187,11363856,15540719,8396808,47123125,30782512
284,000791,2018-03-15,-0.0113924050632912,-0.016455696202531733,0.14728118219339864,31040.0,494255.9915951248,2886,128464989,194126672,1187963,2402274,8574352,18850394,9960803,23229386,15060709,24682711,10659883,15437390,12785732,11572536,8026806,8076579,62208741,89875402
285,000792,2018-03-15,0.03866171003717489,0.008178438661710086,0.25911954488436845,40740.0,220596.6762645994,2698,149532755,142655958,1261454,817434,13772834,11431976,16647445,14333103,28504371,24030788,14731919,22388436,13195737,13569243,12379385,8904132,49039610,47180846
286,000795,2018-03-15,0.04081632653061229,0.03767660910518056,0.10922079023323528,69642.0,630062.0725979076,3421,305841539,429817393,999003,990216,12307485,13545909,19882058,23413267,28263835,43112604,27912243,36132119,21997151,29136097,16266838,29825219,178212926,253661962
287,000797,2018-03-15,0.03521878335112061,0.042689434364994616,0.21723807240090814,19800.0,153372.24239688972,1867,57308853,64013209,1445862,1630344,7802078,8678934,6769881,7989268,10936502,12336726,9037145,9534506,4096423,6111737,3697198,2744282,13523764,14987412
288,000798,2018-03-15,0.010714285714285676,0.00952380952380949,0.3636852330489863,10020.0,47574.80226221417,533,5062694,7798240,468361,601471,2413465,2420873,1278473,1567149,566774,1791535,0,680246,335621,0,0,0,0,736966
289,000799,2018-03-15,0.02688391038696536,0.020366598778004175,0.4541593318966198,45378.0,177480.01298127163,2923,122534723,179678411,968493,1091381,11516865,13554975,17130115,18521796,27198779,37003953,19947748,24584252,10857836,21477553,6685329,13888613,28229558,49555888
290,000800,2018-03-15,0.0018331805682858526,-0.00274977085242889,0.2586126060216153,26184.0,139148.18671979828,1781,65937728,64548381,979610,1122772,7763410,8153882,8443470,8786395,14027735,13285212,9955912,9404115,6049048,7764925,4384553,3614927,14333990,12416153
291,000801,2018-03-15,0.06013745704467355,0.05154639175257736,0.13404379288828216,21140.0,119585.57577416289,1891,44284495,68715086,1317309,1323027,8109619,8785981,9900024,8698477,10134304,12863232,4238784,8292176,3088425,7033278,2752421,5746909,4743609,15972006
292,000802,2018-03-15,-0.016792611251049472,-0.028547439126784258,0.33123310069776674,11740.0,71558.90826347402,1293,25150958,15258326,862205,1385794,5538731,5552782,5396290,2739891,6065990,3262033,1674871,1226019,703500,1091807,908520,0,4000851,0
293,000803,2018-03-15,0.04734576757532283,0.04734576757532283,1.4900482977449627,10750.0,47743.17315263295,196,2196779,3295748,177708,177997,883392,806872,442392,312038,216831,1002338,476456,996503,0,0,0,0,0,0
294,000806,2018-03-15,-0.03351206434316356,-0.04959785522788207,0.13465013575546625,29684.0,140296.11718832309,3078,123456424,92471084,1587056,1817820,15178589,15932962,18264260,16395511,25592869,23067918,19076920,11351182,8811105,6883484,7372568,4064803,27573057,12957404
295,000807,2018-03-15,-0.018327605956471982,-0.027491408934707917,0.15130485601346996,52140.0,225493.10976410535,3335,253286449,154506644,1570863,1020483,17505861,11333265,25791254,18344217,43092054,27744894,32414272,26232999,21126005,18624788,21161796,11993433,90624344,39212565
296,000809,2018-03-15,-0.0029325513196482023,-0.011730205278592365,0.1752387282565312,11830.0,40650.09381969034,378,6681693,2338502,369419,223645,2278798,1084765,1647586,819972,1690528,0,209502,210120,0,0,485860,0,0,0
297,000810,2018-03-15,0.07436918990703845,0.007968127490039834,0.16778885109003924,15876.0,116127.59261860301,2018,50871080,39849570,1766842,1624568,9065256,8599331,10328869,8477797,11413610,5820319,7012756,3172494,2344130,4529788,1785180,989377,7154437,6635896
298,000811,2018-03-15,-0.011984021304926706,-0.018641810918774926,0.2658580323594089,10395.0,104385.01341961055,798,18588978,12868826,648190,806505,3833529,2309816,2290085,1550754,3385704,2192746,1995063,277139,2155396,1094049,913185,1270790,3367826,3367027
299,000813,2018-03-15,-0.014942528735632066,-0.03218390804597693,0.24678196505155808,7731.0,48452.610867194984,1243,21170784,11266262,1323038,993818,6284407,2444645,5804907,2882326,4532169,2468226,1866295,1484330,730152,992917,0,0,629816,0
300,000815,2018-03-15,-0.03139356814701377,-0.024502297090352232,0.38484113333245756,13997.5,88046.20906735836,1152,30002226,13278691,814429,828172,5471904,5331366,5539580,2596737,5282694,1638821,2691655,1650055,2822627,774300,2237241,459240,5142096,0
301,000816,2018-03-15,-0.05797101449275355,-0.07004830917874383,0.07029022888682332,45574.0,311586.7453311758,3504,257933348,215822668,1068181,1741735,14291395,19692183,19972865,23737958,32344758,34726034,25029138,24092844,17937568,15454782,12408759,12493959,134880684,83883173
302,000818,2018-03-15,0.01123595505617958,-0.008025682182985716,0.34235069979749333,12520.0,88042.29514054235,1325,28978510,24941762,738272,1633985,5113546,5266332,5009443,4053554,6976880,4568739,3880351,2720065,1476919,3014945,1326461,1409780,4456638,2274362
303,000819,2018-03-15,0.005076142131979822,-0.012182741116751217,0.3460614729458637,9750.0,60913.229761644056,810,12409425,6545519,1111536,891168,4204913,2921702,1351710,1163753,2059540,1272076,884122,296820,0,0,428260,0,2369344,0
304,000821,2018-03-15,-0.013643659711075617,-0.029695024077046606,0.3403600548587202,12310.0,86374.66855362873,1341,31991471,21819893,1220741,1231612,5903641,5665640,4899544,4381546,6597254,3586418,3830560,1945604,1441324,924443,2318119,857995,5780288,3226635
305,000822,2018-03-15,-0.02683780630105026,-0.03267211201866993,0.17614017060338763,12712.5,77989.22584271152,2370,59658205,32208255,2354230,1969645,10522257,8718961,11910640,8072837,15786298,7359292,5393839,1397042,2768254,1061314,1820738,1279168,9101949,2349996
306,000823,2018-03-15,0.0009643201542912649,-0.024108003857280624,0.22451326168833066,22363.0,130257.374717045,2136,71958848,63764909,1187664,1161582,9064711,11444098,9383961,12949262,12634044,14074508,8488876,6046405,5625743,3824212,6443762,4663712,19130087,9601130
307,000825,2018-03-15,0.0045317220543807935,-0.0030211480362538623,0.12111280397395087,37072.0,251489.33886148917,2996,191258924,147031476,1447815,1464232,15696036,12537175,16662855,18250622,27276336,24633784,18677310,16946257,16383284,13884127,9128969,11927610,85986319,47387669
308,000826,2018-03-15,-0.001353637901861271,-0.007106598984771617,0.6340265906907688,26923.5,178237.27209819556,2172,85790012,83969712,1533934,1198229,11161707,9972110,10189293,10355220,14431100,16287222,10515998,8809123,7897939,8706248,5384077,5757388,24675964,22884172
309,000828,2018-03-15,0.008279668813247598,0.0018399264029440587,0.5188825844889138,10960.0,58625.38658712721,438,7204353,5553045,324264,333906,2336857,2015072,1125273,1142422,1290894,443992,1205553,690134,325312,332391,0,0,596200,595128
310,000829,2018-03-15,0.0031578947368420263,0.0031578947368420263,0.25700836674311844,10527.0,68521.35302960056,1367,25289715,16501658,1732373,1212893,6834413,4685906,5857780,4066389,3291393,2812450,1901598,1167955,1621175,989226,427500,860039,3623483,706800
311,000830,2018-03-15,-0.022222222222222143,-0.02913580246913583,0.3402457027973199,117959.5,542932.1234659302,3544,518473129,446642522,537576,675385,10099214,11220030,19826379,25058777,43052132,48462901,43303232,50913115,34811078,31053220,36726100,34668455,330117418,244590639
312,000831,2018-03-15,0.0027075812274368616,-0.009025270758122761,0.25420501501006026,18802.0,114953.70998572369,1901,63522136,41023917,1352126,1363438,10282386,7231713,10150169,7272251,11439416,9202495,8184896,4951338,7442242,2079240,861490,952982,13809411,7970460
313,000833,2018-03-15,0.026645768025078453,0.021943573667711602,0.18231814765436521,10956.5,59974.29124910231,1226,17680166,19633024,1207786,1154061,5114430,4318730,4818374,4152456,3616711,4426472,2092949,2126267,349355,1319892,480561,462990,0,1672156
314,000835,2018-03-15,-0.015463917525773252,-0.027061855670103108,0.29989508496652806,10556.0,64939.47910405695,669,13101783,4632793,658405,649602,3852966,2324363,2477944,1416773,1453250,242055,2067818,0,623940,0,0,0,1967460,0
315,000836,2018-03-15,0.019120458891013214,0.007648183556405286,0.11969350793881413,16832.0,124585.67008478129,1914,53388818,53824189,1127571,1364109,7771768,8874197,7858342,6687027,10240541,13309886,6908255,7600064,2656360,3507096,3072510,877492,13753471,11604318
316,000837,2018-03-15,-0.024137931034482696,-0.02931034482758621,0.15785136337589284,11240.0,81406.34514725067,1352,28419532,17598797,1036486,1441417,5571272,4709428,6018066,4336425,4872654,3063081,2823338,1328789,1627082,700839,836748,847673,5633886,1171145
317,000838,2018-03-15,-0.0224299065420559,-0.028037383177569986,0.16115765761563297,9880.0,89733.74386575795,1103,18589955,9548584,940981,1127255,4711860,4628193,2171009,2061186,3577383,1198070,766144,533880,1677988,0,460050,0,4284540,0
318,000839,2018-03-15,-0.005161290322580614,-0.005161290322580614,0.15031918130244962,21728.0,187154.76552749556,2662,112247953,76519073,1830346,1972033,14382064,11463335,15002662,11105665,15293325,12453862,13135938,9502723,9013331,6218298,4856084,5279518,38734203,18523639
319,000848,2018-03-15,-0.023883696780893082,-0.017653167185877505,0.27571018020162047,9480.0,73878.72773020645,1220,21817962,12421427,1423085,1114671,5458681,4565878,3462083,2182468,2839743,2262834,2655813,785276,1320066,996891,439171,0,4219320,513409
320,000850,2018-03-15,0.0,-0.006993006993007089,0.22586125288671263,6880.0,27411.68163223535,360,3790575,2487582,230991,543174,1550316,1188657,1031086,505772,978182,249979,0,0,0,0,0,0,0,0
321,000851,2018-03-15,-0.006112469437652646,-0.022004889975550057,0.2278697907753107,16020.0,105310.88644912804,1290,36211272,23939545,1032390,1457064,5485190,6119963,6168436,4260506,6022610,3169919,2791129,1924396,4301667,2671397,2496263,1390552,7913587,2945748
322,000852,2018-03-15,0.010714285714285676,0.00952380952380949,0.20851828929046817,16740.0,88246.25141039137,1624,32937343,32818975,1707619,1071789,8947193,7167900,8375379,5130566,6389483,6120797,2744895,2332184,1635173,1950583,437927,863049,2699674,8182107
323,000856,2018-03-15,0.004420432220039183,-0.003929273084479323,0.37340260206664627,41660.0,139962.89322245633,2976,121518650,124861021,889842,983698,15473589,15420533,22053066,17892198,28329408,29562539,16792440,21508479,6212095,12195400,4913277,7663409,26854933,19634765
324,000858,2018-03-15,0.030655391120507414,0.026030655391120483,1.2669418720813082,317463.0,1116316.529710974,3568,1111135222,1233533692,225809,140347,5283142,4529314,14955309,9778486,48186778,35271992,49749110,37493231,52921347,34123280,45659403,48826641,894154324,1063370401
325,000859,2018-03-15,-0.007853403141361182,-0.015706806282722474,0.15971502110065186,5327.0,47503.185116399334,572,7678443,5172738,516458,578892,2226337,1668899,1548835,976046,2421494,591550,258000,495926,707319,0,0,861425,0,0
326,000860,2018-03-15,-0.008457711442786175,-0.010447761194029903,0.5631379148880339,10082.5,118640.91523956608,1274,29227368,27785571,1533462,1024569,4519249,5107110,2985102,3596535,5324595,4442252,3621210,3607560,3908334,1689203,1340890,1727765,5994526,6590577
327,000861,2018-03-15,0.0034129692832762792,-0.0068259385665528916,0.11440409407491563,2637.0,33078.81645192916,657,4718205,3286601,471961,811200,1950486,1024249,557480,613770,560873,342949,411856,494433,349782,0,415767,0,0,0
328,000862,2018-03-15,0.004950495049504955,0.004950495049504955,0.15916515675220363,8080.0,51061.42953512091,644,7360174,7451614,844958,347753,2705329,3135675,1144233,1164739,1440412,1052741,502692,249066,309072,323206,413478,400703,0,777731
329,000863,2018-03-15,-0.00994035785288272,-0.01988071570576555,0.20072241317197267,2988.0,43061.46985139541,628,6291517,2632176,887086,359782,1796636,994590,1090158,326201,1272356,339639,548816,217564,0,394400,0,0,696465,0
330,000868,2018-03-15,0.04078762306610417,0.04219409282700415,0.12424573442769753,54525.5,236380.56201213895,3286,180533258,242492840,1196543,1319190,14218318,13266139,20990269,20555333,35219928,37283615,24493949,31686764,21448676,17973201,13209164,19139357,49756411,101269241
331,000869,2018-03-15,0.00816771031854091,0.0,1.1508136104542601,11124.0,61228.11010406838,1018,15760676,17757621,682876,1403225,4142236,4717323,3916543,4096717,3976958,3012981,1454206,2041658,391601,0,0,1695373,1196256,790344
332,000875,2018-03-15,0.027190332326283873,0.02114803625377637,0.08859922488336766,13400.0,163530.86572757902,1402,34499348,50791869,788918,1343708,4599290,6262547,4754311,5439118,6678949,6299828,2877018,4844989,4674804,5196477,2380579,4251956,7745479,17153246
333,000876,2018-03-15,-0.006578947368421018,-0.007894736842105177,0.1854867466737448,10626.0,124108.7668527346,1680,47154919,25557784,1483233,1377367,7723399,6331377,5777320,4409837,7007848,3735866,3872134,5389295,4656614,2593348,2262718,445023,14371653,1275671
334,000877,2018-03-15,-0.013663535439795038,-0.01964133219470543,0.21837126702917273,38907.0,171218.088970568,2879,152167464,113820075,1307416,1008661,15747348,11621323,20563172,15947620,30465321,23750121,17329756,20265239,12878995,10264340,11747644,5530617,42127812,25432154
335,000878,2018-03-15,-0.012779552715655007,-0.015974440894568676,0.27963023148709726,22608.0,115767.44235258855,2005,75316401,42113147,1320262,1189381,10568369,9732184,10186761,9019025,15703875,10235343,10084112,3969074,6459319,2786835,3137107,2293524,17856596,2887781
336,000880,2018-03-15,-0.014023732470334282,-0.01833872707659112,0.5572062941427565,9200.0,32872.82813278681,276,3400233,1780274,375638,263483,1357409,854620,490337,544283,665189,117888,511660,0,0,0,0,0,0,0
337,000881,2018-03-15,0.006541291905151292,0.0016353229762877675,0.3680948476523051,10442.0,31940.958759589616,1104,10185472,12425148,924599,1558671,3915432,5968770,2359426,3055003,2406770,1137233,213845,232555,365400,0,0,472916,0,0
338,000882,2018-03-15,0.009554140127388422,0.0031847133757960666,0.08729914341068394,6360.0,90390.9145745698,1299,19898188,17875509,1216708,1284953,4572805,4515474,3456005,2317360,3449925,2567449,1870804,2362355,1317682,390956,0,0,4014259,4436962
339,000883,2018-03-15,0.011086474501108556,0.0,0.12346192628151183,4530.0,91711.44798515076,1337,19267759,16039778,1770073,1135022,3214840,3239307,5080554,2134314,4057330,1570796,1179205,1195885,755290,767754,496100,470925,2714367,5525775
340,000885,2018-03-15,-0.012836185819070978,-0.018948655256723623,0.3155408038283044,33873.0,136584.3095931502,2690,117946871,82894428,1528290,1404591,12156290,13841717,18021108,14912070,29905437,23099907,19460532,10504497,11044758,5479544,5491657,2644487,20338799,11007615
341,000886,2018-03-15,-0.013392857142857095,-0.013392857142857095,0.16635261871400062,14133.0,112695.29106946407,1634,51889118,31822318,1047951,1274506,7068032,6130102,6521323,5596825,10647821,6701589,7476792,2786878,6170562,2044449,3699857,1366453,9256780,5921516
342,000887,2018-03-15,0.036236119228521435,0.02396259497369968,0.4273426227463029,26317.5,138516.53039359505,1604,48901050,58020803,965889,986728,7143510,9632154,7437920,7483540,10495116,11764621,7072978,6071892,5678412,4184561,2807814,1690325,7299411,16206982
343,000888,2018-03-15,-0.009090909090909038,-0.009090909090909038,0.2932818273407591,9840.0,45366.467593370435,1139,15956024,10652949,1964569,1267285,5005665,3655207,2880641,2583585,2905265,2150286,1145420,503586,1059224,0,492500,493000,502740,0
344,000889,2018-03-15,0.00591715976331364,-0.014053254437869755,0.5405327708992305,12078.0,74883.81383374165,625,12294058,6750138,606802,545411,2857638,2005652,3054755,1286040,2512153,1049644,1274125,401705,0,339526,0,0,1988585,1122160
345,000890,2018-03-15,0.03623188405797095,-0.013043478260869712,0.15898803349558494,13640.0,123238.54954068505,1891,50921656,35804166,1640436,1614569,9053434,6060404,8377288,5412742,10472255,7267552,7609243,5253628,4351651,3716966,826887,431814,8590462,6046491
346,000892,2018-03-15,-0.014030612244897878,-0.014030612244897878,0.2671740974563052,2364.0,70152.94189569798,861,12007184,6596320,617698,822237,2178615,1633378,2585741,957535,3524792,1251001,669390,1186665,373808,309600,0,435904,2057140,0
347,000893,2018-03-15,0.00694444444444442,0.0,0.15075957650334929,12012.0,68939.13850963402,1463,30780891,18731927,1296294,1156735,7752618,5318317,5829119,3660870,6681832,4982727,2334715,2242872,1736435,949506,881628,420900,4268250,0
348,000895,2018-03-15,0.00035075412136076345,-0.005612065941774769,0.5644591205763481,22888.0,132785.37285083107,2554,70092251,75619425,1938351,1542467,12313377,13434716,12576998,11340747,13548719,17003869,7204826,5347066,2900554,4681639,3262550,4079307,16346876,18189614
349,000897,2018-03-15,0.0,-0.0030030030030030463,0.11236645884951686,6700.0,64954.87795719405,880,11027457,12094548,844189,699046,2063876,4088717,1859170,2332938,1837878,2462978,689760,981670,1063458,986499,0,0,2669126,542700
350,000898,2018-03-15,-0.004437869822485063,-0.00591715976331364,0.13782101278927286,23520.0,184691.42515531223,2410,115878365,84343555,1418583,1329633,13288199,10222473,11811139,11531116,16478594,12033720,13204774,7183797,10582631,7614060,8038526,5386383,41055919,29042373
351,000899,2018-03-15,0.013645224171540127,0.003898635477582957,0.21944870983972237,9369.0,60744.65413378083,546,7635185,7751503,365859,417747,1677381,2223541,1390979,2177416,1858189,1801924,721662,774145,690315,356730,0,0,930800,0
352,000901,2018-03-15,0.007392804337112091,0.002464268112370771,0.49295276718816183,20370.0,92105.9549513428,1695,40325280,44090597,1022297,1186633,8293887,8218827,7469905,6273396,8453436,8898430,7158953,6893294,2288550,4489825,918104,2197000,4720148,5933192
353,000902,2018-03-15,0.012012012012011963,0.006006006006006093,0.2914564168367996,6012.0,78348.64931823172,1175,14517251,8312150,2303417,831503,2778771,2578586,2168654,1118609,2007192,1492056,743945,401200,697862,1038766,0,0,3817410,851430
354,000903,2018-03-15,0.015337423312883569,0.01840490797546024,0.08313189684900682,10624.0,125787.96722024903,1546,35512948,27571435,1350887,1311461,5925103,7093608,5118634,4730415,7992742,3813765,1833375,2474133,2101769,1713677,1372703,0,9817735,6434376
355,000905,2018-03-15,-0.00952380952380949,-0.015238095238095273,0.344269582086086,11445.5,62668.71417497776,930,18263004,11092399,739177,694199,5312738,3644540,3538359,1922980,3666291,2401385,1595020,1397565,1064175,0,905691,0,1441553,1031730
356,000906,2018-03-15,-0.0012391573729862992,-0.0074349442379182396,0.37760381988871905,10438.5,96675.30604575283,456,11895145,4136846,556547,379984,2565259,1352539,1621162,996550,2889902,345082,793385,488691,0,0,828440,0,2640450,574000
357,000908,2018-03-15,-0.0053859964093357915,-0.014362657091561926,0.25074964237898995,5058.0,96116.17580194019,493,6422126,6383362,333107,545759,1209199,1281223,1207280,479230,1653979,1347036,553280,250800,0,330000,0,465850,1465281,1683464
358,000909,2018-03-15,-0.01871921182266001,-0.028571428571428692,0.38498045485930027,11000.0,74875.70001195274,695,16705662,6872934,757404,701488,3394529,2863828,2148641,1130241,3889277,1280847,1525082,506202,1079646,390328,1340564,0,2570519,0
359,000910,2018-03-15,-0.0018034265103696878,-0.006311992786294018,0.6125562162343088,15536.5,107399.96041032216,1312,29692568,25890184,872041,1145398,6654143,6195369,3420110,5569277,5692098,3256779,4303856,1882687,371124,729168,494774,439000,7884422,6672506
360,000911,2018-03-15,0.024296675191815886,0.023017902813299296,0.212139557936568,9486.0,66856.18107465634,1360,20977302,23134590,1766867,961197,5742544,5471065,4328352,4079295,4215686,5045407,2195189,1663109,722927,2107894,872455,2309920,1133282,1496703
361,000913,2018-03-15,-0.007900677200902928,-0.01241534988713311,0.6732397611979232,15768.0,94841.17685835755,693,13456065,13879767,569680,652368,3649076,2724476,2255264,1428252,3047554,2301537,410892,879072,1073035,2892340,0,0,2450564,3001722
362,000915,2018-03-15,-0.01081730769230771,-0.023237179487179516,0.6000814616786087,19760.0,159044.40983409202,1731,69457539,36561718,1561146,1277207,8318503,6980004,9250522,6984617,8667267,6868520,7257109,3226329,4974346,3482595,6289306,1277821,23139340,6464625
363,000917,2018-03-15,-0.012658227848101333,-0.017721518987341867,0.19982424774302943,17635.5,136212.61807513016,1564,57756726,32694709,1133386,1481121,6074597,8742989,6403708,6978708,7652933,5738147,7960047,2606100,5783765,1991485,3456675,855254,19291615,4300905
364,000918,2018-03-15,-0.0014124293785310327,-0.004237288135593209,0.2599912411615465,10605.0,87835.37237369911,741,16442355,9844669,657047,757500,3124478,2665590,2333376,1968525,2225059,3119314,1151724,966807,2426481,366933,456840,0,4067350,0
365,000919,2018-03-15,-0.012091898428053138,-0.013301088270858408,0.3603278276223184,8240.0,44043.012377059735,526,7469671,4654159,454895,544416,2113481,1970062,1708410,781093,1922377,761048,497688,282834,359541,314706,413279,0,0,0
366,000920,2018-03-15,-0.0011890606420926764,0.0023781212841853527,0.3221635429293861,7497.0,40967.95957259847,681,7785682,6668806,771807,494568,2833448,2227639,1696356,1384555,1473967,1318363,701989,423081,308115,360376,0,460224,0,0
367,000921,2018-03-15,0.005267118133935211,-0.004514672686230181,0.3231947922446766,9324.0,56832.81750161498,1691,27969632,16861094,2234993,1187187,6838620,6375735,5420345,2642617,4453927,4027018,4017359,2295711,1378656,332826,818745,0,2806987,0
368,000922,2018-03-15,0.021097046413502074,0.007032348804500765,0.25989833239934984,14260.0,66675.6345016591,748,12144782,12486842,632262,579284,3562951,3443882,2752753,3186747,2468109,2693487,427210,1325104,627889,735730,0,0,1673608,522608
369,000923,2018-03-15,0.008508732646663741,0.000895656068069961,0.5259771295349396,18192.0,80860.74896435598,1803,32293560,34903815,1345320,1214128,10458140,10087768,6704122,9068542,9421959,6019047,3111816,3446259,337783,309014,914420,874957,0,3884100
370,000925,2018-03-15,-0.019736842105263164,-0.03700657894736836,0.42056762161441297,11755.0,42640.430707557236,836,12412133,9709299,581707,798026,3818195,2966886,3633886,2208438,2505165,2310808,1514380,1425141,358800,0,0,0,0,0
371,000926,2018-03-15,0.00470366886171214,-0.0009407337723426057,0.27321089168337237,6390.0,55837.062990240556,1514,19080827,14852596,1454169,2779767,4220642,3572675,3294978,2111304,4031083,2822574,2083077,1407797,1360424,1717395,425600,441084,2210854,0
372,000927,2018-03-15,0.018433179723502224,0.00691244239631339,0.12627047218778328,11322.5,91186.85637308714,1184,22018270,22605193,1173913,1080524,3888461,5712569,4102629,4996688,4088415,5588197,2574661,2125800,942878,1372175,426707,472560,4820606,1256680
373,000928,2018-03-15,-0.014423076923076872,-0.01602564102564108,0.16072527968054434,12400.0,110631.67258668564,1509,44439855,26900687,1104629,1474748,6414931,5573661,6007646,4468668,7760544,7267938,4634138,3184995,2157920,2461414,4363027,1852263,11997020,617000
374,000929,2018-03-15,-0.010356731875719172,-0.017261219792865434,0.27759348489678726,8635.0,37755.64975284821,980,11822980,8044650,1081686,1081920,3571942,3874040,2768578,2190840,1888686,897850,740731,0,1271419,0,499938,0,0,0
375,000931,2018-03-15,-0.0121765601217656,-0.016742770167427756,0.2578502408523772,10480.0,103909.31133549832,649,13758398,5416255,644555,678978,3068740,2261105,2589207,1063156,2600510,604129,1414069,264000,1097066,0,0,0,2344251,544887
376,000932,2018-03-15,-0.013114754098360715,-0.014207650273224126,0.1728598953593581,47033.5,308788.28282403003,2806,219264995,156997285,1630824,1601197,10872530,10527288,17390226,15977205,34032485,31482112,19986535,20552200,14727240,14103139,16256306,13530261,104368849,49223883
377,000933,2018-03-15,-0.012850467289719725,-0.02102803738317749,0.15305943217426435,43044.0,231936.5964213222,3133,198740135,141939718,1431176,1223872,15059461,14111906,20714626,18930094,34744880,28013087,25064993,21397423,16774774,11963727,14686046,5880448,70264179,40419161
378,000935,2018-03-15,0.0016286644951137852,-0.015200868621064068,0.3566047116805445,29327.0,115023.21098216626,2669,105242115,65286193,1588537,1582210,14865513,13292733,17623182,14400166,23574084,14329518,16477688,8549496,6122412,4429342,5292736,1780496,19697963,6922232
379,000936,2018-03-15,0.011421319796954377,-0.017766497461928932,0.1441048585810578,39133.5,311236.3479487687,3000,181496062,123398698,1568365,1347660,15085377,12573160,20446528,15588010,31724014,24763449,20637097,15850630,17143128,14958398,12384154,9907727,62507399,28409664
380,000937,2018-03-15,0.003597122302158251,0.0,0.14541932056310988,7812.0,104225.36078943747,1464,32475621,23567976,1323483,1156787,6734904,3845754,4191340,3579545,4982838,3886653,2950649,4197372,1640699,1386471,3215362,465372,7436346,5050022
381,000938,2018-03-15,0.014847809948032697,-0.0035634743875277985,1.4149408878934595,40650.0,210926.84664171474,2267,117257136,117079337,854330,1714633,9997675,10012951,12518199,13592489,20820387,20808248,15307613,17392253,11492383,11524846,5902154,5241668,40364395,36792249
382,000948,2018-03-15,-0.043789097408400424,-0.05093833780160861,0.24739107748433367,16155.0,227070.94270283656,2051,72795162,51969424,1439969,1975739,8663299,8306903,9104811,6955313,10812907,9128515,6525554,5131258,6676073,4758212,1796562,1327862,27775987,14385622
383,000949,2018-03-15,0.0,-0.022004889975550057,0.18251086028942318,9055.5,43526.20521753472,502,6285787,4954441,463223,600461,2077428,3125414,969727,893246,1386282,335320,677925,0,0,0,0,0,711202,0
384,000951,2018-03-15,0.005692599620493288,-0.006325110689437086,0.4354381773322402,11088.0,57968.55394121518,1318,22774625,13517137,1356473,1056162,5981689,5550108,5360977,4196149,4064422,1814106,1472123,445476,1283460,0,917040,455136,2338441,0
385,000952,2018-03-15,0.008516678495386953,-0.022001419446415982,0.6004839689990011,13805.0,52124.46971272331,550,11822847,5539455,421688,511897,3075501,1772023,3020039,1344019,3093461,1095855,1764958,299167,0,0,447200,0,0,516494
386,000953,2018-03-15,0.05074257425742568,0.05074257425742568,0.22806984240318567,16131.0,139527.14800307498,1256,35382804,25283505,1757415,602911,6341903,5949392,5252314,4449329,6735703,4081558,1711475,2559515,2118058,1293269,1338957,481893,10126979,5865638
387,000955,2018-03-15,-0.03288490284005985,-0.026905829596412634,0.23334587045063052,9952.5,179632.3365835523,822,27799696,9261632,918988,717314,3426510,2215919,4592520,1434267,3617403,1607645,1089342,989750,2423648,1025968,475800,0,11255485,1270769
388,000957,2018-03-15,0.06699507389162562,0.06995073891625614,0.1891332487937951,46612.0,316369.64007932285,2888,152735696,227177434,1343301,1084304,11168328,11029564,15702229,18693523,23646506,31960659,17534360,21701137,14329471,20795041,9202668,12285709,59808833,109627497
389,000958,2018-03-15,0.004210526315789442,-0.004210526315789331,0.13133088986936448,9590.0,60067.165711671754,1310,19869188,16816585,1559297,1197012,5824737,5774409,3356515,2803371,3463901,2642771,2080576,1686713,679725,1765346,850477,402952,2053960,544011
390,000959,2018-03-15,0.001814882032667775,0.001814882032667775,0.12924712489702633,3348.0,32476.860496629764,1823,11515652,14115250,1047149,3047141,3175503,3863467,2518630,1782276,4532481,3697514,241889,1398758,0,326094,0,0,0,0
391,000960,2018-03-15,-0.019320453031312357,-0.020652898067954784,0.2912947692925809,40122.0,262799.84510576044,2657,168153478,117174659,1087640,1437616,12616537,12011943,17193126,14332528,26506919,22003967,20416324,16932130,13507660,13729363,12030430,8508531,64794842,28218581
392,000961,2018-03-15,0.013966480446927276,0.006983240223463749,0.16575925179957432,14400.0,161825.94440299453,1869,52152928,64289769,1455946,1569235,7099216,6846625,6603534,7094746,9140189,8133355,6604851,9133487,4668296,4926517,4751876,3991984,11829020,22593820
393,000965,2018-03-15,0.018083182640144635,0.00723327305605781,0.19112830176245116,13825.0,65058.68709851971,837,14160213,15672781,702406,553162,4338457,3633215,2990652,2658141,3664121,3878491,925225,1607819,398880,626050,0,2156903,1140472,559000
394,000966,2018-03-15,0.02052785923753664,0.017595307917888547,0.12336544500583403,10500.0,85044.93723618082,765,12483440,17037301,626961,488035,3277868,3275911,1628545,2494845,3971475,3070735,1446328,2658415,352444,1441964,0,458194,1179819,3149202
395,000967,2018-03-15,-0.0049443757725585735,-0.00988875154511748,0.344398939808195,8866.0,76887.35259193505,551,11063341,6089129,443130,690301,2120254,2239627,1553907,1624079,2091049,559277,1925505,206885,342400,0,877896,0,1709200,768960
396,000968,2018-03-15,-0.0007396449704142327,-0.008875739644970349,0.39232436068251575,10744.0,40065.86496160499,1189,16015515,13124061,862074,1528452,6591347,4113880,4087732,2776050,2307527,3395749,1152779,907034,1014056,0,0,402896,0,0
397,000969,2018-03-15,-0.018656716417910335,-0.023631840796019876,0.21080428278798136,7910.0,55805.25888917417,1456,23597262,15615459,1534422,1491639,5802855,4417460,4486570,3854558,5417905,3448361,2812186,922554,1443284,690887,879353,0,1220687,790000
398,000970,2018-03-15,0.04125286478227652,0.016042780748663166,0.23165961747083855,58564.0,461929.98666968214,3199,244577630,255362922,1322047,781402,15176127,10707150,20641906,15863326,37697607,34319315,28238436,25590627,26362218,22636692,19738132,18714530,95401157,126749880
399,000971,2018-03-15,0.0,-0.03451043338683801,0.32226819948616453,12390.0,78299.24215092974,1496,32895816,19890085,1518294,1267908,7323859,6408439,6541819,3314322,8336757,4040292,4230235,434949,1434147,2083166,485496,881963,3025209,1459046
400,000972,2018-03-15,0.02652519893899208,0.018567639257294433,0.15506261900987348,11430.0,106928.78125749966,591,9676900,13639750,493997,422710,2380655,2595107,1820039,1747416,1841132,2841409,982616,1715806,615825,743520,402840,419100,1139796,3154682
