,code,date,pchange_whole,pchange,change_std,amount_median,amount_std,length,sumsell,sumbuy,sell_vol_0,buy_vol_0,sell_vol_1,buy_vol_1,sell_vol_2,buy_vol_2,sell_vol_3,buy_vol_3,sell_vol_4,buy_vol_4,sell_vol_5,buy_vol_5,sell_vol_6,buy_vol_6,sell_vol_7,buy_vol_7
0,000001,2017-09-11,-0.013864818024263315,-0.013864818024263315,0.20823558920374577,57943.0,501986.8106720665,3076,299955992,311693903,800588,1333192,10398298,12675627,13978876,18078813,30922888,36569542,24116262,32044402,20374747,15924620,18724455,16478989,180639878,178588718
1,000002,2017-09-11,-0.012885591565794496,-0.011323701679031628,0.4326956089673134,142825.0,637822.0648828741,3507,629097084,595512579,483898,288292,9026557,9089037,20582711,20373834,47303329,44185251,44718292,30510564,43455931,32756112,28268472,24585707,435257894,433723782
2,000004,2017-09-11,0.03622303622303624,0.02238502238502238,0.7192038854145916,14993.0,101543.18021588592,1167,19826364,31824982,1018635,1049366,5152296,5937329,2898957,5726231,3201388,4439958,1994022,4141504,2384560,2083368,923600,2637255,2252906,5809971
3,000005,2017-09-11,0.014678899082568808,0.016513761467889854,0.09995809667477736,28100.0,385610.04688653554,2991,150380665,194208984,1471987,1986677,10584258,14805306,11733950,15858716,17443580,25883364,11573905,17254619,12982530,14395104,7653147,14124163,76937308,89901035
4,000007,2017-09-11,-0.009067357512953289,-0.007772020725388518,0.6665694116704863,9198.0,54683.173740231,536,7337142,6943467,218208,764086,1682024,2348426,1396634,1083675,1103252,1992220,1809677,282310,611400,0,0,472750,515947,0
5,000008,2017-09-11,0.0035714285714285587,-0.0011904761904761862,0.22479500238069855,8380.0,136230.4677261628,1397,24554831,29087898,1580193,1243945,4924558,4206971,4083737,3925637,3244528,3059328,2175980,2433873,2073594,1069240,906660,2135438,5565581,11013466
6,000009,2017-09-11,0.029284164859002093,0.026030368763557465,0.16424528440721556,66744.0,450940.97168548306,3157,245497152,325554848,1307297,1100419,11922383,12203817,19093844,17801103,34123433,40496939,30244544,28665108,20100386,21091733,19714296,28587493,108990969,175608236
7,000010,2017-09-11,0.005780346820809079,0.005780346820809079,0.16043748327982932,10460.0,86079.64596658338,1047,15898082,16137326,912962,987202,3416770,5971232,2791927,2241422,3401632,1984569,2366766,1081778,753797,310881,938600,436182,1315628,3124060
8,000011,2017-09-11,0.017619047619047645,0.02238095238095239,0.3826229466599141,71247.0,707075.6894684286,3022,303397319,325588454,535497,838417,9418277,14381759,12047474,20593303,26707755,42125923,26803666,31484758,18248493,22892976,18636087,23215686,191000070,170055632
9,000012,2017-09-11,0.0011709601873537423,-0.0023419203747072626,0.24047902607375926,12780.0,170523.62664301865,1261,38177576,25552740,1162930,1512533,5666994,4707968,5392480,3434997,4919933,4216799,4035891,2312931,1690017,3123075,1693014,870570,13616317,5373867
10,000014,2017-09-11,0.003981797497155881,0.0005688282138796019,0.43615811883404404,17670.0,103898.83195034135,1625,41203552,32472000,1358751,1176001,8800388,7873059,7554180,5745007,9994556,8129654,4546839,2933271,2038764,1692794,475200,422313,6434874,4499901
11,000016,2017-09-11,-0.012924071082390909,-0.011308562197092087,0.2083048738805635,12220.0,127568.84029190127,883,24061934,14242508,880919,685797,4213271,2818715,4139586,2121076,3439490,3493545,1331826,1220381,1262549,356048,949231,407696,7845062,3139250
12,000017,2017-09-11,0.002466091245376223,0.0,0.3683204206886868,11333.0,40914.673614655614,484,7667870,5203168,511669,508319,2285639,1912285,2036117,1064085,2365406,962527,469039,755952,0,0,0,0,0,0
13,000018,2017-09-11,-0.005037783375314908,-0.0037783375314861534,0.1955089394831206,15800.0,128751.3417131331,1650,38333525,39524879,1013970,2051304,5721649,10271182,5036162,7710859,6251955,7460251,3647527,2640049,2048023,2032863,2052833,475617,12561406,6882754
14,000020,2017-09-11,0.0005017561465128217,0.0,0.7377856214362405,13867.0,39812.62669326478,729,9624357,9792322,816464,843236,3687494,3394015,2481704,2691419,1948625,1586407,0,918505,690070,358740,0,0,0,0
15,000021,2017-09-11,-0.003225806451613078,-0.008602150537634468,0.2190870631961506,13950.0,116317.20502969647,1803,39243470,36182411,1716529,1642440,7696473,9208709,6249397,7027255,6720569,5888370,3721643,3481373,3629894,2943555,1828850,1206933,7680115,4783776
16,000022,2017-09-11,0.005175600739371511,0.003327171903881654,0.8620088111757613,16323.0,96500.18017434159,984,28155988,18462160,730592,742000,5006628,4584001,4797027,3375448,6003761,3248056,3715531,3109970,1447472,950423,812384,415548,5642593,2036714
17,000023,2017-09-11,-0.017307692307692246,-0.01692307692307693,0.7243443639087606,17892.0,72850.37485573436,1289,29550952,20659468,750386,888126,7354367,6581553,5876062,5197466,6388102,2930907,5223195,2138041,2443790,1649375,422070,0,1092980,1274000
18,000025,2017-09-11,-0.002553191489361617,-0.0029787234042553123,1.0017363243661923,28128.0,124661.4249091723,2201,76672812,56596353,1710551,1805844,11716431,11721073,16067524,10065287,16311812,13993037,8315192,7256387,4433105,3213515,2748694,3508095,15369503,5033115
19,000026,2017-09-11,0.0,-0.0008305647840531893,0.38724498775602006,8414.0,50513.854883940745,966,17201341,9039107,1856227,514281,4098123,2780659,3541060,1900058,3861139,3029470,1725737,419498,1094120,395141,424935,0,600000,0
20,000027,2017-09-11,-0.007507507507507505,-0.009009009009009028,0.1638256805096565,6630.0,114162.78000184866,1654,36449253,13417093,2388930,1090590,9886815,3144890,3947985,3595798,4483696,3377859,2672988,1574422,1364425,0,843432,0,10860982,633534
21,000028,2017-09-11,-0.0010416666666668295,-0.0010416666666668295,1.4953749992453111,13518.0,98752.69134241193,2022,41985400,27517089,1901302,2739743,12336017,9404521,7532255,4961491,4763003,4037609,4095247,1450389,2079255,2125780,864599,1405358,8413722,1392198
22,000030,2017-09-11,0.033991228070175517,0.026315789473684292,0.20455807873454002,9250.0,117123.66608751265,1990,35694816,41370522,2108518,1747228,6144422,7480154,8487142,5864168,8270568,8264729,2550662,2175253,1033729,2814745,451229,927908,6648546,12096337
23,000034,2017-09-11,-0.010603964960811507,-0.01613646841862615,0.5108378507012379,19359.0,166939.83678083032,1803,66160069,43662034,1564628,1131979,9418797,7402303,10500608,5378315,14250570,5920638,4867272,2807910,4024882,2343722,5242472,1270755,16290840,17406412
24,000036,2017-09-11,-0.010657193605683735,-0.01243339253996456,0.23234876674295366,30172.5,284016.8369432604,2350,130899146,98701455,852458,1217607,10205738,12414286,13253060,12157596,20142002,17522409,12845928,9200131,10730400,8022164,6378329,5223479,56491231,32943783
25,000037,2017-09-11,0.022522522522522515,0.025900900900900803,0.30430072889420695,9834.0,89995.9341166953,852,10546587,18282056,573258,1185937,3161459,3819392,1696657,2794164,2496052,3298026,538200,2352740,710261,387000,0,0,1370700,4444797
26,000039,2017-09-11,0.016094420600858417,0.008583690987124415,0.404816453435535,20437.0,176055.20767132874,2121,69040746,82269573,1088847,1545241,7619710,13246905,7698814,10663270,11160154,13694729,6701659,6704560,5852901,4524246,3719672,4177212,25198989,27713410
27,000040,2017-09-11,-0.0020000000000000018,-0.014666666666666717,0.451417383417104,14700.0,103218.66731619225,1104,33128772,17598562,1218516,543238,5275824,3588555,6320216,3245501,5437845,4036758,3094688,3980550,2343268,313110,1737000,426300,7701415,1464550
28,000042,2017-09-11,0.005793742757821407,0.009269988412514474,0.5482455161724827,6980.0,50131.77660707655,991,8659424,14191023,711001,1812552,3967709,3172572,704672,3522136,1158208,3172618,1030335,467297,0,1448803,452399,0,635100,595045
29,000043,2017-09-11,-0.0009276437847866026,-0.002782931354359919,0.39189176164378003,20415.5,104538.33388511353,756,26569611,15856347,803772,400073,3550124,2934967,4395166,2007460,4910300,3076459,4275198,3944306,2484257,1720197,924490,455571,5226304,1317314
30,000045,2017-09-11,-0.013578274760383424,-0.016773162939297093,0.2743143366780548,26124.0,124856.22947961406,2085,80722397,49460914,1072420,1403466,11186781,10681932,12622189,9813796,18843476,11587307,10209424,5125742,5579233,3522045,2611241,3457584,18597633,3869042
31,000046,2017-09-11,0.0,-0.003663003663003539,0.29662497271709193,8189.0,72671.89481867226,762,11904307,9280830,986409,871121,2911977,2455475,2296726,1201083,1616671,2393431,900440,1232633,0,670322,0,456765,3192084,0
32,000048,2017-09-11,-0.015124234785739987,-0.016924738926899496,1.3319949193931384,10964.0,35417.45956700913,434,6098194,3040316,333051,452094,2286037,1616169,1620531,419020,1023088,276697,531791,276336,303696,0,0,0,0,0
33,000049,2017-09-11,0.02941176470588225,0.031016042780748654,1.1277535902376226,56300.0,222288.64735349256,2475,122566260,183391421,501280,837957,7762112,12365362,14680371,18485335,23829272,33098021,14897131,26275365,19511615,19328162,8483216,9774394,32901263,63226825
34,000050,2017-09-11,0.0068876452862678406,0.0068876452862678406,0.41397687928333904,80614.0,473655.3441372168,3151,319432257,361431504,675829,886177,11724582,11524215,19386732,21724695,36038459,38907378,32876778,32607147,24170713,29450353,23548190,19264060,171010974,207067479
35,000055,2017-09-11,0.028314028314028405,0.012870012870012992,0.1673835048313281,11835.0,115228.77203423118,2158,42252974,55064341,1845837,1949642,7915701,8711338,7154889,8866538,9678427,8901309,3598006,6643305,4571327,2317974,1744157,3082943,5744630,14591292
36,000056,2017-09-11,-0.003233629749393674,-0.0024252223120452276,0.6540095205345311,6170.0,61966.4941392125,357,3858646,3618723,198246,516559,975902,1323422,842593,222610,758452,109296,0,244020,671853,0,411600,405544,0,797272
37,000058,2017-09-11,-0.00962695547533099,-0.013237063778580138,0.20010660944273143,16280.0,124231.17232392723,1727,49560405,34939244,1708975,1774897,7573777,8378821,6416999,6128927,8517524,6786845,5330856,3556894,3821360,1111897,3080271,3103684,13110643,4097279
38,000060,2017-09-11,0.023677979479084454,0.013417521704814472,0.2238922797648179,34600.5,398158.76139799465,3206,181234132,228202444,669433,2165862,11911587,18257914,13376741,19671052,22615623,32040087,13531878,19825318,16651674,14494921,10775749,8878004,91701447,112869286
39,000062,2017-09-11,-0.013571428571428568,-0.016071428571428514,0.6038056280756243,32928.0,198189.78777177897,2151,108568051,81826839,813170,1375200,9779603,10422626,12393356,11192621,20771946,16580363,13828347,8011651,12014812,4212655,6968645,4851431,31998172,25180292
40,000063,2017-09-11,-0.0027591643673630095,-0.004729996058336683,0.4283126830612953,197389.5,886930.9700740242,3512,862207370,802528736,254414,220618,7412655,7028487,17854395,16053038,45090085,47597438,41786635,46593185,57491655,46597109,43673211,42470927,648644320,595967934
41,000065,2017-09-11,-0.002609830361026466,-0.005219660722052932,0.5380863628998837,22910.0,68741.40391773336,1825,42373035,21065653,2219629,786799,14710300,6563721,6097153,4396413,6475993,5433385,3932451,2242462,2563466,1063250,1765090,0,4608953,579623
42,000066,2017-09-11,0.0011641443538998875,-0.005820721769499548,0.16930390732752887,12915.0,117801.18808335683,2578,69693371,58855559,2726901,2264462,9896100,11403820,10128170,7210989,12501731,12114319,8334448,6106320,3498607,2997705,7930574,3022351,14676840,13735593
43,000068,2017-09-11,0.0015105740181269312,-0.0030211480362538623,0.2127718838350128,7271.0,82874.81081930448,969,14100875,13457844,485033,1209151,2674907,4561778,2239560,2841424,2668571,2933645,962935,537466,971590,682208,0,0,4098279,692172
44,000069,2017-09-11,0.0,-0.0021739130434782483,0.16493044650416155,46350.0,312557.5353657028,3122,189214328,219916734,1655455,943174,14637742,11513881,20838839,19921925,31761661,28649090,19347142,17032936,12946112,15542491,15174482,17120006,72852895,109193231
45,000070,2017-09-11,-0.008325624421831601,-0.008325624421831601,0.3354961939832539,11819.5,85604.09020198988,1038,23879291,14373964,794925,689778,4142976,3996679,2326427,2601572,10208932,3881035,1347570,1196783,630052,324300,895562,826708,3532847,857109
46,000078,2017-09-11,-0.008143322475570036,-0.009771986970683932,0.14162393327039122,9744.0,144964.37334206482,1883,36565413,37547111,1075389,2734239,6194139,7148917,6010673,5537385,3470383,5450973,2804356,2231902,8133490,668453,860129,850406,8016854,12924836
47,000088,2017-09-11,-0.019771071800208095,-0.018730489073881307,0.18785750568493495,31267.5,279204.27931421576,2620,121160251,114689282,1011398,2369015,10876838,13003070,13320457,15895408,23577784,24260967,13102798,12602037,12584838,8407708,4111121,6084453,42575017,32066624
48,000089,2017-09-11,0.0022497187851517886,0.004499437570303577,0.16876033946124788,12516.0,155547.06435643326,2781,71687686,77087355,1623157,3619105,8162743,14906976,8765907,9407767,12773194,12028342,5794183,5169396,4248540,4238833,4103860,3059913,26216102,24657023
49,000090,2017-09-11,0.009046052631578982,0.009046052631578982,0.2480729052868437,36870.0,232381.34124914336,2405,123285374,117307853,1205326,981896,12886058,9713853,15291570,13166604,22199139,20524617,15662463,17030071,9151498,11450146,6652070,7983572,40237250,36457094
50,000096,2017-09-11,-0.010162601626016232,-0.01084010840108407,0.5867842010534986,11716.0,47262.889923803006,632,10821732,5902185,594053,591268,3392359,2526277,1825350,1429676,2696661,906716,1338021,448248,0,0,438000,0,537288,0
51,000150,2017-09-11,0.011610486891385774,0.01573033707865168,0.7396621045583079,16343.0,79630.17226342595,1303,22570268,27071671,923492,1267327,6401879,7398208,4575098,3593360,3953098,4078401,1950154,5146374,2114040,1314576,897732,486573,1754775,3786852
52,000151,2017-09-11,0.012154696132596676,0.0005524861878452025,0.5632838187302498,18180.0,134233.8868003445,1032,42092485,19908409,762566,842534,5585763,4465913,5406461,4186619,7786010,4433022,2365123,1569462,2411485,2004679,1390803,867423,16384274,1538757
53,000153,2017-09-11,0.029268292682926855,0.004878048780487809,0.28543202626911884,11324.0,87426.84599925693,1290,28041576,17594731,1691437,945802,6290399,4841843,5480879,3662660,4758332,3725900,2058597,1268239,1638582,1396967,1774027,1753320,4349323,0
54,000156,2017-09-11,-0.0006675567423231055,-0.0020026702269693164,0.4668240360831812,10500.0,87764.42765573047,1029,19074794,16492055,734268,1277902,2696080,4862418,3222150,1829979,4273546,3433851,1687392,2259481,1615657,641985,956515,934605,3889186,1251834
55,000157,2017-09-11,0.004376367614879584,0.002188183807439792,0.08581096143951622,14198.0,97164.82188017612,2855,47523099,60109324,1415163,1679155,10304074,20307233,9705765,13786545,7645673,8951667,2295292,3788875,2878305,2259383,2240273,3491005,11038554,5845461
56,000158,2017-09-11,0.0037700282752122227,0.0018850141376061114,0.2671262978799601,11485.5,95446.05910037372,1578,38892394,22820438,1191292,1234459,5924550,6340061,6980559,4695118,9366649,4675773,4834772,2250136,335362,1321919,886916,473567,9372294,1829405
57,000159,2017-09-11,0.00746268656716409,0.005970149253731405,0.2405943815661685,10110.0,75583.2705425283,775,14591850,10808816,681656,654030,3839608,2747143,2304737,1819603,2896008,1632888,2962479,249750,1031206,1433574,876156,422770,0,1849058
58,000166,2017-09-11,0.0016750418760469454,0.0,0.12532302643166204,12537.0,310022.6411034407,2275,74786307,76578721,1343011,1810377,7652892,10336770,7902510,10277588,12525170,11875583,6814575,4468265,3750033,4475961,2783711,806250,32014405,32527927
59,000333,2017-09-11,-0.023024721279689686,-0.023024721279689686,0.7314586342222994,86079.0,484497.70183657255,3183,400354614,289091442,738845,782678,12014296,10801276,20207904,21430639,47979034,40442018,31190439,28989724,27413482,20023073,26057357,24845025,234753257,141777009
60,000338,2017-09-11,0.016260162601626105,0.004065040650406582,0.12995066093600943,22909.0,217154.06173552928,3234,98734205,152584165,1330425,2420003,12967833,23398325,13204027,15550476,15583926,19501814,9144423,9249308,8785311,14306737,5834196,7692100,31884064,60465402
61,000400,2017-09-11,0.023549684089603673,0.021826536473291247,0.340498959185309,42744.0,192040.94825482657,2619,125740252,133841804,1025711,1112710,19393698,8120784,14951722,14440523,17051386,30286564,13286766,19058929,10957132,12257471,4573190,7092650,44500647,41472173
62,000401,2017-09-11,-0.004739336492890933,-0.006516587677725116,0.29923162334696124,57136.5,318951.56762301584,3184,256708020,235300948,716471,902396,14607131,15180806,19757526,21501157,32189120,35801399,25546454,28793283,18940179,23192370,19101364,13159310,125849775,96770227
63,000402,2017-09-11,-0.013104013104013101,-0.009009009009009139,0.225498313100141,24280.0,183853.93672769293,2937,128497073,84345037,1702853,1337080,14359796,15058762,11414559,10774752,36236647,19678780,15068971,9685582,7660653,5341915,5931031,5067980,36122563,17400186
64,000404,2017-09-11,0.001322751322751392,-0.006613756613756627,0.18739249419877702,7510.0,172878.62522829874,1629,73243210,27922294,3259584,955432,4406690,3406413,6199836,3294827,12808814,5577238,9862497,2851938,2639146,2495275,6542379,1253281,27524264,8087890
65,000407,2017-09-11,-0.003640776699029069,-0.00728155339805836,0.2917864429948079,16400.0,103094.70178439499,797,23245072,18749142,427507,821638,3150993,4256160,3954781,2445759,5508944,4345776,5022092,2342599,359920,1772696,494890,1371012,4325945,1393502
66,000408,2017-09-11,0.024159663865546355,0.02941176470588247,0.41007083419266477,48850.0,324786.0537937725,2161,149348897,189730337,1088067,1286929,7221060,8429237,12873583,10326498,21219259,16695414,11970022,17653265,10038562,14807319,11382745,15601688,73555599,104929987
67,000409,2017-09-11,0.002590673575129543,-0.002590673575129432,0.23523107217942257,11595.0,100254.39512163856,1077,23701540,19778373,889823,1375142,4009230,4946556,3873555,3363765,4306098,2190910,3727464,2936388,657654,1083632,1803627,419874,4434089,3462106
68,000410,2017-09-11,-0.022316684378321017,-0.01700318809776835,0.29076781143497216,11184.0,131289.34736623632,1047,26719579,13335866,1041729,1236064,5398850,3805962,3625272,3386394,3966688,2742646,2643231,687105,1017382,725645,1812164,0,7214263,752050
69,000411,2017-09-11,-0.005791505791505669,-0.004343629343629307,0.8950353115528703,10390.0,72131.80469175165,535,10247426,4184697,528154,267849,3507684,1462995,2086847,1341597,1339549,104250,904243,696756,0,311250,0,0,1880949,0
70,000413,2017-09-11,0.05374280230326289,0.04414587332053754,0.17394655628155498,222156.0,1210045.07405772,3593,722236209,1136224616,148274,175072,6048382,5402364,20553835,17762039,55837966,48929598,54063556,57886051,52158108,49814637,40340008,56535558,493086080,899719297
71,000415,2017-09-11,-0.002873563218390718,-0.002873563218390718,0.1416772284466,6950.0,132246.49118057452,2420,43242774,29942278,3141948,1655809,7224658,6328807,6794374,5474570,11332225,4140804,2684591,1242657,1064074,2081517,849315,910400,10151589,8107714
72,000416,2017-09-11,-0.006127450980392246,-0.007352941176470673,0.3054823522760566,9708.0,81534.88879510632,713,17658602,7379916,690129,758155,2303878,3012531,2964375,1443008,3640684,1232717,1618521,502585,1037047,0,0,430920,5403968,0
73,000417,2017-09-11,0.0023068050749710522,-0.0023068050749711633,0.2850475746177665,6558.0,78632.17763157026,925,15227299,10349560,738558,1114608,3288673,2628419,2161029,1975416,2613451,1589557,1837079,202410,1685708,681500,433500,411651,2469301,1745999
74,000418,2017-09-11,0.006720741599072877,0.002317497103128563,0.9999085413590068,21605.0,74883.6428033529,1863,31873069,34886443,1749083,1410180,9399503,13448966,5159256,5495462,6192782,6281001,4790819,2336685,2050608,1011314,902279,1774705,1628739,3128130
75,000419,2017-09-11,0.008498583569405138,0.00708215297450443,0.2477108091593881,5648.0,77348.43771473307,812,7368930,11033995,459648,1452964,2357992,1737433,1557837,1776371,1360244,1688885,949188,1021371,684021,312052,0,0,0,3044919
76,000420,2017-09-11,0.01183431952662728,0.00887573964497057,0.12140667863562724,4760.0,108249.44203428943,776,10623492,12354764,561815,701760,2357908,3166040,792794,1456755,1314819,1090219,687725,212500,1032571,758200,491040,465120,3384820,4504170
77,000421,2017-09-11,0.016783216783216703,0.01538461538461533,0.2055603910780608,15267.0,83349.57153427642,1210,18010671,35505943,757364,1010181,4951499,6331833,4153398,7598625,2742514,6449133,1667140,4916917,1404174,4664189,859910,1775486,1474672,2759579
78,000422,2017-09-11,0.01620745542949753,0.01296596434359798,0.14544551080459442,23014.0,247211.53804184138,1802,68952031,86017094,1043869,1206587,7030217,8821921,7645546,9334748,9412822,11582363,8958495,9165158,8458971,10771844,2258552,4473233,24143559,30661240
79,000423,2017-09-11,-0.00811972615825518,-0.0073236745741124265,1.2533995354580527,37362.0,212867.38426994646,2511,128826644,95614832,1431782,1032390,11708494,11569462,21105637,15054323,19682354,17125545,14300123,11707182,12888336,7858019,6254021,3131122,41455897,28136789
80,000425,2017-09-11,0.002617801047120505,0.0,0.06666817057741456,12606.0,70059.72996295699,3315,35922290,56691885,2361297,3876956,11972258,21319413,7640472,11286792,5487411,6512340,1871055,3304688,2152381,3119965,1832134,1905598,2605282,5366133
81,000426,2017-09-11,0.06363636363636349,0.030000000000000027,0.22445077916069137,23509.5,137312.39790885162,2408,56837775,76842998,1978714,1237447,12323396,13525819,9310590,13012981,11334318,14654419,5863250,7668157,3848051,6754801,3136487,2262926,9042969,17726448
82,000428,2017-09-11,0.003992015968063978,0.001996007984031989,0.22548610356420498,10060.0,65495.81763434936,493,6647728,6565472,423663,339184,2472588,1685555,569310,1120412,1304585,1325003,1372570,718237,0,0,0,411321,505012,965760
83,000429,2017-09-11,0.01396973224679865,0.011641443538998875,0.23294150593689567,16473.0,49104.05479388331,1360,15012076,27712463,494252,1853611,4921833,10578234,2629436,7942144,3079650,3647596,2434851,2874819,398360,319290,413470,496769,640224,0
84,000430,2017-09-11,-0.004642525533890329,-0.00928505106778088,0.36109606297923097,12804.0,73113.0408725666,889,18055864,10041350,766287,669789,4722351,4028682,3163352,2481587,3433787,2051338,2707074,433418,1000838,376536,0,0,2262175,0
85,000488,2017-09-11,0.03873239436619724,0.032863849765258246,0.29084370498250317,99436.5,607138.2513298242,3436,425756222,553520511,602783,812626,10068826,12978263,19676946,22748336,37544899,40122820,31934652,40245946,28192840,25805081,28824756,41779981,268910520,369027458
86,000498,2017-09-11,0.008526187576126443,0.0073081607795368875,0.193279040893091,6631.0,25022.748228172037,1808,7966864,22352100,1030871,2241633,4245089,12855775,1736003,4894029,649117,1912415,0,448248,305784,0,0,0,0,0
87,000501,2017-09-11,-0.005665722379603277,-0.005665722379603277,0.4503241859822189,10560.0,122705.60167012496,1537,37385092,24953506,1234929,2230939,8255773,5367830,6149360,2906925,3544452,5522957,4684938,2731317,1682708,1336259,429129,1363513,11403803,3493766
88,000502,2017-09-11,0.012955465587044523,0.012955465587044523,0.4141679006579409,12520.0,133815.77428858978,889,17101221,21977369,856194,679654,3454702,4006063,2967108,3093588,3336721,4386480,2583662,975857,301732,1773507,407960,497450,3193142,6564770
89,000505,2017-09-11,0.00569259962049351,-0.006641366223908762,0.30683549129067517,14616.0,163422.1200377734,1182,44282365,37606996,831562,808443,3692032,4342098,5191055,3695679,6801242,10268432,4410279,5191647,2413158,2753010,3134131,4227997,17808906,6319690
90,000507,2017-09-11,-0.006340579710144789,-0.007246376811594013,0.21604349362112513,26376.0,131037.71407875599,2613,101387037,66075371,1430127,1447768,14989753,12949204,17634016,12783546,19254687,14243599,11870932,7984762,7873619,4320496,3237452,4307733,25096451,8038263
91,000510,2017-09-11,-0.015813953488372112,-0.022325581395348904,0.20811517251518571,31500.0,235753.9998153356,2673,120438267,102766126,1320564,1418482,12838571,12449911,15343226,14653458,24969603,20728790,14149708,12379439,8685940,8024170,10739590,4932967,32391065,28178909
92,000513,2017-09-11,-0.012332990750256956,-0.014799588900308303,1.1095297786824003,24117.5,176922.7505831294,1932,81952542,47646372,1420599,1387577,12325615,10564278,3928337,9095404,9561114,9530834,10058180,3257720,11757769,931885,13730152,5458489,19170776,7420185
93,000514,2017-09-11,0.0012626262626262985,0.0,0.2582664585335085,11880.0,112311.6269552311,940,16629598,18456112,1043854,848842,4870947,3744311,2406888,2101226,3323491,2285355,1753721,1496011,2111681,946208,0,443497,1119016,6590662
94,000516,2017-09-11,0.005617977528090012,-0.0037453183520598232,0.14846900763356263,14896.0,166972.08085857675,1295,44502690,24248229,829280,910111,5648300,4911005,5690602,4266987,5740945,5211783,5431588,3482786,1782120,2311369,3721430,848269,15658425,2305919
95,000517,2017-09-11,0.0,-0.002277904328018221,0.08831864856440588,1311.0,37677.0754217145,2477,17653343,5132443,3295951,901991,5645438,2412433,2637060,1060362,1915622,537781,437308,219876,1414569,0,440059,0,1867336,0
96,000518,2017-09-11,-0.013994910941475869,-0.011450381679389388,0.28187915115498674,8558.0,78699.49364347484,777,14825327,7533847,733086,871584,3649808,2482746,2145558,1363095,1677982,1282827,705271,703560,2101207,312000,426426,0,3385989,518035
97,000519,2017-09-11,0.0008841732979663064,-0.0026525198938992522,0.26770077988980473,19210.0,109427.900117485,1785,45723046,45888559,1086289,1208386,9503878,8933740,8669542,7265247,9112999,8357219,4494328,5131781,6224042,2762503,1375737,2743734,5256231,9485949
98,000520,2017-09-11,0.0,0.0018248175182480342,0.17247143059968129,8265.0,77853.92254177917,1010,17472305,12980389,938944,1070029,3677284,3530682,3172326,2022108,3566826,1991033,3102459,738084,337700,688820,0,468895,2676766,2470738
99,000521,2017-09-11,0.006779661016949268,0.008474576271186418,0.1956995107830399,6556.0,125645.04941744408,909,15666327,19154226,822533,767323,2948493,3356120,1883692,1424645,2837103,2372013,2030881,680581,973547,685984,1313068,917468,2857010,8950092
100,000523,2017-09-11,0.006191950464396356,0.002063983488132193,0.37781957351978146,14565.0,47973.680516018845,657,11404473,7046761,647767,485042,4451476,2374304,2228783,1738771,1908282,1364134,768554,666550,1399611,0,0,417960,0,0
101,000524,2017-09-11,0.02708638360175697,0.03221083455344065,0.2922946683411738,22480.0,77975.44185489118,2190,37083270,52985758,1149390,895370,7268465,22990635,6981514,9692603,9408473,8419919,3591194,4056602,2410262,3081816,1759932,1399117,4514040,2449696
102,000525,2017-09-11,0.01963470319634708,0.01324200913242013,0.5487724131273687,19656.0,114715.70963991451,1593,42311000,41340027,999481,1509965,7453542,6859156,7220129,6385391,7771470,7983039,4013959,4501595,2057214,4842201,3437660,1758898,9357545,7499782
103,000526,2017-09-11,0.01961349870204776,0.019036631093164003,1.306631618893378,17720.0,72313.06294603484,704,14028481,14748308,468312,442774,3691846,3338771,2943591,2644155,2700592,3532207,1000504,1597373,1348680,2060328,1334292,0,540664,1132700
104,000528,2017-09-11,0.018743109151047488,0.016538037486218293,0.16602567004270752,10142.0,81828.26738118407,2989,28477334,61859978,1812627,3963153,8219568,19018276,6482973,10924226,5006008,8693858,2036249,6189942,1971838,1725747,0,1264788,2948071,10079988
105,000529,2017-09-11,0.0011428571428571122,-0.0034285714285713365,0.304552194347252,7857.0,40123.59807018986,825,7023864,8979423,645419,1873183,2747394,2685747,1541352,2219181,714512,1195736,441000,240436,318420,765140,0,0,615767,0
106,000530,2017-09-11,0.016971279373368064,0.011749347258485532,0.2269598428620538,15480.0,93006.51036364112,1139,19898396,24997144,1152147,916654,5407133,6201847,2742006,4271837,3289442,4008822,2286941,1935481,2077659,2785278,1282652,403000,1660416,4474225
107,000531,2017-09-11,0.006718924972004547,0.0011198208286673506,0.34820249598683733,8920.0,54467.01162943737,657,5881036,8594853,611131,668345,2631029,2741645,1139858,1229688,657467,1269335,0,267900,395160,723429,446391,438060,0,1256451
108,000532,2017-09-11,0.012509197939661432,0.008094186902133815,0.5381352669094416,15070.0,85881.51330380882,637,13263490,11485132,511854,436867,2743090,3439330,3014228,2311484,2117690,2492250,1255970,2805201,0,0,904194,0,2716464,0
109,000533,2017-09-11,-0.0009727626459143934,-0.004863813229571856,0.6223613319777266,12282.0,244815.98076915898,272,13839213,2675892,214871,150478,1347033,941020,1067635,580096,826826,504024,267764,500274,644790,0,0,0,9470294,0
110,000534,2017-09-11,0.0026437541308657053,-0.0026437541308659274,0.5338713240298723,15050.0,103586.50028265639,803,18806495,12046367,742821,566784,3555950,3414231,4858833,1412382,3102354,2369565,1619675,1209100,1324155,0,861750,0,2740957,3074305
111,000536,2017-09-11,0.005208333333333481,0.003472222222222321,0.20249648344734636,5810.0,99058.75833527207,809,14273386,15683152,708045,925541,2113670,2322609,1909867,1838834,2152109,3027543,1267131,718141,0,1737811,1735797,2680697,4386767,2431976
112,000537,2017-09-11,-0.009879253567508184,-0.01207464324917662,0.25818198810955756,10818.0,166108.26712561614,1246,34370388,19962149,1342549,1142600,3471056,6187306,3814066,3796383,5273763,3554828,3741380,1826719,3323818,1999475,1331100,0,12072656,1454838
113,000538,2017-09-11,0.0,-0.00034843205574919267,1.7468926135655216,43075.0,381208.0134783571,2431,164511893,151206231,1088463,2574760,8806661,12875253,15379350,16962471,21533706,23651920,10065743,10321718,8050253,9111968,9128798,9036979,90458919,66671162
114,000539,2017-09-11,-0.0073800738007380184,-0.0073800738007380184,0.17449618314072862,6468.0,83105.3046966452,965,13389768,12168127,383162,2325821,1722280,4066371,1384858,1921810,1847276,1346722,1241150,613210,1712179,980542,927301,0,4171562,913651
115,000541,2017-09-11,0.014238773274917849,0.012048192771084265,0.1955490892733022,5466.0,125256.81435222583,2182,29184172,42104700,1818904,3074719,4304676,6056190,4572875,5951708,4972856,5646848,3170200,4917270,3045115,1383660,1823966,3122154,5475580,11952151
116,000543,2017-09-11,0.008896797153024938,0.007117437722419906,0.15719507235115346,6810.0,60941.79015986627,1280,12679996,19340084,1712457,744090,2704389,8499695,2098822,2169486,2378171,3815339,1532351,1375033,707616,670417,0,0,1546190,2066024
117,000544,2017-09-11,-0.011877828054298711,-0.011877828054298711,0.6012179557734747,13984.0,135844.916294117,864,24996588,11011244,823716,864336,4132383,3726142,3083225,2467272,4038661,670993,2402596,979941,1105550,0,954579,0,8455878,2302560
118,000545,2017-09-11,0.02336448598130847,0.017133956386292892,0.1251579658203823,27216.0,160312.10908926313,2637,89481628,99531042,1907235,1450740,13780843,12601731,14421110,13844645,17123104,21020475,11328660,10633724,7668497,6275529,3400631,5879066,19851548,27825132
119,000546,2017-09-11,0.005636070853462183,0.006441223832528209,0.44742506870602894,6205.0,92510.31300459552,770,10870053,15561868,1025403,853983,2169277,1977273,1365037,1747850,2087579,2320648,1867508,1497446,1368316,999044,419796,983363,567137,5182261
120,000547,2017-09-11,0.007751937984496138,0.0008613264427217437,0.25175264284346716,23280.0,113104.17362727338,2128,71294375,61732102,1298592,1368911,9801798,10140760,11246644,10122980,15662880,14038072,10455114,7961789,6643979,6931734,4803300,2975389,11382068,8192467
121,000548,2017-09-11,0.007509386733416834,0.003754693366708306,0.26941690182539924,6448.0,91324.34956123022,879,10113544,15168638,709696,1045221,2766722,2696528,1986834,2190484,2398134,1437609,471320,1509993,322000,690709,958570,865650,500268,4732444
122,000550,2017-09-11,0.015499999999999847,0.012499999999999956,0.489924758442503,10082.5,82627.37861374227,1666,19172125,37376790,612255,1946407,4733709,8356782,2986337,5768006,3552274,6306118,3817666,4185182,1442590,2343081,1312568,1309399,714726,7161815
123,000551,2017-09-11,0.019148936170212627,0.014893617021276562,0.3600215280460159,18900.0,98955.6319908572,681,15721299,17622013,653981,439461,3862737,3259299,3221071,2213050,3564896,1921701,1438694,2071879,1409993,1676153,499954,2219112,1069973,3821358
124,000552,2017-09-11,0.01909307875894961,0.0023866348448686736,0.0930629817637167,4620.0,117279.36249578686,2038,37436491,32530943,1236095,1576086,5789151,6129720,4367011,5436826,6767122,5308582,4169718,3826799,4374383,1750853,1754579,1324466,8978432,7177611
125,000553,2017-09-11,-0.013532763532763448,-0.013532763532763448,0.3947267646152459,13840.0,82215.85353505908,1265,28863231,19025397,722330,1938085,4519185,5749120,5403973,4162801,5926359,3771449,3390023,1403767,2692639,370272,2206226,0,4002496,1629903
126,000554,2017-09-11,0.002803738317757043,0.0,0.2347061959732943,24759.5,163525.11304628153,2080,88233364,60710776,1208824,1229958,9589506,9525551,11511530,10560159,17251492,12530083,11267369,7520194,7179565,3933304,8053446,856078,22171632,14555449
127,000557,2017-09-11,-0.013071895424836666,-0.021241830065359513,0.12482931654189912,24518.0,326919.35877437476,2413,93251928,114468422,992320,1993088,7514418,13008629,8305786,12677674,16229304,21205530,14251008,12408384,10499408,10398839,4337807,7253110,31121877,35523168
128,000558,2017-09-11,0.0,0.0,0.18907540803747003,10192.5,46746.892833150916,1294,15112678,17394792,1017555,1781119,4807838,5853971,3939281,3783447,2951207,3755456,684180,494128,0,1312752,0,413919,1712617,0
129,000559,2017-09-11,0.03703703703703698,0.03240740740740744,0.19490558057535032,57460.0,508243.6653895917,3075,257437296,331328245,799046,1039743,12523112,13495840,17642766,19194067,29293477,34764361,22956275,26747033,20729773,20464626,8468341,14078005,145024506,201544570
130,000560,2017-09-11,0.00540540540540535,0.0009009009009008917,0.2358774612209313,28378.0,165913.88260722498,2216,84316108,79823145,1157356,1036549,11581694,10739378,13502323,9972289,15251043,15814037,8092384,9389997,10202457,7925175,4097647,4874512,20431204,20071208
131,000561,2017-09-11,0.003937007874015741,-0.0019685039370078705,0.3579463053331317,11121.0,50865.63312757084,805,12134026,9153601,519506,654958,4181221,3639058,1855174,1954214,2471764,994259,836597,1474662,722008,0,454387,436450,1093369,0
132,000563,2017-09-11,-0.005504587155963359,-0.007339449541284404,0.13876280953950715,10336.0,193971.5328646591,1545,47509782,24298043,1203234,1480408,5687954,5173472,4520691,3854477,5393804,3590402,3884817,2829292,2393338,2412367,1414310,863403,23011634,4094222
133,000564,2017-09-11,0.001547987616099089,0.0,0.13922858501375265,1288.0,30472.903905926956,2154,4331859,13139030,517899,3016502,1278844,3025023,1081679,2263936,1252821,1795547,200616,463475,0,969142,0,443760,0,1161645
134,000565,2017-09-11,-0.003154574132492094,-0.004206098843322681,0.3669226912973639,13258.0,50653.89508110085,671,12367757,8020377,648199,744667,3896724,2832033,2828392,1915317,3333040,1181449,463772,536568,752070,337844,445560,472499,0,0
135,000566,2017-09-11,-0.0015384615384614886,-0.0038461538461539435,0.5099782445180803,13000.0,171677.27678748925,649,31183244,14437194,398039,584045,2420325,2293075,3252306,1910850,2831702,3868475,2778869,3234608,1039497,1897641,2555886,0,15906620,648500
136,000567,2017-09-11,-0.004039662137348521,-0.0018362100624311761,0.7526897203831102,24354.0,97497.38840258754,1309,38006241,33085921,752607,733590,6995575,5934996,6782539,6912546,8987135,6187215,5386047,5347395,2490321,2775799,2599570,922844,4012447,4271536
137,000568,2017-09-11,0.01920815366522932,0.015876127009015972,0.913980327565998,91485.0,526292.6971366573,3122,340541559,371750366,290495,212465,14368908,9776109,19416378,16380322,48397348,33061160,35517740,26664651,28251896,22488350,15461444,21841379,178837350,241325930
138,000570,2017-09-11,-0.0013386880856760541,-0.004016064257028051,0.34722644722978124,11480.5,69725.89197772164,462,8838811,7621219,310482,556431,1734514,2134337,1440153,1714310,1586684,1330363,1759287,1202786,334800,682992,426712,0,1246179,0
139,000571,2017-09-11,0.009589041095890538,0.0,0.21677532288659393,8019.0,87207.42048156846,1134,21977577,17594478,665219,1504013,3145002,5613538,2576400,2870948,4417343,2736470,1354558,1090408,1818849,1786666,3122300,893739,4877906,1098696
140,000572,2017-09-11,0.014198782961460488,0.01014198782961473,0.13192006750371138,14910.0,145786.34510295835,1398,24012308,53468981,777450,1713249,4188097,8454691,2684492,6952051,4234201,8327659,2432392,6788602,1857310,2175756,2167450,3534737,5670916,15522236
141,000573,2017-09-11,0.008143322475570258,0.0016286644951140072,0.1830999241458669,12320.0,81251.50419789978,1125,24786148,17431856,1150728,814508,4379680,6007451,3927571,3012855,4987772,3560961,2027075,1751822,2720334,682051,1794125,864208,3798863,738000
142,000576,2017-09-11,0.009661835748792313,0.0066425120772948265,0.854148875287883,8335.0,34800.10406827616,375,2953470,4404366,218396,600422,1252038,1633011,1024965,842520,458071,473677,0,200280,0,654456,0,0,0,0
143,000581,2017-09-11,-0.023015873015872934,-0.011904761904761973,0.4764008840658102,37560.0,244011.30463173927,2799,181416115,136722917,882022,1610789,10243450,14809633,14229954,18367497,23797069,21767278,20131685,16317559,15811067,14631093,18408748,6826381,77912120,42392687
144,000582,2017-09-11,0.010000000000000009,0.006666666666666599,0.3418510455967795,12110.0,83232.8243399167,1232,20883440,25331115,874150,1198128,5800888,5788353,3192186,5179364,3629515,6909174,2277658,1796870,964543,688425,461939,1690473,3682561,2080328
145,000584,2017-09-11,0.009154929577464888,0.004929577464788837,0.428599662034844,19992.0,102815.4258280926,1098,27630113,24779087,952817,417998,8054147,4451992,4121631,2970760,6082816,3785815,4304594,2946827,1019338,1765662,490200,2199201,2604570,6240832
146,000586,2017-09-11,-0.018944519621109657,-0.021650879566982417,0.9957685054454667,10975.0,140980.56941167603,495,9358433,12006759,376508,433581,1512882,2439411,1117512,1645418,2472056,2031336,482385,1669473,350658,0,435200,909940,2611232,2877600
147,000587,2017-09-11,-0.0012642225031604948,-0.005056890012642201,0.21914570391225904,18840.0,116337.25561451828,1303,38361803,19411679,963646,818853,10196711,4689547,5062354,2539407,8468378,2958667,4253369,466744,1077296,2444503,2998870,1285871,5341179,4208087
148,000589,2017-09-11,0.014109347442680775,0.007054673721340388,0.20417627976803734,10260.0,70604.51360895227,771,13651558,10906061,553950,594584,3465527,2275714,2310765,1821674,2617909,2756579,1842615,723490,0,1748070,455200,420660,2405592,565290
149,000590,2017-09-11,-0.0030211480362538623,-0.009063444108761476,0.7337976281086754,16640.0,67424.49704718842,508,10944177,5471133,492312,329999,4554347,2364813,1959108,1349652,545893,862189,457374,232680,318240,331800,0,0,2616903,0
150,000591,2017-09-11,0.010256410256410442,0.0034188034188034067,0.15744935807187574,14016.0,84675.06495851463,1383,23466212,28619619,582077,2062851,5107175,8088368,2791284,6766528,5272450,3798089,2985191,2919704,2306831,1017351,0,855891,4421204,3110837
151,000593,2017-09-11,0.02725563909774431,0.020676691729323293,0.30529824906304864,16200.0,92014.13685766744,1215,23299168,30961825,1076733,768046,5455333,5792358,4233915,4557515,6919094,6154170,1652055,3187085,2046491,1962011,1337263,1703266,578284,6837374
152,000595,2017-09-11,-0.008960573476702427,-0.007168458781361964,0.13251841468258252,11140.0,69629.32924309374,1777,38248933,21002945,1499065,1492976,8801468,5772023,7177656,4194365,9253374,5157009,3470588,2249648,1360594,701381,1360154,926143,5326034,509400
153,000596,2017-09-11,0.03483191575536648,0.02936411502632641,1.0398976371541226,25155.0,140054.4948717218,2258,59540587,84498737,1207559,1482376,10666293,9909179,8395376,15799413,9603895,24864030,7221116,8454939,4216280,2334271,1871240,1355465,16358828,20299064
154,000597,2017-09-11,-0.006352087114337546,-0.008166969147005432,0.28764537923701816,21980.0,133243.20848187956,1468,47903484,34381242,589652,1112628,11547001,7183580,6018713,4288381,6187332,5458627,4308496,2869754,1678377,2976901,6268998,1848999,11304915,8642372
155,000598,2017-09-11,0.005281690140845008,0.0,0.14287062265523648,5680.0,145511.00288933766,1583,25198061,29763168,1562878,1411895,3975368,4081248,3374650,4358720,2230751,5535263,2197191,1787758,1036687,2738178,916184,2356229,9904352,7493877
156,000599,2017-09-11,0.00746268656716409,0.0029850746268655914,0.23874784422739198,16128.0,54497.872244572194,787,14833318,10351414,460552,715410,6540161,2681943,2197135,2226948,2818025,1873359,1134743,426050,1682702,1060567,0,864558,0,502579
157,000600,2017-09-11,0.004914004914004844,-0.0016380016380017626,0.23199670805443523,25651.5,216203.34228776876,2772,114247869,89903825,1257792,2274032,11102804,14123462,14781527,15714027,21415353,20045999,14066499,13684300,8040710,7825772,8151676,3123526,35431508,13112707
158,000601,2017-09-11,0.012064343163538771,0.008042895442359255,0.2470359218641889,9108.0,75977.82487719075,912,15571203,14205246,604912,1673424,5807416,2814452,2240552,1511194,2667367,2409863,1721526,1936600,337310,1398573,456020,870200,1736100,1590940
159,000603,2017-09-11,0.037112010796221284,0.02496626180836703,0.36429865001775474,12080.0,82129.94518892706,1656,22642877,34498078,916735,1333302,5469669,10859209,4823728,5006024,2893036,5187550,2691713,1642632,1571195,2057884,2323152,2725923,1953649,5685554
160,000605,2017-09-11,0.028793774319066268,0.019066147859922333,0.6816710644645599,25700.0,126801.62224903365,1421,38692534,46583026,876010,687103,7728878,7682141,6655220,6239934,8980228,7668972,5367246,6044047,2018534,2140478,460250,3228066,6606168,12892285
161,000607,2017-09-11,0.01708278580814726,0.01576872536136653,0.2557284545853256,14630.0,72357.87722026452,885,10505104,22893765,650509,899941,2899206,5275986,1934266,5060522,3542198,3763400,501834,2678135,357585,2573575,0,424270,619506,2217936
162,000608,2017-09-11,-0.015235457063711877,-0.013850415512465353,0.32061212116727356,7150.0,109704.98631416883,507,15600738,5397257,406101,484905,1090960,1592616,1178879,1344127,1485267,1014238,2147216,432071,2221184,0,2298190,0,4772941,529300
163,000609,2017-09-11,-0.007147498375568606,-0.009096816114359974,0.44970385774787147,15260.0,96136.8410742919,1171,27684441,15693313,1021461,1060339,4961636,5895835,4549034,3916393,5800284,3228796,2347226,1212758,720676,379192,1467964,0,6816160,0
164,000610,2017-09-11,0.00990099009900991,0.004950495049504955,0.2809859086722616,8526.0,64501.188852544175,1861,30188561,22225310,3002382,1189752,7317845,5599155,5324784,5661525,5923621,5274961,2301277,1604726,2527804,324095,400248,876306,3390600,1694790
165,000611,2017-09-11,0.026252983293555854,0.02386634844868718,0.2598239326188765,16720.0,61678.48095489757,1040,13327779,23111017,1043145,815877,4099920,6696015,2964218,3689893,2386766,5533330,2140804,2685636,692926,1105168,0,1372964,0,1212134
166,000612,2017-09-11,0.056640625,0.0439453125,0.19368281339601828,41352.0,356386.57611145894,2802,152506726,209591227,1146625,1443890,11438367,11176900,13437283,14332156,24819318,28006301,21165087,19716881,14927398,20888922,15275613,15606250,50297035,98419927
167,000613,2017-09-11,-0.0010266940451745254,0.0,0.268269084371625,13671.0,62750.882323962425,1318,23008212,19838858,1393982,1410336,7121245,6331107,5850897,3812265,4621725,4444350,702120,2128474,980199,0,0,494792,2338044,1217534
168,000615,2017-09-11,-0.02015838732901376,-0.02807775377969768,0.2531814901369165,31349.0,178766.57871617004,3013,149808717,107257059,2315023,1268599,16819227,11492822,18732701,16070906,25529180,22550715,19926055,15102931,13046859,6543679,12541509,5598805,40898163,28628602
169,000616,2017-09-11,0.00445434298440972,0.00445434298440972,0.15683102216141784,6314.0,107930.22068061739,820,13823850,14194574,699891,1192777,2410581,2977436,2176430,2158286,1709720,1384614,1553596,1103296,1022678,671300,451856,2289773,3799098,2417092
170,000617,2017-09-11,0.006329113924050667,0.0017261219792865656,0.5788665174952314,8730.0,60698.416340771924,901,13218431,12890061,656921,1197557,3071757,3253248,2173564,3559675,2322310,2203820,2468185,1276659,1291923,385203,0,454219,1233771,559680
171,000619,2017-09-11,-0.0020408163265307477,-0.011224489795918502,0.37002901930696364,16592.0,227077.932172202,701,26432826,17771018,519904,844233,2632805,4165946,2437946,2312677,2917833,1887030,2635372,1572634,1368303,939350,2343819,1476998,11576844,4572150
172,000620,2017-09-11,0.0,0.001310615989515096,0.19321793627307549,7660.0,31728.404479212826,1564,10405077,14913570,1614296,1893412,4517494,7358474,2180647,1792506,1779458,947976,0,1430364,313182,1490838,0,0,0,0
173,000622,2017-09-11,0.02777777777777768,0.019607843137254832,0.2319434854013683,11580.5,42347.7338961226,696,7527679,9926942,627500,695935,2649296,3254967,1696890,2454896,1455068,1920889,747510,1289755,351415,310500,0,0,0,0
174,000623,2017-09-11,0.0074823943661972425,0.005281690140845008,0.5628411458735508,22790.0,153345.01591861484,1629,57909444,47407662,683665,1613001,6995546,9073834,7155388,6583796,8006234,10234246,8987886,7176192,2724833,2106911,406552,3618325,22949340,7001357
175,000625,2017-09-11,0.01245421245421241,0.01098901098901095,0.2565307675276164,33096.0,305199.4794210345,2832,110962643,215099182,951080,1893299,9696234,16778582,12086405,20579421,16891008,28673744,12199124,19727533,8783698,11799570,7307809,15726213,43047285,99920820
176,000626,2017-09-11,0.008571428571428452,-0.017619047619047645,0.4773578208182312,33272.0,216946.2412700564,1936,119224963,68746288,970719,778013,9246662,9492683,9793348,9947244,16333021,13676506,14280694,7739475,8634969,5231144,9192380,2224212,50773170,19657011
177,000627,2017-09-11,-0.010504201680672232,-0.009453781512605008,0.18470365371091121,21896.0,221997.6503534982,2660,107135429,66685746,1717337,2213014,13462617,12689946,15161656,12706688,16684655,14111456,14203995,6993540,5876215,3056509,6476885,4466929,33552069,10447664
178,000628,2017-09-11,0.006610009442870712,0.0009442870632672129,0.3361573260451096,12743.0,72686.80314739184,992,20715910,10951376,856153,733775,5457867,4288860,4631158,2516327,4197477,1875483,898424,1060117,702082,0,493829,476814,3478920,0
179,000630,2017-09-11,0.015974440894568787,0.006389776357827559,0.05671976507937465,18840.0,397021.21343877004,3087,163729082,178202935,1863549,2246933,10229653,14727155,14211792,15619344,16945459,16149585,9615376,12082533,7714378,8950783,4928125,4697495,98220750,103729107
180,000631,2017-09-11,-0.0024691358024691024,-0.004938271604938205,0.14439139036553356,6060.0,60969.17425718052,787,11395143,6994875,773645,502380,4214959,2383506,1719731,762472,783222,1190641,1078381,832240,679541,1323636,0,0,2145664,0
181,000632,2017-09-11,0.026856240126382325,0.02211690363349117,0.22047416338321954,14058.0,138096.81641806275,824,17458672,24298755,619001,721457,4413401,3135942,3145095,2773512,2919312,4816705,2019317,2758923,371898,995692,402500,949066,3568148,8147458
182,000635,2017-09-11,0.041884816753926524,0.04293193717277477,0.4219142416054269,27985.0,106181.1290526257,2050,59597728,72294558,1339527,1694699,10452599,9728940,10350057,11577011,16208573,19362795,4584755,10616985,7005909,4798322,3103731,5203997,6552577,9311809
183,000636,2017-09-11,0.027300303336703635,0.011122345803842304,0.1937622511876894,34650.0,146164.05552941744,2608,110438020,102151023,1659351,1730553,12397855,12068946,16411417,15067276,23456479,21235770,15181544,18258988,11704471,10585623,4953194,4378326,24673709,18825541
184,000637,2017-09-11,0.0069735006973501434,0.001394700139470073,0.23922851126855021,7185.0,50142.74560949958,898,10804966,8618568,748060,864684,3226646,2760856,2670200,1459955,1872052,1474275,734006,895861,360000,740165,0,422772,1194002,0
185,000639,2017-09-11,0.05873993368072017,0.04452865940312645,0.5485629786299672,23974.5,154992.33854299228,1482,37731419,69241799,621363,1025217,7011961,6621921,5451181,9482488,9190080,11468862,5326856,8991520,4004696,5036522,1335775,2697991,4789507,23917278
186,000650,2017-09-11,0.001686340640809636,0.0,0.22715007248811003,8910.0,54139.059841971975,681,10480626,7076356,575545,618486,3251696,2044675,2661556,1724198,1293685,1136621,1043863,212058,681275,328818,414400,439705,558606,571795
187,000651,2017-09-11,0.002431118314424552,0.0054024851431657694,0.6214254006015749,166635.0,878439.6194539539,3549,703040822,823775861,264134,272148,8729830,8870609,17857181,20322736,49173850,48466232,38124324,49719569,47088423,45039519,37936292,34219917,503866788,616865131
188,000652,2017-09-11,0.0037383177570093906,-0.0018691588785045843,0.15502889294677982,6968.0,72052.32480845205,1192,17169579,14565729,1020021,1525610,3093114,5729956,2445430,2633127,2694357,1656932,1768486,988477,921693,697771,1363516,1333856,3862962,0
189,000655,2017-09-11,0.048618784530386705,0.03867403314917128,0.1936481019534543,27260.0,128628.53681680128,2187,64077339,86417699,1587030,1509824,11063266,11036732,10247447,12800462,15385559,17945680,6679561,11401716,5523381,6383791,6251508,5467057,7339587,19872437
190,000656,2017-09-11,-0.0019920318725099584,0.0,0.11222318264917133,7529.0,99373.96586460646,2007,37594097,35625870,1287711,3417922,5894882,6525709,5585547,5529578,7320791,6089526,3818501,3960691,1725196,1385644,2987121,1387582,8974348,7329218
191,000657,2017-09-11,0.02488231338264968,0.01479488903833226,0.2934123570093194,37112.5,189746.3616036072,2572,111901928,119183555,1210982,992247,12100899,14278675,13371481,15852387,21250309,22955953,13370659,16739739,9896217,12959566,5960076,7509748,34741305,27895240
192,000659,2017-09-11,-0.024937655860349017,-0.0174563591022443,0.13949827622446237,10296.0,125065.17026031733,827,24973838,10780455,651100,851506,3487010,3183028,2931821,2112829,3813079,2169762,1967551,447814,1819080,379764,411444,418835,9892753,1216917
193,000661,2017-09-11,-0.015605406158561985,-0.015605406158561985,3.0549153407892695,42600.0,265831.57196417684,2212,144965101,121695433,34785,17477,9583383,20973145,14746427,14670261,22091752,11621550,12175702,11930214,7362718,5759231,10717889,9492325,68252445,47231230
194,000663,2017-09-11,-0.008385744234800874,0.0013976240391333494,0.6350450333995354,15829.0,73121.67967785771,507,10748710,10313575,372056,293324,2188584,2472388,2808590,2112615,2236604,1998035,893994,2035887,648403,394026,883979,431700,716500,575600
195,000665,2017-09-11,0.009677419354838568,0.005645161290322553,0.41166220548969623,8673.0,218140.24253950012,907,18801296,36535341,546097,1736656,1933717,3161933,1240286,2416033,1903981,2222859,1163823,2255722,2311938,2626824,2235004,437500,7466450,21677814
196,000666,2017-09-11,-0.0008984725965859308,-0.0040431266846361336,0.6279840681538547,19957.5,140469.48911212053,1256,46187997,26515505,1209823,653279,5981018,5085589,5851067,6527266,7945570,4803662,4656675,1025193,3117689,1398572,3575679,450228,13850476,6571716
197,000667,2017-09-11,0.0,0.0,0.08037794077947104,3420.0,95019.74760477102,1821,21492526,17793380,1822062,1183677,4191591,3904739,3557540,2787964,3537026,2399184,1956938,1388487,1044759,1406220,405270,0,4977340,4723109
198,000668,2017-09-11,0.009775733179988366,0.006900517538815487,0.8838751470981897,10446.0,207717.07192569142,387,8915490,8261842,439471,331797,1586455,891277,1001401,1247819,419305,1462345,236520,227678,0,697000,0,425194,5232338,2978732
199,000669,2017-09-11,-0.009041591320072206,-0.007233273056057921,0.4562201725576841,14800.5,131086.83632239938,1322,35256010,21465631,1537150,986334,5445568,6667021,4341451,3795606,4941431,4363020,2893463,226050,3729415,1002804,2227381,899715,10140151,3525081
200,000670,2017-09-11,0.004615384615384688,0.0015384615384614886,0.12496588490137917,25545.0,130228.338557065,2712,89938950,88647631,1428613,2136617,11231716,14839621,14049982,15584635,18609829,17369937,11305476,10708191,7282481,6277304,6195110,4955498,19835743,16775828
201,000671,2017-09-11,-0.0014388489208633226,-0.01151079136690647,0.12674748307572892,21520.0,312536.3134424137,3020,163180307,134935458,3285808,1414484,12397709,10469285,14529773,12613558,20303016,21086233,13255592,15037199,13971363,12196448,11326919,9687655,74110127,52430596
202,000672,2017-09-11,-0.0009652509652509078,-0.0019305019305019266,0.21357596399596732,13429.0,100676.91276635119,2355,48776817,42668526,1092287,2526801,10051588,11742806,8630447,8570863,10179328,7796280,5085760,4437886,625220,2363898,2715630,1763984,10396557,3466008
203,000673,2017-09-11,-0.08506075768405996,-0.0714796283059328,0.3493048567071086,46025.0,812683.7090636516,1623,106086244,151984287,225996,1036869,3163293,9555260,4852940,11869411,15161345,20121375,8548142,15905205,8780928,11910471,7449532,5173672,57904068,76412024
204,000676,2017-09-11,0.0034940600978337066,-0.0034940600978337066,0.37946646132513717,8574.0,47738.870009146085,1422,18738988,14727797,1932474,830304,6813101,4149742,3650332,3534244,3330571,2210595,1401302,1607544,655502,1463436,400748,429300,554958,502632
205,000677,2017-09-11,-0.00203252032520318,0.0,0.1936754685761142,9860.0,66059.36501046311,645,11251524,6875075,674039,538914,3702629,2580689,2055915,878291,1234001,1242381,2039542,0,707030,0,838368,0,0,1634800
206,000678,2017-09-11,0.008000000000000007,0.0011428571428571122,0.37149003435558425,8775.0,27650.43031500411,554,5995168,4603981,703402,571131,2670940,1959941,1825170,1175149,795656,684164,0,213596,0,0,0,0,0,0
207,000679,2017-09-11,0.004301075268817067,0.0010752688172042113,0.4211656853965289,9390.0,73617.89228172229,487,9752502,5899839,464727,471243,1693986,2004195,2444573,1097119,2994851,437254,578805,528303,372800,0,465000,422725,737760,939000
208,000680,2017-09-11,0.003361344537815114,0.003361344537815114,0.15931571363577346,11324.0,98118.96913757827,1396,29553673,23756972,913567,1515565,5075564,6368006,4255124,4082415,4915868,3539020,2324142,2698243,2000510,945227,2198130,907943,7870768,3700553
209,000681,2017-09-11,-0.008528784648187626,-0.013326226012793208,0.41931493642761075,12942.0,97923.12995964075,2004,45591403,25305263,2508528,1394324,12238313,4962684,7086874,3849024,8131268,4525229,4076354,1080668,2179114,1721676,1363934,0,8007018,7771658
210,000682,2017-09-11,0.028301886792452935,0.020754716981132182,0.13538564253450075,11902.0,96388.04990517914,1535,24802926,38245296,1094996,1185676,5535832,6729405,5224949,6843915,3097756,8013209,2193355,5743427,2088783,980399,416647,2267355,5150608,6481910
211,000683,2017-09-11,0.015479876160990669,-0.006191950464396245,0.07182345331706146,12800.0,144168.47184458637,2038,44201171,49425922,1718413,1891318,8561622,9481587,7116836,6521795,7641509,6113520,3406852,4938637,2925891,4677878,2245320,4135509,10584728,11665678
212,000685,2017-09-11,0.0054894784995425105,0.0009149130832570851,0.308596088567795,9855.0,81545.96353832247,1254,20743905,20238658,2052103,1052901,5552949,3392158,3644530,2718002,3407998,2738145,1080021,2226912,2111891,1062654,1293598,889667,1600815,6158219
213,000686,2017-09-11,0.00375586854460086,0.00375586854460086,0.2509145135013532,17088.0,147175.08891185597,1802,54689764,53274729,887533,1385853,6221335,9525214,5820013,7575876,7902462,9769325,6602715,4598597,4469894,5115014,3115121,1334670,19670691,13970180
214,000687,2017-09-11,-0.0036900369003690647,-0.005166051660516646,0.3584021386369282,16224.0,94140.43272781298,1429,40280268,20784982,1017060,1112103,7823241,7242822,6925473,5555644,8676933,3118320,2376569,1176638,2429637,335750,3053656,0,7977699,2243705
215,000690,2017-09-11,-0.011124845488257096,-0.00988875154511748,0.2456004891003722,16000.0,135461.55046329944,1085,31829181,23952705,1098440,1003847,4902045,4720054,3687771,3688713,4758784,3586902,4464704,3146712,0,1043355,3920488,3029043,8996949,3734079
216,000691,2017-09-11,0.046791443850267234,0.04278074866310155,0.29498657223950925,15540.0,215862.17885563977,643,19175477,14459282,499725,493691,3097599,3459461,2568202,1986009,2657522,2846047,901398,930326,306125,1302811,469200,823557,8675706,2617380
217,000692,2017-09-11,0.02753623188405796,0.02608695652173898,0.2567179727350382,9919.0,78396.42371369031,722,10551649,13522308,510152,761656,3025774,2686644,2007077,2117090,2267530,2624514,716062,681901,1318054,1389336,0,416304,707000,2844863
218,000695,2017-09-11,0.02244389027431426,0.0,0.28689138360326677,1194.0,73949.50980264734,1759,21372027,14141658,2344295,367789,3562669,2782426,3177009,2158773,3838529,2799502,919773,1183623,2160802,694697,1822138,487490,3546812,3667358
219,000697,2017-09-11,0.02508423811306626,0.04080868588543618,0.4818368796035949,79503.5,496908.08880701364,3080,328254768,320720371,841235,654516,10908473,10726024,16489231,16592811,37056469,28364934,28222727,29912130,30038080,26860158,18336025,22784713,186362528,184825085
220,000698,2017-09-11,0.00868306801736618,0.004341534008683201,0.24036566815425325,13880.0,107147.83469311846,826,19639411,17537492,905708,736835,4100584,3396643,3002921,1962136,3184716,3465104,3347444,953682,0,315076,1293091,1802214,3804947,4905802
221,000700,2017-09-11,0.0069637883008357715,-0.0013927576601671099,0.21502861080511843,13032.0,119459.29378717107,1115,29215552,20129877,783792,1143671,3412766,5164379,3496349,4678525,3860758,3964779,2315596,2606982,3468050,1686006,2620682,885535,9257559,0
222,000701,2017-09-11,0.009893455098934467,0.0053272450532724225,0.3586161794826547,13240.0,67002.3804707271,1342,21800335,27822873,1012494,1366264,4739783,7260274,4556881,6378952,4835028,5938429,2443178,2756556,1653418,2430497,1259221,917557,1300332,774344
223,000702,2017-09-11,-0.015400410677618104,-0.011293634496919891,0.21067102274634492,21098.0,396655.6831653655,2143,68819968,73516273,1900567,1403961,14080087,8605667,12291842,8094739,14815094,8326549,7927165,2350709,6181043,2371121,2898046,2663615,8726124,39699912
224,000703,2017-09-11,-0.013373860182370745,-0.009118541033434568,0.35598770535926705,9837.0,84356.2918746523,2142,37375999,40740824,1287831,3616691,4071193,13287795,3880094,8111230,5123173,9622055,5306777,2380119,5193726,664900,3757571,1348144,8755634,1709890
225,000705,2017-09-11,0.012621359223300876,0.007766990291262044,0.2725742886164669,3093.0,33862.88444357828,1428,4833423,11396643,682238,2117795,1975744,4129010,726570,1729652,1165555,736993,283316,206000,0,1374063,0,485130,0,618000
226,000707,2017-09-11,-0.0027210884353741083,-0.0027210884353741083,0.2924408217285946,14660.0,71423.92949212075,631,16150952,10103185,556158,502455,3071408,2512201,3400748,2297600,2836336,2430021,3150750,1086588,731000,366000,1284660,908320,1119892,0
227,000708,2017-09-11,0.025352112676056526,0.011971830985915588,0.31332006984281785,31548.0,250537.6289534123,2058,88341029,85239942,920607,923711,10872183,9499685,10083924,13526598,21595796,14522390,12938289,8760188,5609678,5488030,3119592,4528922,23200960,27990418
228,000709,2017-09-11,0.008474576271186418,0.0021186440677967155,0.07988632577316983,47924.5,390639.9562760863,3514,300036674,245519451,1975237,1471271,15202893,13679787,20200312,18557671,41298103,33974843,31523555,28543369,20205729,20520334,21059482,11019558,148571363,117752618
229,000710,2017-09-11,-0.015297271723702877,-0.017347421542343366,1.3170745123348633,55692.0,356872.0606451088,2321,201653126,141429945,650768,933824,8300673,11695397,11963749,15608182,19486883,23591338,15335794,18162322,17286144,12962387,11036318,10282178,117592797,48194317
230,000711,2017-09-11,0.004169562195969423,-0.0006949270326616075,0.44780431980565844,12978.0,50558.5710443229,1032,15872088,12350879,1088247,678487,4769184,5710032,2753154,2228107,3435320,1457997,2977988,439520,0,312120,848195,412416,0,1112200
231,000712,2017-09-11,-0.002606882168926017,-0.004171011470281427,0.5252555724738852,20977.0,115942.243619507,1333,41292600,35841700,906423,1380105,5505557,6898794,6776196,5802833,8310433,7966121,5571427,5830216,2741352,3076120,2184900,1260298,9296312,3627213
232,000713,2017-09-11,0.014457831325301207,0.016867469879517927,0.2588208569775651,12630.0,57318.979582332606,1028,13317761,19157486,918873,1115065,4449811,4959548,2922426,4294758,2059620,4029017,965158,1955222,1022391,1021895,979482,1781981,0,0
233,000715,2017-09-11,0.010101010101009944,0.0045913682277318735,0.46663728471079813,5490.0,36449.91992771979,544,4844193,5079339,936953,612200,1320907,1973832,1015392,1111286,1094393,1011995,0,0,0,370026,476548,0,0,0
234,000716,2017-09-11,0.0121212121212122,0.00909090909090926,0.18640780504904006,12635.0,120765.32189719277,1254,22188448,28724439,882788,1491989,4163355,5884513,3768319,4811483,3034383,5298746,3734295,2249230,684444,2752445,931665,941697,4989199,5294336
235,000717,2017-09-11,0.09747706422018343,0.06995412844036686,0.14681785944143022,168480.0,1009592.3168080082,3542,577031754,814632422,392092,365337,7537632,8143900,19470899,18673647,51601815,44504004,52777631,50297032,50407531,46581561,42094817,37285356,352749337,608781585
236,000718,2017-09-11,0.0017953321364452268,0.0017953321364452268,0.1277157480883485,2805.0,143915.22807887156,1907,33585290,32337397,1173447,2293306,3081153,4023793,2981352,3173440,2533314,4825772,3357412,5619370,2444281,341549,1284476,1763726,16729855,10296441
237,000719,2017-09-11,0.00273972602739736,0.0009132420091324533,0.3418715295352594,4388.0,58382.52734777892,1026,8158463,8054951,669441,1536845,2058874,1855717,1452321,1268634,1351029,755200,212175,424655,351495,0,888780,0,1174348,2213900
238,000721,2017-09-11,0.010666666666666602,0.005333333333333412,0.23561240694034927,12954.0,87697.91050970512,1013,18854084,18284720,1019350,1100811,3761563,5060238,3034576,4361743,4830363,1709903,2676436,1348864,343068,2077710,0,471611,3188728,2153840
239,000722,2017-09-11,0.0,0.0,0.5200602369268771,12140.0,68191.26704404684,544,10307766,8192659,366191,527997,2248610,2352114,1777519,1800045,2613617,2043877,953120,214701,1742709,0,0,411897,606000,842028
240,000723,2017-09-11,0.013071895424836777,0.0032679738562093608,0.20800118129119893,32095.0,337204.96052460064,1951,148624136,133875984,1208659,971675,8183753,7637704,8651004,9428090,14114941,14325545,8716070,12461874,10548543,8257728,18261882,9947892,78939284,70845476
241,000725,2017-09-11,0.0,0.0,0.06696809590248372,54526.0,518717.47280761326,3551,345056954,289897484,1599539,973063,18218749,13937499,23229482,22031829,41523848,41235899,32970243,34622379,15200652,14142157,13989719,18981343,198324722,143973315
242,000726,2017-09-11,0.026072329688814122,0.026072329688814122,0.2481752319871185,12170.0,79538.7328351008,2297,20786604,48572657,1486320,2357453,7555991,15797057,3916804,6810302,3950355,7407814,975108,1558955,1074810,2739521,0,2603755,1827216,9297800
243,000727,2017-09-11,0.007067137809187329,0.0035335689045936647,0.0674253097461643,4260.0,159745.16446662348,1775,25403019,39087594,1188193,1708901,3589320,5044344,2938149,2982499,3460082,3466771,1997523,2942519,322620,2040983,1685964,2707943,10221168,18193634
244,000728,2017-09-11,0.009776536312849249,0.0006983240223463749,0.2653862622509205,50715.0,228422.09946354607,2913,172186710,201063318,767802,1140992,11705080,14115802,14687256,17762798,33416765,35079532,24536336,25839853,15935181,20672421,16243923,18346708,54894367,68105212
245,000729,2017-09-11,0.001536098310291889,0.0,0.14965913042597812,4571.0,48498.05025626475,1895,16496688,14500902,2233796,2004653,4913847,4494866,3160227,3089318,1345092,1876230,3031432,269276,0,666844,0,456399,1812294,1643316
246,000731,2017-09-11,0.0139049826187716,0.011587485515643037,0.24449235570319958,20796.0,114604.43103438828,1246,27719604,37823822,837024,1286360,5631730,7194294,4821824,6544454,6736665,6237373,2756268,6303304,1990656,3164930,1270881,859931,3674556,6233176
247,000732,2017-09-11,-0.007799442896936015,-0.010027855153203369,0.4480593337424591,15957.0,118288.54607754847,1608,36247315,32812126,1246106,1175405,8119329,7517549,5591345,6206283,5448211,6324372,2377984,3245164,2659626,1705203,1430733,905764,9373981,5732386
248,000733,2017-09-11,0.031026252983293423,0.020883054892601338,0.3722831023435911,33860.0,150786.14060731887,2027,81325752,84013344,1130985,1071669,9864226,9284148,11947295,10935943,15953510,18425566,12271571,11897690,7610683,6694770,3095143,6474427,19452339,19229131
249,000735,2017-09-11,0.013119533527696792,0.008746355685131046,0.19847773754304243,13760.0,141288.931650442,1195,27871221,35743481,1160105,875663,4886569,4506691,3463589,4177189,4496995,5632041,2285663,3020116,3781024,3097564,421799,1301860,7375477,13132357
250,000736,2017-09-11,-0.007549759780370535,-0.0041180507892930596,0.5465690228023952,8703.0,62508.028968835875,710,11841748,4670307,1180987,399582,3158794,2122480,2240054,1255134,2363361,893111,1511368,0,0,0,0,0,1387184,0
251,000737,2017-09-11,-0.0015898251192368873,-0.0015898251192368873,0.16404454660663348,15072.0,131423.9411293796,1474,40160548,30571219,1304662,1063351,7237971,5974571,6205266,4643868,7773616,5444876,4639664,2403930,1241760,1326615,2161486,1341214,9596123,8372794
252,000738,2017-09-11,0.011651469098277634,0.007598784194529085,0.4860807166752683,21681.0,139084.1320430463,1649,53134110,59392058,1264461,1328455,7287594,8145610,6800695,6870784,10985468,12467928,7468253,6070342,4320893,3852185,4958414,5619850,10048332,15036904
253,000739,2017-09-11,0.008379888268156277,0.011173184357541999,0.19125050654588416,7210.0,76257.55369830996,1402,20707804,22697515,871732,1684293,4345892,4728330,2833810,4796146,5320101,4354801,1984948,2502223,1615162,697245,927473,918876,2808686,3015601
254,000750,2017-09-11,0.0016393442622952836,0.004918032786885185,0.14176333284615683,23256.0,144844.0172337612,1855,48102442,54503366,1008196,1644947,5200426,12450907,5271138,14930999,8742204,8718267,3109514,5671638,4193037,2645935,850773,1726438,19727154,6714235
255,000751,2017-09-11,0.05180533751962324,0.02511773940345363,0.11629675327458158,42880.0,292277.2111253778,3009,168927883,203246859,1445325,1376753,13696275,12749283,17295623,19618377,28103528,29794507,16043392,22530440,14370577,16937902,10260079,9196371,67713084,91043226
256,000752,2017-09-11,0.013738250180766354,0.009399855386840184,0.3442357985483969,21150.0,105146.92150613345,1615,46789074,36571584,1344433,1038845,8328729,8103303,7334695,8322827,8086668,8170679,6996456,4975444,2451759,2013174,4076926,1371154,8169408,2576158
257,000753,2017-09-11,0.008528784648187626,0.006396588486140553,0.17762193148236613,8007.0,51550.004130609115,697,7839018,9065402,877024,873734,2636615,2623962,1722200,1010231,2150862,2313798,0,485244,0,1003233,452317,0,0,755200
258,000756,2017-09-11,-0.006230529595015688,-0.004984423676012484,0.5588691607221178,22344.0,90251.08544997576,825,22083398,15557443,494570,575741,5479034,4254614,5110321,2943263,3342797,4786719,1430365,982038,1369817,641000,895790,868468,3960704,505600
259,000757,2017-09-11,0.009681881051175623,0.006915629322268302,0.25651866977141796,9392.5,74021.18198426646,794,8624531,12742866,640187,931007,3012315,3119898,1374139,2488556,1709553,1501191,719805,424241,662432,696939,0,914920,506100,2666114
260,000758,2017-09-11,0.040000000000000036,0.03125,0.14831766814456362,37904.0,308062.3868715654,2915,146345605,196066146,1880217,1597220,13892679,12629134,18484502,18417424,20786769,25595590,16902363,15373471,12576238,13027248,9626696,10339709,52196141,99086350
261,000759,2017-09-11,0.004424778761062065,0.004424778761062065,0.3256560346842884,7264.0,64906.08516276224,770,9847937,10088882,1505392,489729,2355512,2880104,2071513,2372293,755716,1829204,424036,691391,304515,717843,866848,0,1564405,1108318
262,000760,2017-09-11,0.00720906282183309,-0.002059732234809597,0.2803076483229335,19620.0,71762.63973260019,1200,30326414,23838294,932394,1091637,6807732,5409147,7538817,5646199,7035466,5360288,3243004,2917877,2498345,1326737,972000,931454,1298656,1154955
263,000761,2017-09-11,0.045112781954887105,0.03157894736842115,0.1275329501484864,22506.0,296753.6486973898,2731,130404709,138234537,1781943,1508474,13575985,9962820,11910996,10757111,19314400,14459822,9691359,14988518,12066947,14400163,8551101,8199565,53511978,63958064
264,000762,2017-09-11,0.08263157894736839,0.08263157894736839,0.4297307305547497,99911.0,3396408.413990241,1961,837480207,726076032,1405320,2039,10998494,284719,9475565,1444720,17945058,4620380,19950455,7332942,17668920,10667692,16831668,9093222,743204727,692630318
265,000767,2017-09-11,0.005649717514124353,0.005649717514124353,0.12656788873128272,7140.0,107538.26922092318,783,10823016,15362002,465089,1117974,1572575,3066600,2044477,2301590,597264,2422300,699320,2256127,667816,1071424,448392,419840,4328083,2706147
266,000768,2017-09-11,0.0037533512064342744,0.002680965147453085,0.4006000480106257,29696.0,184049.8753194391,2168,86300184,91485804,1088104,1906831,8497787,9024213,16491743,11832995,14638994,16209927,9966868,9706325,6193293,7847625,6850747,4418883,22572648,30539005
267,000777,2017-09-11,0.01648664013644119,0.007390562819783897,0.5117262751475663,15921.0,60565.66258614485,1181,19761579,22434426,972624,1266371,4528422,6723625,3930712,4412827,3648717,6872458,3408482,1220426,1438477,1454144,1326209,484575,507936,0
268,000778,2017-09-11,0.0014925373134329067,-0.0029850746268657025,0.1242595802106531,28982.0,209239.13958656136,2915,136002506,116594266,1265320,1850882,12140419,14654774,15400602,14011888,22153942,18685148,31257591,14681495,11586453,11850176,6678929,6648681,35519250,34211222
269,000779,2017-09-11,0.0033025099075296716,0.0013210039630118242,0.5419177151500266,13671.0,64158.21117071091,780,13166172,10150382,551026,1010849,3735051,3504425,2804730,2437953,2398188,1248263,963884,1477692,0,0,407804,471200,2305489,0
270,000780,2017-09-11,0.007421150278293043,0.005565862708719838,0.19472230212698613,10800.0,80215.61734661745,766,17013435,10229533,787954,412125,2865539,2939596,2773302,1996055,3008451,2872868,1394334,664842,1351562,0,1276652,438207,3555641,905840
271,000782,2017-09-11,0.008639308855291628,0.005399568034557323,0.3700216723131259,8379.0,78631.53483605114,626,11135576,7359967,657730,764529,2108577,2049372,2033261,1520178,1575634,2013535,510000,1012353,370000,0,467433,0,3412941,0
272,000783,2017-09-11,0.0030456852791880262,0.0030456852791880262,0.20919426289411436,15824.0,114517.78332235555,2219,63302575,57983783,1003397,2618099,7899805,9160019,8053349,11676037,18731336,12709704,7602168,4713254,4487116,1995244,4595568,5399131,10929836,9712295
273,000785,2017-09-11,-0.005390835579514919,-0.005390835579514919,0.48085329939257787,8872.0,57907.03152615391,535,8382240,6057270,1014432,494759,1852598,1613077,1309890,1210020,1618220,1505048,518245,268515,664200,965851,853155,0,551500,0
274,000786,2017-09-11,-0.04156626506024108,-0.048795180722891685,0.2915921275795323,80058.0,559311.3351842451,3244,317558481,331282556,643399,1045337,9974386,14556401,18617941,25894176,40171670,46849484,29222434,36379693,25192599,30778371,17788539,18661468,175947513,157117626
275,000788,2017-09-11,0.0009615384615384581,-0.0009615384615384581,0.44968974429311065,10390.0,87377.08191229207,534,10495920,5073063,461365,468182,2203533,1649027,2340709,1684880,1943500,806094,915673,464880,364700,0,0,0,2266440,0
276,000789,2017-09-11,-0.004956629491945641,-0.0074349442379182396,0.2337466118132788,9588.0,149360.11258328203,1192,42329499,17784964,1836368,974184,3856591,4597392,3681823,2927437,4383671,2314131,3403286,2303368,2814263,2077504,802499,884595,21550998,1706353
277,000790,2017-09-11,0.016064257028112205,0.0,0.37955070521770895,11655.0,75098.44581730715,688,15797091,9009093,745330,613225,3515505,2695128,2035041,1730387,3182797,1695914,4083058,1013971,779380,0,0,0,1455980,1260468
278,000791,2017-09-11,0.00969696969696976,0.0072727272727273196,0.2201846459392664,16540.0,108938.95984104808,1404,27187650,40126703,1326108,1411933,5020492,7324166,5077099,7888467,3720458,6236100,3072375,5080618,1312413,1729585,1842480,4415760,5816225,6040074
279,000792,2017-09-11,0.06666666666666665,0.06666666666666665,0.29685721508833485,86324.0,3193297.549051763,1982,983724983,682735860,1678116,43070,9873461,930232,12520456,2115643,17365811,6161846,19029034,7198989,16072055,7927400,14230371,7920042,892955679,650438638
280,000793,2017-09-11,0.003780718336483746,-0.000945179584120992,0.2767149521417208,10560.0,144317.9431655069,1464,30958115,23293586,792970,1343152,6665961,3874030,8243008,2966226,7876072,3682254,2618959,2593436,1380783,638019,460080,1260367,2920282,6936102
281,000795,2017-09-11,0.028535980148883144,0.017369727047146233,0.13910083957313987,71645.0,302069.40391096775,3367,260991202,274393547,1094736,965304,14399090,12085825,22017807,23277736,42932649,42132683,32809937,37137429,21806540,24837164,19684316,25883871,106246127,108073535
282,000796,2017-09-11,-0.0030284675953967666,-0.02241066020593585,0.31731072615569644,35552.0,231345.7022634624,2713,152458318,123870854,1566384,1601431,12233002,11165030,15437724,14856877,23157683,18977545,22872609,15365972,14559295,10538788,7889786,6128924,54741835,45236287
283,000797,2017-09-11,0.007319304666056681,0.007319304666056681,0.4217585145318644,16485.0,101134.51781832262,671,18995083,15390819,452225,533501,3038310,3038382,2675544,1937474,4215829,2877532,4219769,1845050,329100,1111503,415763,2588367,3648543,1459010
284,000798,2017-09-11,0.007179487179487243,0.009230769230769154,0.2946453247418941,11616.0,56798.3426431327,1095,19523848,15219317,1407825,1212372,4442295,4487731,4962726,2845132,3847341,3288222,3287815,913104,0,2018036,467051,454720,1108795,0
285,000799,2017-09-11,0.025910931174089047,0.021052631578947434,0.4769200827731345,35350.0,203920.69583878358,2684,120948809,138946695,1050244,1332337,9972814,13119413,13439789,15024869,23741327,25567698,18032460,19000082,10313802,11345776,7123944,7897740,37274429,45658780
286,000800,2017-09-11,0.0008795074758136678,-0.006156552330694676,0.24140544871764794,40005.0,230662.34334347936,2221,124268346,100981265,873305,1021884,11878302,9206017,12969790,12473487,20451662,19464074,15434735,9332584,14154657,9437831,5807562,8512840,42698333,31532548
287,000801,2017-09-11,0.0036496350364962904,0.0024330900243307862,0.23195812376236838,10686.0,172688.15830844626,1256,30204055,23255963,1679123,1140939,7292453,4007592,3878770,3278633,3292374,3741240,2730923,1298649,2075674,326304,1787492,480285,7467246,8982321
288,000802,2017-09-11,0.010613207547169878,0.01297169811320753,0.3759598768162977,23898.0,139525.97791211025,2035,58523315,70220246,1286685,1379760,9803264,10862532,11307332,10474924,12570557,13625808,6400637,7769735,4690704,5759718,2301482,3184073,10162654,17163696
289,000807,2017-09-11,0.1164437450826119,0.059008654602675126,0.21986206620907955,120520.0,781287.1573082687,3353,459248463,620001833,811785,571874,10375687,8579817,17343615,17236708,43574309,39133940,38097346,34653669,36807129,31927582,32583797,26436117,279654795,461462126
290,000809,2017-09-11,0.0,0.0,0.21578313519879855,16239.0,90000.04791260892,355,8439955,7411918,240403,285114,1440947,2003546,1042212,1319820,1517349,1894527,1014995,749775,324799,727716,1235252,431420,1623998,0
291,000810,2017-09-11,-0.0027573529411766273,-0.0018382352941177516,0.4030382467858073,8704.0,53232.95405671555,728,8691931,7634840,516679,831730,2817757,3206791,1684758,1861478,1401758,625103,903578,1109738,326886,0,0,0,1040515,0
292,000811,2017-09-11,0.0029940119760480943,-0.0059880239520956335,0.36377949911989566,10000.0,114782.72387754204,758,20451807,11448964,747035,886564,2949804,2993030,3674926,1980246,3354657,1881354,2749212,1455756,319360,1085515,1872928,0,4783885,1166499
293,000812,2017-09-11,0.0034403669724769603,0.002293577981651307,0.3377089029904526,10452.0,47376.22246092349,666,10238019,9339004,645935,801171,2548766,2942448,3044308,2396074,1972728,1941771,1041059,916290,985223,341250,0,0,0,0
294,000813,2017-09-11,0.0,-0.0035714285714286698,0.2908469788959989,7532.0,57656.8218757474,834,10143793,7003286,574876,1878423,2028175,2970182,1372533,1165476,1488437,506896,1708540,482309,395372,0,416000,0,2159860,0
295,000815,2017-09-11,0.06666666666666665,0.05933333333333346,0.3186231331738464,25712.0,239255.16401545898,2223,71631904,111215367,965556,2041070,8479053,11741611,7948945,11184877,14392064,19917676,5699719,11635579,6188278,9566466,4490684,7182002,23467605,37946086
296,000816,2017-09-11,-0.002873563218390718,-0.004310344827586188,0.22590152886220602,10380.0,115958.33988265981,949,29130668,18564007,819614,694712,3818199,2552530,4972723,2260086,4690424,2483570,5250148,1117192,4865454,1401246,2240803,2553289,2473303,5501382
297,000818,2017-09-11,0.028448275862068995,0.030172413793103425,0.30542171493857573,23920.0,197690.65312977353,1443,47698236,65797485,787890,1025176,6589485,6132835,6922782,5353113,11704743,11427902,5317228,6195463,3489866,6642718,2170852,3138175,10715390,25882103
298,000819,2017-09-11,-0.008161044613710478,-0.008705114254624613,0.6125380226041502,18210.0,66596.42207475702,900,19307145,14220746,684798,663793,4733777,4888631,4557861,2326442,3923338,2677825,2208732,1312949,1087163,1316057,872489,443213,1238987,591836
299,000821,2017-09-11,0.014832162373145996,0.011709601873536313,0.370651632853679,15468.0,96411.18755443137,1195,34358860,25675478,809282,930935,3717905,4547448,8305003,3989023,10534465,5898805,2533973,1415063,1993644,2587584,1758020,416000,4706568,5890620
300,000822,2017-09-11,-0.004862236628849326,-0.02917341977309562,0.22449682168717067,42087.5,350093.5558054844,3030,216821276,156568553,1415311,1256912,13957871,13695281,17169460,19672951,29353715,27101069,18508200,22000255,19263746,14299067,7127806,5807135,110025167,52735883
301,000823,2017-09-11,0.01459346768589298,0.015288394718554477,0.3195433991070821,19032.0,156881.0955572131,2029,62013483,86347189,859506,1890195,5611104,9523152,7233266,9744960,12888847,16283010,11616107,12901221,4806049,7260269,5992455,5033992,13006149,23710390
302,000825,2017-09-11,0.00917431192660545,-0.011009174311926717,0.09380414839889568,98460.0,502099.0397676074,3396,344794177,319034755,552012,1160923,7804203,13036970,24891255,17837639,64379081,55388220,37768328,29620792,23278761,20100911,17884374,19096671,168236163,162792629
303,000826,2017-09-11,0.005172413793103514,-0.005747126436781436,0.7959854604800057,27904.0,192195.0792104274,1911,83462470,57123272,1156544,854319,13750141,7622833,11221700,6889437,15512447,10596151,7956318,5503245,8436785,3863700,2191964,1733962,23236571,20059625
304,000828,2017-09-11,0.0,-0.0007961783439490722,0.5180279443022484,13772.0,65664.01922772946,587,10876313,11048496,280079,642198,2097865,2929819,2083729,2877046,3176388,2439945,1470654,738652,1108520,795336,0,0,659078,625500
305,000829,2017-09-11,-0.005504587155963359,-0.006422018348623881,0.27815489076160066,16260.0,52574.697194303844,1536,34080762,18348330,1495381,996704,10610197,5378306,7225635,4015558,8927784,4509120,3350789,1311228,2012684,1012738,458292,0,0,1124676
306,000830,2017-09-11,0.008316008316008316,0.005197505197505281,0.1796902496142128,28859.0,188721.55012673035,2871,115032232,119989508,1857439,2155591,12202880,13678935,12953853,18091660,19811322,21681099,14079782,13989299,9725771,10778477,11522011,6047397,32879174,33567050
307,000831,2017-09-11,0.09250506414584736,0.0796758946657663,0.2634172148541401,70444.0,1005805.3284929269,3173,486762145,411480158,875893,1124208,12901987,11070438,21517761,19844855,35974710,31866941,26439756,24425497,22128257,19996731,16442725,16441633,350481056,286709855
308,000833,2017-09-11,0.036945812807881895,0.024630541871921263,0.20092143344463795,16580.0,83737.67808026052,1634,29731465,41375031,1745875,1288371,6900551,8172209,5137526,7622547,7831699,9537235,3095655,5962843,1381828,3470105,907349,2314053,2730982,3007668
309,000835,2017-09-11,0.02051282051282044,0.01846153846153853,0.24315706815046,17928.0,92976.08553894637,1608,27548796,43853032,1702120,1806352,8440137,7621237,4901445,8117422,4993745,8224900,1603016,5660315,2026648,3437500,1825615,1795297,2056070,7190009
310,000837,2017-09-11,0.013071895424836555,0.005228758169934622,0.1691329809334735,2301.0,55449.171313906925,2047,14783329,23911951,653016,2766238,2625528,7075243,2001789,5120177,2309682,4518240,1913441,1072743,2777127,1822390,0,0,2502746,1536920
311,000839,2017-09-11,0.008733624454148492,0.013973799126637543,0.19415888962034325,144018.0,1003696.4603425205,3483,676392699,809033447,429739,473602,9005557,9466041,16475698,19597906,39786055,48310711,40617408,44913013,36701730,40264730,29817676,42995432,503558836,603012012
312,000848,2017-09-11,-0.007423117709438043,-0.008483563096500557,0.24799310914828415,18700.0,140050.38190755516,1446,47873972,30408874,953651,1702791,7706840,7547411,6679025,4543675,7049499,4730788,2924058,2251400,1449326,1353753,4942292,1786817,16169281,6492239
313,000850,2017-09-11,0.0036900369003691758,-0.0018450184501844769,0.21449812106910923,8942.0,72027.74919390623,638,11472307,8843210,482573,599204,2126116,2341779,1552488,1987572,3275928,1403867,1929653,1129316,628278,694400,492851,0,984420,687072
314,000851,2017-09-11,0.014532243415077195,0.0072661217075387086,0.269471488088994,22160.0,159848.3611648848,1670,62092234,51461987,1068710,951325,7525197,6959052,8471418,6582120,12395430,9738611,7020378,6143159,5316210,5558355,4884916,4534859,15409975,10994506
315,000852,2017-09-11,0.007719298245614015,0.004912280701754312,0.27315117674765027,35575.0,123191.41723214525,2723,103635875,100058897,1503470,1228616,14183439,14306514,19214690,16452269,27985009,24712748,14520424,14265212,7050007,10015008,5509110,5843861,13669726,13234669
316,000856,2017-09-11,0.007760141093474449,0.007054673721340388,0.5838035998423973,28510.0,120403.45144394213,2358,72369689,73227320,1172707,1698761,10991485,15179518,14512308,13874449,13835002,14743168,6729881,8394465,7450312,4292681,3924877,3454356,13753117,11589922
317,000858,2017-09-11,0.025009693679720835,0.02287708414113987,0.8666238509307089,211844.0,892814.7923611089,3543,774704855,1034537620,132589,99479,5703236,5435618,19118385,18667811,47217432,43918230,47021544,45293143,39647978,39531359,39871711,36091054,575991980,845500926
318,000859,2017-09-11,0.009469696969697017,0.0037878787878786735,0.14818996912334337,15312.0,86238.93668048654,1271,33703175,20442971,1120947,680941,6799364,4629347,5574224,4695309,7151079,3451991,4210381,2030661,1715333,2359865,1418697,401573,5713150,2193284
319,000860,2017-09-11,0.008633824276282231,0.006602336211274817,0.50197683485134,7931.0,91404.05362723845,1538,21961928,27757927,960491,2548622,4009522,7328219,4199186,4416896,3143514,4503647,1197636,3840080,2184586,1129827,1286179,846092,4980814,3144544
320,000861,2017-09-11,0.010695187165775222,0.008021390374331583,0.13414027635892417,6434.5,64119.34352065948,778,9461280,10772127,669130,779755,2515133,2347282,1960416,1559840,1555330,2380508,1232396,946923,337500,681142,435375,1381212,756000,695465
321,000863,2017-09-11,0.001386962552011095,0.001386962552011095,0.3050365156127969,9386.0,50184.387652453275,558,7795440,5310456,607751,521461,2247855,2292756,1537592,1342223,732060,501816,1323782,217200,723600,0,0,435000,622800,0
322,000868,2017-09-11,0.0,0.0,0.2121232802135389,6816.0,859797.2830911223,716,51157116,0,1460333,0,5530048,0,2168629,0,1967552,0,1763072,0,0,0,446448,0,37821034,0
323,000869,2017-09-11,-0.002263083451202186,-0.001980198019801982,1.2452747037367602,17570.0,67756.59643303255,805,18512091,12543914,459188,654231,3739947,5115111,3749658,2652091,3568699,2293069,2461557,1829412,1416499,0,1296572,0,1819971,0
324,000875,2017-09-11,0.005964214711729587,0.001988071570576455,0.18009482490234832,9847.0,74758.21847635375,780,14940029,10429182,560093,774117,2347496,2913564,2416852,1795775,2997970,1911870,2713374,637051,728252,303000,1362108,902176,1813884,1191629
325,000876,2017-09-11,-0.001322751322751281,-0.001322751322751281,0.16516276724830908,7540.0,155169.56222498865,2097,37398848,39841925,935765,2544920,4427261,9674063,3339531,8467130,4155563,5354132,4134551,3184267,2879632,2436881,1380708,2658969,16145837,5521563
326,000877,2017-09-11,-0.021374045801526687,-0.021374045801526687,0.2544880465409771,28402.0,327860.17977798166,2651,123316456,120975058,961603,1757672,10944967,13417378,14944460,15049086,20969606,20795053,14446027,12978577,9441247,10397656,7421832,6767162,44186714,39812474
327,000878,2017-09-11,0.041582830315224584,0.026156941649899457,0.276042784941563,41094.0,587330.8579154267,2922,165341674,299228641,713647,1487287,9812880,19023946,13472369,19855280,18536126,28072041,15402690,19289955,15483155,17478272,11889790,12954203,80031017,181067657
328,000880,2017-09-11,0.009649122807017463,0.007017543859649145,0.4431973972516841,5740.0,34076.49557055303,661,3572962,5046316,427596,1598999,1154136,1374473,520569,372284,861399,487521,294480,521839,314782,691200,0,0,0,0
329,000881,2017-09-11,0.003019323671497709,0.0036231884057973396,0.5552053364001066,14895.0,94137.2879641054,889,19828953,15474267,655869,1101456,2750300,4758906,3394463,3124701,2994181,3289121,992433,930143,1827032,691390,2322402,898771,4892273,679779
330,000882,2017-09-11,0.005464480874316946,0.002732240437158362,0.1265082153556398,10980.0,89359.66274111994,838,17242938,14290487,556239,814351,3776431,3122067,2422265,1672292,3504282,2699580,1153000,1185952,1783362,1744343,452878,492514,3594481,2559388
331,000883,2017-09-11,-0.0019493177387913674,-0.0038986354775827348,0.12120783244381302,5100.0,68965.59157359763,1795,27492987,20399024,1587788,727608,7790194,3359815,5624587,3004823,3702038,4429226,4204044,2394120,1262752,1760955,839406,1248373,2482178,3474104
332,000885,2017-09-11,-0.012613521695257313,-0.011099899091826404,0.4306642328590384,23495.0,94259.91123548517,2118,66939317,46642256,1449650,2015336,10089177,10884806,12121442,12065225,13805369,12822551,9310118,4358821,4209559,1088435,4910512,2118319,11043490,1288763
333,000886,2017-09-11,0.01941747572815533,0.024271844660194164,0.16414783591670942,12600.0,165776.21692122394,1419,40996475,53700452,1460770,810625,5924996,4279011,4400397,4614510,7232908,7764127,5028983,4467750,5678651,6354488,1431798,2734961,9837972,22674980
334,000887,2017-09-11,0.026732673267326756,0.017821782178217838,0.40347417396163726,39054.5,258535.6940111875,2508,147427034,143070958,1259182,726772,12243410,10308186,14116953,12802793,20390622,20366721,16341607,18023571,9303182,9866035,12537942,10313082,61234136,60663798
335,000888,2017-09-11,-0.010101010101010166,-0.013468013468013518,0.27897994885630945,11860.0,93357.73990244616,1814,43062400,31516772,507837,2110014,6494715,12664830,6435839,5632452,9399601,5998939,5219917,1973672,4495617,1728311,4037578,882602,6471296,525952
336,000890,2017-09-11,0.0,-0.002484472049689601,0.3083383879982604,8029.0,59107.383201713776,681,8980779,8787295,679450,800025,2470042,2434130,1934302,1960389,1329713,1572895,676361,258565,336928,685006,901999,431480,651984,644805
337,000892,2017-09-11,0.009732360097323589,0.008515815085157863,0.2630793488943341,11571.0,64201.861759880594,976,16042656,17531163,1306753,830423,5292345,2923905,3042351,3082632,2654532,5790588,1459605,1961156,970133,0,1316937,1280665,0,1661794
338,000893,2017-09-11,0.014672686230248422,0.015801354401805856,0.27809591329160627,14352.0,47058.91239431644,1015,16969257,13426532,1051287,1058374,5070003,5442797,3988135,3484063,3586456,1615725,2754346,1020598,0,342900,0,462075,519030,0
339,000895,2017-09-11,-0.0070360598065083435,-0.004837291116974507,0.41290395207073755,42968.5,122770.77050638085,3064,132804603,105525337,642972,857777,18311110,18135296,23711990,20822085,27437204,25904474,26308325,16095901,9535479,7329704,6183035,6624736,20674488,9755364
340,000897,2017-09-11,0.002262443438914019,-0.002262443438914019,0.14169454360494185,7104.0,76127.38305804497,974,15887780,11962113,1046835,1022123,3107343,4172786,2610063,2081618,2403087,1928986,1435032,1021880,1342400,725720,0,459680,3943020,549320
341,000898,2017-09-11,0.025034770514603677,0.006954102920723182,0.14562994999272935,25740.0,199589.89682686212,2445,111874695,102109499,1531352,1366698,9144615,9694074,13115671,9370380,19817235,23314216,15067277,16853442,11476512,8664647,7969539,7603178,33752494,25242864
342,000899,2017-09-11,0.0013458950201885589,-0.0013458950201884479,0.3652140953093791,10416.0,53440.94902283254,413,8134928,2774734,562562,320029,2472175,1108294,2037108,645707,1228863,324316,523716,0,660512,376388,0,0,649992,0
343,000900,2017-09-11,-0.0048000000000000265,-0.0015999999999999348,0.16297619988721865,5616.0,92340.54502963457,1472,30244050,11801825,2060871,1246879,4458942,2714812,4828223,1258176,4477327,1070820,4636146,1459810,2658057,1255502,2552336,426306,4572148,2369520
344,000901,2017-09-11,0.009122807017543977,0.009122807017543977,0.8046735499815061,25771.5,101130.78494772562,1254,34068821,36339947,624994,1002242,4873167,7650601,5618050,7640625,7269813,7350485,5053836,3862758,2656084,2575555,2499193,0,5473684,6257681
345,000902,2017-09-11,0.023404255319148914,0.023404255319148914,0.2356335268580667,9590.0,80859.727107011,1592,19027700,42559688,1133147,2935754,3763967,6520967,3379531,11372255,4099863,9627472,1455161,5048292,315182,1272620,2400278,2278547,2480571,3503781
346,000903,2017-09-11,0.004901960784313708,0.002450980392156854,0.10399860825185604,8160.0,253009.8609327533,1545,44236398,26800017,903413,2390917,3826280,6139877,6724645,3937781,3943822,4509824,1318305,2565517,0,995466,1780235,0,25739698,6260635
347,000905,2017-09-11,0.0068728522336769515,0.0,0.32791396497068104,19097.0,97951.48116488049,1969,54410491,37702087,1249272,1324226,10848715,11472763,10390080,7613564,9806817,8844652,3818742,3738855,3547232,1415386,3151560,2697607,11598073,595034
348,000906,2017-09-11,0.015991471215351716,0.01705756929637503,0.30253059442493707,11340.0,58554.72877533186,961,14515336,15643582,1061122,777720,4549213,4541682,2619960,3021551,2329873,4697578,1864368,1465985,678100,1139066,0,0,1412700,0
349,000908,2017-09-11,0.0013210039630118242,-0.0013210039630119352,0.28720767900294136,7550.0,39589.17735888691,694,6778361,7512627,642423,939719,1956466,2930188,1879757,1459963,999688,653567,973659,1529190,326368,0,0,0,0,0
350,000909,2017-09-11,0.02399380804953566,0.017027863777089758,0.36644878214392507,15947.0,60554.437230473755,1243,21146629,24112591,842789,777296,7297383,6195513,4459579,5241711,5299615,6668370,1483763,2472070,793600,1361456,0,823775,969900,572400
351,000910,2017-09-11,-0.014425314099581144,-0.012563983248022326,0.5487532290916662,12800.5,61677.33529343221,1536,36863574,10696743,1907013,1013676,9145356,4584360,11900812,2855358,4117015,1888939,1988390,0,2059106,354410,1764483,0,3981399,0
352,000911,2017-09-11,0.01183431952662728,0.01014370245139462,0.3569240211892927,13117.5,79597.24083372786,1098,20689953,21636959,837183,1013167,5311794,5406622,2808351,4885760,4275556,4208121,2311757,1229774,1690150,1396105,0,866124,3455162,2631286
353,000912,2017-09-11,0.0044296788482836025,0.0033222591362127574,0.22496274802263197,12670.0,62325.2389939843,1612,29111347,19914937,1786191,1694749,7583639,6781012,6831729,4424467,4426943,3578456,3434566,752352,1290880,1000622,1388449,0,2368950,1683279
354,000913,2017-09-11,0.025507246376811565,0.001159420289855051,0.7875087467966728,10362.0,30800.57458732309,479,4333175,5857619,412591,485222,2195741,2316261,726294,1892290,998549,937871,0,225975,0,0,0,0,0,0
355,000915,2017-09-11,0.01612412534225749,0.006997261940979715,0.7932746226601787,36135.0,182619.1427812371,1717,83810720,81407336,1060006,859671,8630782,8332428,9592583,8997927,14976056,12121141,9164369,11621936,7632874,10310725,4889284,4509973,27864766,24653535
356,000917,2017-09-11,0.009099181073703333,0.010009099181073733,0.23987767574271662,16470.0,168423.68943218075,2100,60218687,62906848,1226679,1566995,9550795,9233018,5934778,6098267,12286593,13068644,7398812,4533373,4774551,5898845,4437874,3642916,14608605,18864790
357,000918,2017-09-11,0.0013812154696133394,0.0027624309392264568,0.2455471025230635,13775.0,105702.30170248052,869,21062175,18588492,759194,822533,4131361,3341910,2867081,2576456,4278338,2764004,1844091,1571857,2499615,1776934,1278706,1373225,3403789,4361573
358,000919,2017-09-11,0.0037037037037035425,0.002777777777777768,0.29202104098368153,10790.0,78872.13745398451,1368,22913527,15553957,1987067,671637,6365221,4076070,4246917,3313636,3808973,2076479,2290327,884265,319663,1044664,1286103,0,2609256,3487206
359,000920,2017-09-11,0.015424164524421524,0.010282776349614275,0.4041721614015738,16310.0,97007.09795800323,833,19888537,17212280,795081,410686,4322490,3347972,4008011,3063016,4666655,4125462,2878096,2183943,2453164,1052033,0,416060,765040,2613108
360,000921,2017-09-11,0.012232415902140747,0.006880733944954143,0.2934016585341169,19090.5,108467.28805830496,1988,50967858,69904354,915192,1457572,6508321,9407875,6303306,9396403,16028195,21531051,8101509,7660667,2903029,6445783,3608058,5014075,6600248,8990928
361,000922,2017-09-11,-0.010404624277456587,0.0,0.3072799926317996,12967.5,64302.50388188438,792,19139884,8868069,870795,675536,4339214,2993618,3702496,2574056,4522665,2023384,2200559,259800,732224,341675,932470,0,1839461,0
362,000923,2017-09-11,-0.007560137457044758,-0.015463917525773252,0.6603400554549886,23184.0,156459.23273811204,1945,68644805,53445482,1334852,1206916,10475131,9875196,10615514,8547546,10409071,10093614,6467516,6291906,4712972,2347872,2137426,3917785,22492323,11164647
363,000925,2017-09-11,-0.010781671159029615,-0.008625336927223781,0.7500725487093661,18650.0,123876.19707002083,611,22619301,15464419,431764,454819,2727026,3117428,2986559,2831849,3772200,3338040,2387240,1409094,2133314,1753329,1346651,1340770,6834547,1219090
364,000926,2017-09-11,-0.0031872509960160222,-0.0007968127490041166,0.26999560218428686,13909.5,91036.78006223889,2162,50054145,43434974,1239530,2607896,9084971,9728707,8242774,9243074,11302324,11085475,6516644,3111778,2923998,1429100,1421706,1354401,9322198,4874543
365,000928,2017-09-11,0.004514672686230403,0.0,0.21156703474277921,17680.0,180775.54487344078,1755,52568007,38647942,1297743,1786937,7624208,8317188,9548517,6803493,6849777,5600180,6763698,5976123,2002760,2477087,4812617,2587079,13668687,5099855
366,000929,2017-09-11,0.016986706056129952,0.010339734121122657,0.5320328655874036,9555.0,43237.79470229129,647,8307762,6831042,501792,642088,2304177,3386133,1215616,1418003,1985534,981521,1538549,403297,307586,0,454508,0,0,0
367,000930,2017-09-11,0.010391686650679466,0.004796163069544335,0.2489950683848822,27786.0,168623.4586943131,2525,96484585,103127876,1091873,1389715,11995275,12123741,13608145,13116929,20013044,21654725,12900111,13479484,9751631,7462518,2217085,6290268,24907421,27610496
368,000931,2017-09-11,0.001310615989515096,-0.002621231979030081,0.2434722648731676,11400.0,86126.81856101543,982,19100115,12880939,883599,1027920,4275984,4207759,2754540,2423996,3011803,2094753,1296328,710832,1443878,672565,1845075,898404,3588908,844710
369,000932,2017-09-11,0.014460511679643906,0.0033370411568409697,0.17576179198394346,32522.0,417276.8522181288,2627,216015508,175463904,1990053,1182679,12425566,7763089,13426428,11691183,20169545,22899172,18502526,16494210,10676793,11874043,10075148,12153237,128749449,91406291
370,000933,2017-09-11,0.08956386292834884,0.025700934579439227,0.22501097399720213,110500.0,640746.626119524,3267,419517308,468826063,561522,658192,7535087,8869334,21137547,15613012,50299935,45704894,33693580,42299121,27324760,29551782,23746545,28029952,255218332,298099776
371,000936,2017-09-11,0.0027247956403271267,0.0,0.21528535987332822,9529.0,81417.15935124246,1163,23681348,14615498,1751847,1003557,3884982,3722594,6236798,3478820,5730187,3462967,1842094,869956,367500,308484,0,480572,3867940,1288548
372,000937,2017-09-11,0.03038674033149169,0.0027624309392264568,0.14403349977348784,26769.5,236127.4335889311,2532,111985812,105906421,1293558,1535084,11579175,12778735,13505175,11516430,15360311,16230617,9285989,13431559,6266456,5554149,6234877,9434695,48460271,35425152
373,000938,2017-09-11,0.004460456338994723,0.0012008920912678356,1.568702631147645,23360.0,93097.71816252921,1380,36685290,39321416,578141,825909,7689344,7717718,8249600,7156903,6709866,8059044,5846929,4859973,2753337,2376549,1738174,4077466,3119899,4247854
374,000939,2017-09-11,0.01872659176029967,0.02621722846441954,0.12132663599808882,13662.5,173018.45364706294,1942,48523309,64383751,1913839,1148267,7538334,5951184,8751985,6500105,12649430,13192925,3331665,7841457,2401514,4685739,3421687,2656840,8514855,22407234
375,000948,2017-09-11,0.003236245954692629,-0.0008090614886731018,0.4374114576319338,9912.0,69925.33633891995,798,13899750,7522472,873210,782853,3481263,3087569,1702181,1587964,2044268,1227758,2474484,506138,311240,330190,457814,0,2555290,0
376,000949,2017-09-11,0.0,-0.0021645021645021467,0.1441123321494208,15114.0,125057.01291397278,1029,32152618,15070536,905542,931381,5383034,3965192,8068024,2204043,4688725,2815609,4864481,1631773,1060785,321778,939668,827975,6242359,2372785
377,000951,2017-09-11,0.014789533560864765,0.013651877133106005,0.4339558333191186,17480.0,64601.128862567675,1643,29238118,35179541,1351283,831143,7029087,7559462,9807075,7514545,6931643,9727628,1814187,3158352,952859,3464249,827284,880310,524700,2043852
378,000952,2017-09-11,0.004294478527607337,0.006748466257668673,0.5146339214709524,16400.0,129035.37008508453,1003,27022385,24871404,985632,754427,5402032,4715765,4445475,4668717,4214931,5122247,2248231,1666571,1090939,1421623,1361525,1339219,7273620,5182835
379,000955,2017-09-11,-0.001506024096385561,-0.0030120481927710108,0.2659132960067528,17793.0,116267.1768178245,623,21193084,13059032,632226,313288,2823401,3173916,2788485,1303649,3457644,4009611,2282498,1736802,1023549,2038976,0,482790,8185281,0
380,000957,2017-09-11,-0.006504065040650375,-0.006504065040650375,0.24248073745869544,30675.0,346411.4236933134,2584,164799006,122055774,1214199,1616707,10163792,12427302,11683099,12517425,21852359,18211970,18071338,15847520,9373481,12678952,11341420,10868205,81099318,37887693
381,000958,2017-09-11,0.01538461538461533,0.0064102564102563875,0.15051558479673938,28651.0,281716.46526915976,2690,141173893,123670677,1933160,1576753,11753159,12007121,13854822,14878239,19929874,26203749,13099216,14919794,8067811,8199531,8842794,10485054,63693057,35400436
382,000959,2017-09-11,-0.0027285129604366354,-0.006821282401091366,0.15240423202964862,9451.0,76140.54711580378,2320,34151639,35205542,2027205,2546927,8064060,10336270,6318359,8159436,6041650,5838293,2564042,1929552,1755281,1830550,469152,431158,6911890,4133356
383,000960,2017-09-11,0.029605263157894912,0.013157894736842257,0.2901877088659469,43204.0,289213.2423930067,2747,141746612,201177164,1215642,1376147,11251083,12524203,13410628,17436667,24261296,26323797,18964199,20307071,16322082,16889680,8483594,14193989,47838088,92125610
384,000961,2017-09-11,0.011075949367088445,0.0015822784810126667,0.13450146246287653,23040.0,168765.9154020182,2213,61191626,79341713,1484597,1267029,7744735,11274079,9866477,17168909,11968781,13223871,6559022,7800638,4158550,5766790,1788486,2544571,17620978,20295826
385,000962,2017-09-11,0.03592233009708723,0.01844660194174752,0.24470136229579517,21735.0,120547.67444765232,1773,46262490,57938414,811396,1262225,7143643,10312382,6580738,9778382,10409097,11884329,9036581,7008984,4135518,3838589,2243821,3057527,5901696,10795996
386,000963,2017-09-11,0.009303331890956335,0.009303331890956335,1.0565144230176693,23302.5,151440.18755212906,1914,89173330,45721219,2112119,1531649,9707386,5334191,15336202,6573727,20401003,9951997,11198115,5117040,7959317,3159544,6487072,3933131,15972116,10119940
387,000965,2017-09-11,-0.006605019815059565,-0.003963011889035695,0.20083743016303782,15040.0,127326.39041328212,1421,41102435,27301555,1497817,1413080,7667146,5531983,7311898,3771969,7628028,3618351,3783057,3350316,3908737,1668250,1305413,1723704,8000339,6223902
388,000966,2017-09-11,-0.002008032128514192,-0.004016064257028162,0.14071808747600556,9940.0,110369.46537355341,1254,26261860,18251340,1110572,1432517,6029143,5001900,3290443,3513606,3163119,2336551,1151052,1877101,2039875,0,2355931,916588,7121725,3173077
389,000967,2017-09-11,-0.004081632653061273,-0.003061224489796066,0.2570267669909888,6811.0,42188.963984497066,1454,17981233,10297971,4947409,1318132,4142014,2758777,2593010,1875655,3207276,2423075,1151492,803755,1322215,672485,0,446092,617817,0
390,000968,2017-09-11,-0.01882985877605914,-0.015467383994619999,0.4459266658605434,14700.0,82567.26879208836,1112,27652926,15656766,863183,849802,6968439,4480847,5438861,3224822,3850078,3981283,2851807,1680824,701662,395550,450604,0,6528292,1043638
