,code,date,pchange_whole,pchange,change_std,amount_median,amount_std,length,sumsell,sumbuy,sell_vol_0,buy_vol_0,sell_vol_1,buy_vol_1,sell_vol_2,buy_vol_2,sell_vol_3,buy_vol_3,sell_vol_4,buy_vol_4,sell_vol_5,buy_vol_5,sell_vol_6,buy_vol_6,sell_vol_7,buy_vol_7
0,000001,2017-11-29,0.00655498907501828,0.004369992716678706,0.23277756654893914,162278.0,941428.8530525027,3484,696592733,814410184,421259,296448,8462426,7488255,17143392,23290088,45852661,48734217,44192125,47197749,27492356,40091965,34495347,38351062,518533167,608960400
1,000002,2017-11-29,0.09876543209876543,0.04580896686159841,0.5173373846526302,208000.0,815469.4824543908,3545,610222855,884534356,283602,414769,6238117,7002261,15685374,15396801,40655624,47080270,45203752,40445350,48172177,63804957,48052614,48813802,405931595,661576146
2,000004,2017-11-29,-0.035889686437476365,-0.03475632791839811,0.6898406309626967,17762.5,73377.10611377317,1476,36931405,24052886,842543,994999,7806436,6436830,8857895,4841413,8940035,4235598,4263938,4443047,980553,1780721,414756,1320278,4825249,0
3,000005,2017-11-29,0.0023640661938533203,-0.0023640661938535423,0.1809720592583422,4200.0,38385.45929357601,546,4942131,2932654,597726,494982,1993611,913701,828777,469206,177092,665340,253442,0,672483,389425,419000,0,0,0
4,000008,2017-11-29,0.0060240963855420215,-0.008433734939759074,0.2890818657325946,5761.0,73055.40430462568,824,12469739,6488043,1246995,709558,3101641,1661400,1955034,758862,1758196,622966,263862,244134,330800,395587,943699,815576,2869512,1279960
5,000009,2017-11-29,0.014454664914586024,0.010512483574244502,0.16934892146294914,15380.0,105773.22147423998,2022,46211935,57097247,1959625,1483719,10773340,7953043,7445556,9733226,11727122,8590211,4652568,6577383,4549419,6953876,1726802,3537157,3377503,12268632
6,000010,2017-11-29,0.0,0.003824091778202643,0.13797288025930365,8336.0,53398.158001802476,1439,20068511,15939550,1145154,1596930,5051046,4985886,4656718,3592371,4011230,3203697,2274014,876233,962093,698809,0,461100,1968256,524524
7,000011,2017-11-29,0.020820939916716297,0.0005948839976206433,0.5244214370481661,15084.0,37159.62216325859,1027,14687034,11777724,870532,888358,5772049,4554728,3380682,3495628,3154000,1859894,1176771,979116,333000,0,0,0,0,0
8,000012,2017-11-29,0.020540540540540553,0.024864864864864833,0.16437437046420467,63920.0,489961.69765735767,3173,242780760,316403688,1308021,1091798,12973840,12291687,19746596,20773084,39056265,33247859,29848220,32148417,17798139,22102996,28691924,17451675,93357755,177296172
9,000014,2017-11-29,0.01284109149277679,0.0024077046548955927,0.4869240779647681,7413.0,30989.732708928983,654,5794140,5587048,770662,657614,2305210,2157453,1368347,1030617,1349921,1193590,0,547774,0,0,0,0,0,0
10,000016,2017-11-29,-0.004694835680751019,-0.021909233176838794,0.15914598931630033,14444.0,135898.92872669923,1614,57001308,25643394,1305197,1283855,8327992,6186623,7251795,4616387,8342549,4766968,5772940,1732571,5393921,2334971,2356654,817344,18250260,3904675
11,000017,2017-11-29,0.0,-0.0014925373134327957,0.3620766703827479,6660.0,25082.488249175938,342,2739768,2430721,411431,294540,1227389,1080430,504017,771423,596931,284328,0,0,0,0,0,0,0,0
12,000018,2017-11-29,-0.004255319148936176,-0.005673758865248235,0.21364598289375714,2796.0,45338.236721517926,1089,11447853,7759343,1202001,672213,3561956,2035378,1792454,1435603,1813377,2247406,1727726,481611,373939,327132,418800,0,557600,560000
13,000020,2017-11-29,0.006297229219143663,0.006297229219143663,0.7301662542910943,9588.0,493214.7140784725,472,37823508,1837316,1180922,0,3481099,0,1722644,0,4135624,0,2572780,0,1316752,0,1804142,0,21609545,1837316
14,000021,2017-11-29,-0.015151515151515249,-0.017316017316017285,0.20172525565750987,20746.0,141615.4947147492,2101,76354382,54648619,1458242,2038863,8694768,11425798,10041146,10261330,10026536,12385966,7218648,5972774,4793122,3336377,6223030,2320680,27898890,6906831
15,000023,2017-11-29,-0.002168256721595707,-0.0065047701647874545,1.5048279481568478,13869.0,59583.97818230547,234,3807466,3257174,158471,222708,1188250,757111,682801,695607,1291878,566725,486066,0,0,0,0,460000,0,555023
16,000025,2017-11-29,0.061557788944723635,0.029145728643216184,0.9383259124764121,20230.0,107653.5920238542,1800,43389714,54575730,1341168,1235789,9111297,7614872,9021206,6827073,11009658,11689441,4964242,6503929,2374696,6263449,2284800,4415181,3282647,10025996
17,000026,2017-11-29,0.0009380863039398779,-0.0065666041275798115,0.4681042806064693,10495.0,63244.31070863682,518,8881019,4837417,428027,402736,1814504,2374918,959418,1375413,2520373,684350,0,0,318725,0,485432,0,2354540,0
18,000027,2017-11-29,-0.0016501650165016146,-0.0016501650165016146,0.21221874626508708,4808.0,60675.4114403551,815,10587066,6529660,1226964,502399,2594610,1279301,2239899,1039220,1145534,1125358,404544,212256,734464,1354212,467753,445014,1773298,571900
19,000028,2017-11-29,0.0008437394532569975,0.001856226797165128,1.661002363085476,23668.0,71222.79742149214,1279,22609819,22362106,1038756,505877,9926123,7016453,2018808,9132953,2404213,2189367,1394067,1129891,1306748,330792,400180,938381,4120924,1118392
20,000030,2017-11-29,0.008728179551122262,0.006234413965087393,0.27245292840249324,8015.0,40668.046940652224,866,9616561,7572068,700896,669759,3782103,3102287,1759095,1230738,1938292,1794542,711975,202355,323200,0,401000,0,0,572387
21,000032,2017-11-29,0.001700680272108901,0.001700680272108901,0.35398495421833887,13051.5,53111.723484315036,1104,19022439,12995797,1000849,801764,6956064,5024227,3437705,2792857,3299310,2405753,1508588,250372,1864647,630364,401856,434252,553420,656208
22,000036,2017-11-29,0.04035874439461873,0.026905829596412634,0.23338354267663985,18120.0,125214.19095202991,1461,35692096,45575603,1165855,1497131,6791384,7444839,5199685,6951867,5935561,8808276,5033273,6148052,2512085,1741438,0,2698250,9054253,10285750
23,000037,2017-11-29,-0.010843373493975905,-0.010843373493975905,0.47951643781891806,4145.0,27700.86365955795,299,2633405,1178736,405431,306739,973796,362459,311985,386689,506844,122849,435349,0,0,0,0,0,0,0
24,000038,2017-11-29,-0.021097046413502074,-0.010548523206751037,0.5498247294016754,20862.0,78439.60588003484,1860,46724319,30606891,1212342,1466676,10337824,8843793,11129604,6707057,10572768,6928447,5516417,2375164,3118253,1296810,2863751,0,1973360,2988944
25,000039,2017-11-29,0.036307053941908585,0.021265560165975028,0.4050919192702099,25363.0,164167.7459605362,2267,81928015,84616280,1980699,1147822,13354142,9367477,13438593,8431361,15576591,11798353,10572049,10493965,6765589,7397330,2934559,6222368,17305793,29757604
26,000040,2017-11-29,-0.00520833333333337,-0.011160714285714302,0.48816668326878215,13250.0,96194.95297219092,758,19848696,12562097,427455,703411,3482864,3001378,3018436,1607668,3106237,1772680,2787767,1346180,2476008,1674930,460404,0,4089525,2455850
27,000042,2017-11-29,0.001905972045743276,-0.012071156289707674,0.8773754070715444,6284.0,23471.88452177009,321,2617850,1606234,655270,180757,1571815,389336,285843,592289,104922,163592,0,280260,0,0,0,0,0,0
28,000043,2017-11-29,-0.003883495145631133,-0.007766990291262155,0.5334525019699676,10235.0,122551.98977779491,372,11898142,4235970,293275,287438,1356670,1281844,1674810,824171,1433836,1095557,1213952,746960,640956,0,427980,0,4856663,0
29,000045,2017-11-29,-0.008637236084452993,-0.013435700575815779,0.37225287339671537,10220.0,48538.76638352462,783,13201232,6566426,683732,787046,3031438,3082513,2705374,1464216,3061448,764102,1726319,468549,1071493,0,407362,0,514066,0
30,000046,2017-11-29,0.01822916666666674,0.0013020833333334814,0.3249458772860029,3845.0,35792.69542275792,558,4223212,4538970,559415,560687,1829114,1333000,864398,740636,281377,1024802,688908,203785,0,676060,0,0,0,0
31,000048,2017-11-29,-0.02483164983164987,-0.023569023569023684,2.0535355221306455,11605.0,43694.402134002565,133,1568338,1421195,156461,93402,387588,486943,289049,245725,532791,260573,202449,0,0,334552,0,0,0,0
32,000049,2017-11-29,-0.018202247191011267,-0.02314606741573033,1.0222402652535254,21710.0,109688.4155431538,1895,61123413,39570549,1154895,2052311,9635054,10206172,10864937,7371767,11787043,9001617,8586935,4967101,1566677,1441092,3883969,1714206,13643903,2816283
33,000050,2017-11-29,-0.00995024875621886,-0.0027137042062415073,0.44271068581504563,35280.0,189087.49914676225,2496,124684266,103184837,920483,1149258,11816565,13137683,13485702,16201777,22070603,18787776,14695769,13329230,10164933,8324438,7983807,6245338,43546404,26009337
34,000055,2017-11-29,-0.004491017964071808,-0.005988023952095856,0.21513785964325924,8004.0,73948.27836024684,964,17571710,7880261,1001916,960579,4860684,2669553,1444947,1880437,2873727,1593507,1004814,0,990265,357720,428238,418465,4967119,0
35,000058,2017-11-29,-0.006430868167202619,-0.006430868167202619,0.2224433293252482,18460.0,118492.41960873983,1761,52337524,32768498,1307161,1731032,8058226,8866383,9581253,6078240,11574004,9438742,6495966,2525974,3350167,1062347,3252332,1221247,8718415,1844533
36,000059,2017-11-29,0.02182539682539697,0.02777777777777768,0.22482661283497127,35665.0,251182.35614759562,2011,90637488,137603901,897333,570284,10221013,7624812,10959455,8895552,20539829,16823239,13581522,12204843,8241860,11278013,3647296,5978691,22549180,74228467
37,000060,2017-11-29,0.030046948356807546,0.034741784037558565,0.19308554417404433,53238.0,394988.767228144,3050,209905928,317448695,857265,973941,11498943,14514609,15838375,19730843,24907681,32298235,24331165,21013148,17575268,21112920,17065515,19235939,97831716,188569060
38,000061,2017-11-29,0.01171875,0.00390625,0.34951825765031996,4608.0,27314.5302228279,482,4165726,2865581,649626,442329,1392000,1153283,793316,789706,869817,480263,460967,0,0,0,0,0,0,0
39,000062,2017-11-29,-0.0057875155022737435,-0.007854485324514271,0.71954070004052,14291.5,68896.87162736277,1130,22608657,16621681,1412383,611164,6336474,3835703,4755998,3272576,4355303,3356236,1636147,2126438,1460415,679999,1399420,892166,1252517,1847399
40,000063,2017-11-29,-0.025071225071225167,-0.014529914529914478,0.5855421078651263,608721.0,1507727.1559074442,3596,1899451632,1598764835,24396,3364,1053976,1008514,7120973,5008438,25892276,23308635,41110560,36491445,42132501,47804824,60973248,72305893,1721143702,1412833722
41,000065,2017-11-29,0.008072653884964698,0.018668012108980836,0.42235288848164604,24216.0,107478.51224148883,2203,64181143,67281605,1270672,1206470,10569675,10546105,15688913,10314982,12551996,14780220,7844420,7541751,4529918,4883084,4843437,5302634,6882112,12706359
42,000066,2017-11-29,-0.001477104874446078,-0.005908419497784201,0.15777798470163754,17524.0,90012.75124195158,1844,55873850,29930089,1467170,1025732,11502171,6064545,11985568,4988982,9753177,7843220,5382233,4793253,3836327,2530077,2388578,450906,9558626,2233374
43,000068,2017-11-29,-0.00886524822695034,-0.012411347517730431,0.243719271373256,4440.0,61566.348163181676,535,7030759,3101040,538942,354340,1608049,1343987,847161,817918,1019589,239393,247975,0,334200,345402,456681,0,1978162,0
44,000069,2017-11-29,0.06496519721577743,0.029002320185614883,0.15765613190644048,34700.0,302069.4933044072,2998,189972766,170005128,1895147,993827,18824301,9106956,21351497,11885199,24917499,16579439,16790427,11221411,11835454,13765523,11852238,12601401,82506203,93851372
45,000070,2017-11-29,-0.0038910505836574627,-0.009727626459143934,0.3238915678894129,10170.0,50567.821231152986,1007,15757654,12634598,1053247,660938,4219840,4063520,3102520,2458185,4875183,2499637,1141436,1609362,959828,364385,405600,406000,0,572571
46,000078,2017-11-29,0.024604569420035194,0.005272407732864526,0.1519575408728743,8527.5,92146.88907891815,1404,22035190,23660224,1296397,1394609,5286209,4511377,3037872,4146134,3379601,2643291,2061347,3808102,1350599,1045485,1846837,1399902,3776328,4711324
47,000088,2017-11-29,0.009864364981504226,0.007398273736128225,0.279789965917909,12195.0,88495.23417141939,840,13070114,15847374,738751,988067,3919459,3621495,2213868,3377862,1998086,2891343,1720626,733177,1020256,0,0,1269603,1459068,2965827
48,000089,2017-11-29,0.013636363636363447,0.004545454545454408,0.3062172406475956,11466.0,102377.77146593216,826,15535082,20069777,1182586,442038,2904389,2205521,2920448,5660678,2964769,6949204,2775744,985552,356125,0,857106,406464,1573915,3420320
49,000090,2017-11-29,-0.0019398642095054264,-0.0009699321047526022,0.23530850682073434,12360.0,102821.16671082722,1924,39790625,27429283,2024770,1229239,10296431,8881522,7823905,5836167,5497459,3565568,2588137,1268406,2365515,1071014,419225,1853347,8775183,3724020
50,000096,2017-11-29,-0.006111535523300238,-0.01909854851031323,0.737678727816411,9030.0,48860.172871192866,314,5157059,1769015,349847,258029,1649270,560337,953483,131029,758074,338620,930785,481000,0,0,0,0,515600,0
51,000099,2017-11-29,0.0,-0.0020920502092051096,0.3553980479387371,5670.0,61506.29509541269,723,10253909,5056549,739039,845013,2506176,1793307,2271580,1818397,1384776,176700,219008,423132,979964,0,936550,0,1216816,0
52,000100,2017-11-29,-0.007092198581560294,-0.011820330969267268,0.07451758436466399,30295.0,371522.4656790528,3246,232197304,189253401,2041628,1665561,16719994,14167785,18799971,15803719,24983220,20297495,18464353,15314888,12340106,10686051,12443060,12990832,126404972,98327070
53,000150,2017-11-29,0.001071428571428612,-0.0025000000000000577,1.3951955499617619,8370.0,22025.130781824286,402,3745284,2040218,653086,267436,1935184,949319,914510,441605,242504,122760,0,259098,0,0,0,0,0,0
54,000151,2017-11-29,0.004542013626040786,0.004542013626040786,0.4818313130679778,13210.0,78016.40726325207,751,13052195,8936123,732311,463832,3853997,3115209,2885943,2103467,2340029,2145099,772286,449016,678855,659500,0,0,1788774,0
55,000153,2017-11-29,0.017676767676767735,0.01388888888888884,0.2771645634047978,8010.0,46786.32291003754,816,10477204,9714331,1066287,660135,3329695,3309058,2215871,1492014,2072009,2279033,920994,1235199,399382,301552,472966,437340,0,0
56,000156,2017-11-29,0.0,-0.0037509377344336903,0.4452802731804694,6660.0,57126.16665328002,896,13205086,6302279,1105883,885348,4272020,1923754,1642859,810442,2385053,1548852,473215,0,1530384,715248,802162,418635,993510,0
57,000157,2017-11-29,0.011312217194570096,0.00452488687782826,0.09413840247875889,8780.0,157987.33697221382,2213,53996371,43160246,3194711,1110965,9778165,5261978,6847299,6372615,7893450,7079755,3578867,4172026,4030265,2132600,6295317,2361418,12378297,14668889
58,000158,2017-11-29,-0.017688679245283057,-0.012971698113207641,0.25373800133420304,9947.0,70598.67548632539,1117,21741271,10597330,1058019,1190456,4852726,4213826,4403377,1965317,3474375,2195116,1444939,262662,1842895,348612,837000,421341,3827940,0
59,000159,2017-11-29,0.003577817531305927,0.0017889087656528524,0.24020336913315504,6105.0,34086.04625215029,541,4827984,4725733,406126,633427,2073148,1525375,1230861,890170,704203,452080,413646,1224681,0,0,0,0,0,0
60,000166,2017-11-29,0.0,-0.0035335689045937757,0.13302632710980397,11240.0,145214.9602624905,1813,44340820,26799801,1749777,911448,10543365,5515925,7835010,3400526,5709918,2938578,3218142,1034601,963569,1708551,1355632,883820,12965407,10406352
61,000301,2017-11-29,0.0064102564102563875,0.0032051282051281937,0.1360314627229089,23014.0,137376.6014059727,2108,70470803,64507965,1591142,1373629,10207262,9558702,10860197,10943161,12132495,12755703,8651235,6960249,9554421,6473875,2719098,3136571,14754953,13306075
62,000333,2017-11-29,-0.028332382582240023,-0.020726373835329936,0.8791417774266864,273636.0,866581.1054638195,3580,1052555509,823242634,69926,57573,5007177,3815663,17001736,13578167,50700710,39567362,49547635,44163201,45888670,55569322,54963878,42871282,829375777,623620064
63,000338,2017-11-29,0.008536585365853666,0.0060975609756097615,0.1405625859510561,50096.0,277347.0022007546,3412,232314603,231188638,1910651,865809,17534695,12488625,24135600,19128871,36043946,36268034,23610475,23486812,22743473,19225905,23400458,15252134,82935305,104472448
64,000400,2017-11-29,-0.009021512838306767,-0.009021512838306767,0.4129800727175366,12807.0,121528.15927599443,1217,31770792,18710807,1114041,1143882,5201083,5057710,4567798,3443187,5876113,3685438,2199432,1142533,1771568,349615,1788349,465321,9252408,3423121
65,000402,2017-11-29,0.030575539568345578,0.00899280575539585,0.23378922993154944,12265.0,129822.95437773908,2265,55001903,58950013,3135057,1114283,10501030,6918598,7835794,6405937,8882946,8620774,6638701,6135416,5661703,5619640,3128238,2608359,9218434,21527006
66,000403,2017-11-29,0.01374269005847939,0.011695906432748426,0.9115097374585345,48173.0,491818.21800368786,1411,78489453,119744011,254372,723119,6694836,6594831,7194271,8488627,14486220,15129056,7695419,8938071,6592725,11031098,4489475,6272581,31082135,62566628
67,000404,2017-11-29,0.007800312012480548,0.0,0.3181794194570279,12820.0,83544.11705778101,405,9215124,5425932,404253,227983,2361769,1231511,1536699,886892,2862791,1162986,466054,724830,301558,713280,0,478450,1282000,0
68,000407,2017-11-29,-0.013801756587201952,-0.01129234629861986,0.29153720584448595,7830.0,46766.626635071145,747,11399153,6906903,1250752,454839,2543858,1871968,2925377,1850646,2651735,1714976,567181,690137,1042170,324337,418080,0,0,0
69,000408,2017-11-29,0.03452178834182229,0.032823995472552214,0.4111611338170784,30566.0,194496.2907459149,1847,58238720,91892311,1066106,1226993,8241776,9235751,8594752,12245794,14125224,14984913,8075111,9157962,3924027,10600371,4837487,4349131,9374237,30091396
70,000409,2017-11-29,-0.0031645569620254443,-0.007911392405063444,0.2765509657359586,7515.5,60959.016222294005,522,7280653,5592821,527907,559781,1518896,2179188,1288405,931645,1017992,1289879,413766,210404,666380,0,496000,421924,1351307,0
71,000410,2017-11-29,0.006150061500614923,0.004920049200491938,0.26252503211123124,12299.0,82467.46694685005,959,17997083,18392818,1164257,719239,3873917,4313395,2988125,3850059,3046098,2401566,2685995,2161338,1498372,2166028,0,1658621,2740319,1122572
72,000411,2017-11-29,0.005494505494505475,0.005494505494505475,0.9207688267110752,6045.0,65567.80681706085,472,5640812,5689355,411701,479929,1200448,1370018,1303135,1126882,1482221,909636,939193,231150,304114,0,0,0,0,1571740
73,000413,2017-11-29,-0.005252100840336005,-0.004201680672268782,0.1721139136345263,33768.0,217854.50070035717,3063,165717711,126151028,1559987,1623129,16757052,15352418,18235606,17359869,25786001,26369987,17813725,11376224,9179723,13392748,10734662,5924800,65650955,34751853
74,000415,2017-11-29,-0.008445945945945943,-0.0033783783783782884,0.1278901375464476,11880.0,70939.0083446793,2149,47281151,20600661,1934110,1273024,12004252,7673031,11674300,5104980,8777695,2861256,3995118,2003078,1011130,655272,2189376,0,5695170,1030020
75,000416,2017-11-29,-0.012285012285012442,-0.0073710073710073765,0.2721309541433865,9720.0,76077.65997553384,895,19290657,9809530,921229,1019426,4500183,2891939,3061671,2207511,3660749,1302322,1832763,1408220,1134810,980112,890552,0,3288700,0
76,000417,2017-11-29,0.009876543209876631,0.0012345679012344402,0.23529709403766194,4866.0,57651.27972326389,1185,19831710,6572160,2619658,339146,4875288,1210578,3873355,1365549,3101253,1047261,787424,1074504,3131344,1011538,405309,0,1038079,523584
77,000418,2017-11-29,-0.012478336221837139,0.0034662045060658286,1.5773607253249715,28975.0,103435.77844483954,1343,28608773,31884916,617169,506291,9619688,7493446,7956880,8799882,5344341,4074376,1471904,2678880,2408219,342200,456620,470270,733952,7519571
78,000419,2017-11-29,-0.0033057851239668423,-0.0049586776859504855,0.3025728103920323,6060.0,47333.8345627357,399,5187073,2817400,665674,350088,1429389,828129,1229665,630862,1263345,516208,0,0,0,0,0,492113,599000,0
79,000420,2017-11-29,-0.017804154302670683,-0.0029673590504452063,0.09332201004654807,6710.0,60830.12254230148,1308,19621554,13219006,1381663,999324,5364837,4471412,4587082,2072625,3148112,2395913,1612785,777413,674071,1082011,855328,443556,1997676,976752
80,000421,2017-11-29,0.006211180124223503,-0.0015527950310559868,0.27644427147930745,3200.0,30423.71995399247,542,4325155,3431718,616661,256679,1684115,1101033,1366164,835432,429240,661574,228975,256000,0,321000,0,0,0,0
81,000422,2017-11-29,0.007042253521126751,0.007042253521126751,0.16297631633828025,8520.0,74377.43137429765,683,8626224,12043096,461619,874377,2419139,2536498,1768514,2332754,1678049,1880536,1117765,1176768,666888,696369,0,1302450,514250,1243344
82,000423,2017-11-29,-0.034991974317816976,-0.030818619582664408,1.126917653097336,60580.0,335169.6004288825,3056,285004267,176571456,794473,848405,12981094,14392369,20414015,18648449,37796793,28630247,32018814,20970249,24168961,17152946,19468600,14279085,137361517,61649706
83,000425,2017-11-29,0.027247956403269713,0.016348773841961872,0.06860625948898831,11377.0,154285.95040516902,2886,59749447,68620292,2418483,1921476,15494223,10158891,9333145,5853769,8377378,8551273,4436633,4513339,4086789,3265813,2784279,4112641,12818517,30243090
84,000426,2017-11-29,0.08415841584158423,0.09009900990099018,0.19867109381827283,51747.0,987508.6226585844,2599,370388836,271012773,1910038,337588,13694776,4348854,15492360,6780677,36041736,15709139,26144092,15570520,16197283,14518035,12386088,12844310,248522463,200903650
85,000428,2017-11-29,0.0024937655860348684,0.0,0.2454920522750743,3595.5,41222.98120380345,266,3419982,1887359,171711,208384,1149147,431284,608653,561113,913463,686578,200500,0,376508,0,0,0,0,0
86,000429,2017-11-29,0.006250000000000089,-0.003750000000000031,0.26447035069159575,5558.0,136420.26984571063,915,25462170,15886419,2038548,506608,2839630,2101207,1930114,1074679,2047539,2686534,1113971,914680,4013699,2110329,1391908,854936,10086761,5637446
87,000430,2017-11-29,-0.010011123470522798,-0.014460511679644128,0.5345304581815771,8023.5,35532.3956830908,282,3114326,1758750,298962,268342,1174977,833904,556350,231704,495829,155400,264000,269400,324208,0,0,0,0,0
88,000488,2017-11-29,0.08298001211387018,0.06844336765596593,0.2845560156727067,94957.5,501240.316034771,3370,314077189,496601199,754086,594072,12021476,10363235,21128619,20650446,45540712,42019406,34427988,35075168,23123465,37957015,20759958,25951686,156320885,323990171
89,000498,2017-11-29,0.02003081664098616,0.026194144838212585,0.16544810156325937,11844.0,43361.42787264456,1543,14219459,21898319,1367688,1199588,6853635,7751673,3017709,4456725,1751146,3582623,503040,1889010,307195,1374795,419046,1643905,0,0
90,000501,2017-11-29,-0.016343825665859568,-0.018159806295399594,0.37664874311350927,8250.0,101478.45356737285,1925,34864222,20788790,2951313,1321844,10982801,4711978,4573569,2875718,4144816,4286786,3209716,1486307,2306299,1082982,1835148,948300,4860560,4074875
91,000502,2017-11-29,-0.0035714285714284477,-0.010714285714285676,0.6242961149282663,8880.0,52441.99405933662,321,5578013,2264567,349052,279046,1575520,927347,888582,595407,954717,242195,278000,220572,1012470,0,0,0,519672,0
92,000505,2017-11-29,-0.010373443983402675,-0.011410788381742809,0.4202761103372175,9545.0,48070.52063572057,526,8359954,4642547,599192,644460,2458057,1932324,1780073,862985,1809788,642743,684944,243639,0,316396,426550,0,601350,0
93,000506,2017-11-29,-0.0012722646310433516,-0.012722646310432628,0.3127906394572048,8492.0,50684.41330621881,631,10178903,4842983,1029998,495889,2846129,1776764,1781472,909823,2177465,949405,925956,214398,333843,0,0,496704,1084040,0
94,000510,2017-11-29,0.018915510718789497,0.013871374527112179,0.24029260041241501,16000.0,103441.57835217337,1089,16346374,38673361,1024764,1006394,3726154,5397903,3120691,5891350,3560609,7501779,2159095,3527480,1682887,3469908,420160,4462039,652014,7416508
95,000513,2017-11-29,-0.023668639053254337,-0.020087200249143566,1.2480858770676015,44009.0,247177.00496617222,2649,163102998,129635973,863393,1187985,10974919,13411685,18780089,15920361,25982812,24637051,15322078,12847632,18422691,10370658,7758148,9254044,64998868,42006557
96,000514,2017-11-29,0.01538461538461533,0.006153846153846176,0.23870624792181236,6520.0,31443.037273606522,741,6612427,5534905,834185,798745,2459991,2361133,1619740,1225110,1002249,880057,256212,269860,0,0,440050,0,0,0
97,000516,2017-11-29,-0.006160164271047264,-0.006160164271047264,0.1748114314361041,8730.0,95853.96214759079,776,16913430,8696580,833662,804300,4111630,2489858,2807052,926371,2479796,1429792,952340,1505135,1576962,0,914612,439530,3237376,1101594
98,000517,2017-11-29,0.007633587786259444,-0.0025445292620865922,0.1286877757647159,3519.0,34571.458634249,934,8139599,4474599,1476767,562523,3762183,1093114,806730,452666,1127187,1627732,267736,217329,698996,0,0,0,0,521235
99,000518,2017-11-29,-0.0015432098765433278,-0.006172839506172867,0.32489383072564465,6460.0,34972.04169051352,397,3917406,2376606,481300,447614,1494643,1054404,808294,431172,454558,192900,211560,250516,0,0,467051,0,0,0
100,000519,2017-11-29,0.010856453558504509,0.008443908323281013,0.21309885355751054,14135.5,55891.835885103945,1514,25130392,25385135,1576934,1398193,7567443,5541869,6105408,6914839,6607245,5080323,1871880,2143718,0,2272571,889851,896695,511631,1136927
101,000520,2017-11-29,-0.013574660633484115,-0.013574660633484115,0.15878519262999047,6959.0,45710.97407965482,775,10987431,6537943,763905,866135,3255909,2118536,2694006,989911,2769991,1437462,547065,468362,0,657537,442511,0,514044,0
102,000521,2017-11-29,0.0038461538461538325,0.0038461538461538325,0.20520773233529954,5195.0,53398.16044275445,642,6561084,6312958,748928,552257,2294284,1121779,1223054,988747,1515418,585420,257400,680585,0,914570,0,836000,522000,633600
103,000523,2017-11-29,-0.0035714285714286698,-0.005952380952381042,0.32007983914304616,5031.0,32316.565131383264,688,6916179,3041378,1731383,342631,2389157,1393861,1164182,1063391,517857,241495,532600,0,0,0,0,0,581000,0
104,000524,2017-11-29,0.006018916595012858,-0.006018916595012969,0.4724970033864117,9248.0,37312.376618621405,605,7624005,1695934,1076021,209262,3686872,873327,764521,268857,1359063,142188,0,202300,0,0,0,0,737528,0
105,000525,2017-11-29,0.014039855072463858,0.007699275362318847,0.6209954217136843,13281.0,86237.13171644555,1264,27250971,24510809,1278603,781678,5070721,5921938,4147051,4906662,5894113,5785385,2952579,3787379,2042378,707228,1806886,478439,4058640,2142100
106,000528,2017-11-29,0.029299363057324834,0.014012738853503182,0.17936303233841533,15760.0,87014.80936656806,1918,28320882,45044703,1510703,1229561,9478443,10928376,6489350,7711440,3224897,6517976,2168209,2816798,2537633,4213192,2346321,2782890,565326,8844470
107,000529,2017-11-29,-0.011126564673157202,-0.00834492350486793,0.35622644708311385,5736.0,42434.86710776011,407,4907585,3444016,432821,289231,1308058,1428669,323928,951757,365512,554139,2157066,220220,320200,0,0,0,0,0
108,000530,2017-11-29,-0.003424657534246478,-0.006849315068493178,0.2484380845030568,6472.0,87455.99368065223,552,11443507,5131813,623658,464378,2474076,1389227,1251019,867769,2352606,1072759,508336,294415,676456,0,462340,431355,3095016,611910
109,000531,2017-11-29,-0.0047562425683711496,-0.00356718192627814,0.3619805177867194,8330.0,59168.09554602927,539,9416743,3593760,768369,490180,2415634,1376427,1178309,629953,1462170,514508,1397756,0,301435,0,1289254,0,603816,582692
110,000532,2017-11-29,-0.013043478260869601,-0.01043478260869557,0.5202257984916607,11290.0,37316.21010559402,488,7427988,3719126,478941,320821,2403485,2205277,1172386,805873,2343306,387155,724770,0,305100,0,0,0,0,0
111,000533,2017-11-29,-0.0010152284263958977,-0.0020304568527917954,0.5632367930372675,5886.0,67559.69363542818,305,3938532,2783697,454806,212969,1101141,792316,361997,364248,614269,615044,0,465920,0,333200,0,0,1406319,0
112,000534,2017-11-29,-0.0035335689045936647,-0.00636042402826853,0.9499428515137494,8424.0,27201.953135613065,221,2482674,1089106,248828,262995,831667,522231,791889,303880,401640,0,208650,0,0,0,0,0,0,0
113,000536,2017-11-29,0.008179959100204526,0.010224948875255713,0.16682891849914178,9234.0,89086.3872903029,860,10235696,13492469,1159845,793123,3830904,3020243,1423991,1318145,1472862,838571,707073,1255948,325221,1532207,439200,910087,876600,3824145
114,000537,2017-11-29,0.07737656595431086,0.03979366249078842,0.38609921388919594,20790.0,223014.05448012502,1238,35874888,63076886,605843,1031508,4469910,5948009,3879181,6209879,4494150,6950710,5644149,5397665,2939686,3800870,2353350,7004363,11488619,26733882
115,000538,2017-11-29,-0.028895768833849478,-0.02796697626418998,1.915170803645999,46622.5,404780.8882397023,2560,212366862,154519002,1756902,2321496,14482860,12673107,13552222,12372620,23618037,20196977,15903746,15068114,10223449,9295696,10890489,8967674,121939157,73623318
116,000539,2017-11-29,-0.0040404040404041774,-0.0040404040404041774,0.2344646411960997,4930.0,34809.29221323086,445,3707613,2410135,406184,416752,1229067,1286194,876240,350104,108953,357085,239901,0,0,0,847268,0,0,0
117,000541,2017-11-29,0.0010121457489877805,0.0010121457489877805,0.1879071333734861,29550.0,162607.78200136175,2768,121696330,81396599,2199202,1886914,15087929,12661790,15572786,14716450,24302620,17307872,14007674,12564983,11591747,7647439,5522355,4627595,33412017,9983556
118,000543,2017-11-29,0.009842519685039353,0.009842519685039353,0.16776613353765085,5080.0,94760.92475701161,917,12318257,16657217,945746,760898,2947357,1651812,2500627,2348967,2103243,2475427,1469938,1973549,661331,1059062,0,0,1690015,6387502
119,000544,2017-11-29,-0.0012247397428046813,-0.004898958971218503,0.6440615231718008,11361.0,54855.17298575982,642,9398374,7274700,682279,658733,3819112,2585607,1963066,1284851,1262557,1310128,696960,222213,326400,347679,0,0,648000,865489
120,000545,2017-11-29,0.028340080971659853,0.028340080971659853,0.1240130079395164,10090.0,106544.0443432507,1590,20028451,39077785,1056150,1776208,5187756,7586325,3438099,6722771,4096264,5809949,2886313,3112693,2417021,3083223,946848,1227897,0,9758719
121,000546,2017-11-29,0.021078735275883442,0.03347799132052098,0.35271941349277186,23331.0,84699.90661644148,2098,40381837,60898040,1059900,2099985,8545779,12199966,9927372,15420507,10317479,13616298,6066370,4486901,2973695,3733269,442889,2312530,1048353,7028584
122,000548,2017-11-29,0.0031347962382446415,0.0,0.2482921259282698,6330.0,76881.82779497647,660,8389587,8780883,648018,665069,2090857,2028307,1164032,972129,2351865,1428034,212055,676280,631890,0,0,0,1290870,3011064
123,000550,2017-11-29,-0.0005810575246950611,0.0034863451481697005,0.5724916000963731,5171.0,39910.663552270074,903,10509206,7334187,1825569,597329,3301543,2356545,2578344,1237495,1860416,1649915,468959,735484,0,344000,474375,413419,0,0
124,000551,2017-11-29,-0.003558718861209842,-0.009489916963226541,0.3953014970797738,7555.5,42662.55980887995,454,6806056,3705426,574947,422622,1682996,1441156,1245064,1064551,1544620,777097,1428919,0,329510,0,0,0,0,0
125,000552,2017-11-29,0.008426966292134797,0.011235955056179803,0.0802710509472571,3213.0,84592.44887051111,1981,19892140,26730620,1343296,1725176,5175792,5503523,1886584,3146093,2580322,5059671,1925293,2850611,364497,3454919,1774432,860152,4841924,4130475
126,000553,2017-11-29,0.030411449016100267,0.04114490161001805,0.3196808447352412,46953.0,192251.9635717208,2755,118235573,161916360,1068160,1045103,11257673,12585848,15893272,19343641,27326921,35214661,21848493,22153942,11011063,18229129,7923933,9799164,21906058,43544872
127,000554,2017-11-29,-0.003671970624234966,-0.009791921664626724,0.26843845236207875,11319.0,97430.62683017603,926,21748044,12268264,797072,1115967,4310598,4033911,2758351,2369370,3585766,2524505,1430968,971181,2102542,347010,2187139,404000,4575608,502320
128,000558,2017-11-29,-0.0055658627087197265,-0.007421150278293154,0.1659908341792197,4272.0,39912.6891112788,1055,11793342,6659307,1097407,649004,3672276,2666483,2344477,1245783,2531553,1220786,1156833,0,990796,310954,0,0,0,566297
129,000559,2017-11-29,-0.019821605550049526,-0.018830525272547027,0.23033891823268632,16949.0,174286.6115213809,1920,66014637,39433532,1744360,1844445,7841525,8300007,8940769,6958067,15326408,8233759,7464659,4288561,5558445,1355216,2720669,1801688,16417802,6651789
130,000560,2017-11-29,0.0021574973031284195,-0.0010787486515642097,0.28351031428771706,12894.0,58180.233437561765,1069,14664574,16212556,1088408,1089610,5211552,5446747,3240022,2397088,3661864,3491008,202399,561237,671250,631617,0,0,589079,2595249
131,000561,2017-11-29,-0.004784688995215225,-0.010765550239234423,0.2638097746348715,4992.0,28925.482992078167,1004,9603289,4668685,1856374,819947,3394509,2222679,1751666,594747,2094341,711824,506399,0,0,319488,0,0,0,0
132,000563,2017-11-29,-0.006521739130434634,-0.006521739130434634,0.11843302093050743,5908.5,72255.44825955004,1512,23706463,14633278,1231579,1419765,5292589,4646944,5298514,2716800,3251604,3463297,1725068,440908,1633274,688541,1756231,0,3517604,1257023
133,000565,2017-11-29,0.006684491978609541,0.0,0.3007817897882674,7440.0,40093.109118715365,618,8090961,4490481,711845,666801,2231837,1813444,2006687,1285350,1678196,522726,0,202160,1462396,0,0,0,0,0
134,000567,2017-11-29,0.015429524603836509,0.0029190992493743906,0.8947556314182588,16870.0,71388.42759848571,718,13308438,12063754,616965,501291,4237351,3155842,2440096,2303948,2183895,1972718,1940787,1561655,992298,348000,897046,0,0,2220300
135,000568,2017-11-29,-0.03778656126482216,-0.034782608695652195,1.0887263619137337,106913.0,408108.2206548502,3381,403448658,277364446,729871,301003,14353112,8086874,22508597,16134426,74308474,37981655,46390984,34509562,31301458,28325742,27389928,16854502,186466234,135170682
136,000570,2017-11-29,-0.005059021922428242,-0.005059021922428242,0.3198073086003641,6490.0,42333.84983430942,343,4404959,2417105,204254,381262,1567741,998940,1169264,371498,575480,241914,462940,0,0,0,425280,423491,0,0
137,000571,2017-11-29,-0.0034662045060658286,0.0,0.1987278838473262,4568.0,67509.55259092383,843,13404389,6462484,689910,625669,2555440,1927524,3243893,932448,1676484,1454867,2239963,0,331180,0,891615,488776,1775904,1033200
138,000572,2017-11-29,0.01754385964912286,0.019736842105263275,0.12965605592448645,9080.0,118006.98985866773,1239,25067569,27451126,1284319,1028218,5165982,3320782,4215286,3695347,4504969,4134183,3260253,3674488,1072533,1363152,2705322,2414818,2858905,7820138
139,000573,2017-11-29,0.034979423868312765,0.00411522633744843,0.20808477389073382,6776.0,45230.500364426094,545,6056932,6738034,482814,605384,1723160,2359477,1375778,1086470,1730622,1494106,428823,706597,315735,0,0,486000,0,0
140,000576,2017-11-29,-0.0029463759575719672,-0.0076605774896876255,0.721177943119553,8450.0,25955.221018243385,553,6043448,3264214,715019,393846,2442189,1794279,1599915,658655,1286325,417434,0,0,0,0,0,0,0,0
141,000581,2017-11-29,0.007075471698113178,0.007075471698113178,0.4935922184671812,40336.0,231845.215313703,2658,147286608,126410738,1155073,848404,16497593,12108760,17556720,14930410,21305424,16954688,16494108,14774113,9660350,8305059,9996387,9505285,54620953,48984019
142,000582,2017-11-29,0.022727272727272707,0.006628787878787845,0.3235193786772759,10640.0,41998.027647168165,1065,14125940,14211402,747983,954278,4456402,5164016,3449121,3709817,4239092,2257582,1233342,1660304,0,0,0,465405,0,0
143,000584,2017-11-29,0.0027662517289073207,0.0013831258644536604,0.4446663161987992,24582.0,157438.33058970867,1057,27072297,26865248,467920,454338,11158863,3896356,6739288,2414674,4999778,2108843,1598553,1685975,324900,694424,459360,1736700,1323635,13873938
144,000586,2017-11-29,0.01888828926065833,-0.014031300593632001,1.1373021771187426,7336.0,79531.31559476262,265,4826417,1932947,600725,80600,1094429,396396,353944,230600,281050,375359,776655,0,0,309792,473439,0,1246175,540200
145,000587,2017-11-29,0.001547987616099089,-0.007739938080495334,0.19102850834709398,12840.0,203629.799615645,1145,27962570,47655667,852313,1096331,4361455,3330313,6661167,2909382,5920477,3649492,2866771,6968841,304000,8597856,848028,3065608,6148359,18037844
146,000589,2017-11-29,-0.0021141649048627142,-0.0021141649048627142,0.2339672555355172,4730.0,32579.5572500795,408,4008749,2661267,330872,494382,1301433,1200285,872706,464608,986819,266992,516919,235000,0,0,0,0,0,0
147,000590,2017-11-29,-0.022614840989399365,-0.016961130742049524,0.8354479728391485,12487.5,49657.45479014635,286,4549980,3015932,235582,328387,1316702,1233881,1192207,643623,460482,147552,1016003,240989,329004,0,0,421500,0,0
148,000591,2017-11-29,-0.029503105590062195,-0.02329192546583858,0.13307727557466245,20740.5,137383.42203387478,2348,87839305,57836427,1313720,1874682,10878498,11748651,11258550,10626914,14208365,12672529,9152493,4391235,7348844,3377206,6326643,3264408,27352192,9880802
149,000593,2017-11-29,-0.006756756756756799,-0.009009009009009028,0.32676627307047434,7965.0,75828.27038583379,739,11203896,7900008,552411,978141,3051023,1817537,2111380,1818220,1998698,1218879,503240,1181231,300141,0,452568,886000,2234435,0
150,000595,2017-11-29,0.009293680297397744,0.005576208178438735,0.18044432568338012,9146.0,51121.083599893005,889,10063057,12115979,812400,903846,3311977,3189053,2244169,2112671,1766296,2996283,293222,1661441,719620,312157,401349,940528,514024,0
151,000596,2017-11-29,-0.013350700097688017,-0.02572451970042333,1.4068969139664216,23640.0,215816.064117561,1907,74773947,42864429,2052990,1067153,10217471,7729174,9831197,7405266,10684461,11499163,8452253,5268211,7454661,1710826,3576294,1717960,22504620,6466676
152,000597,2017-11-29,0.020000000000000018,0.022399999999999975,0.2669467887445459,29952.0,263837.1291412624,2195,84826010,112997714,1120010,993763,12716626,8402231,11262817,13153584,16696352,15535852,11453788,13445172,7787411,11454395,5860987,5459461,17928019,44553256
153,000598,2017-11-29,-0.00545454545454549,-0.00545454545454549,0.1657907698604265,10940.0,127167.77851847197,1101,27841977,20742940,934911,1040330,3360776,5171512,3325938,3287070,4457173,4145860,3386536,2042664,1794401,1047060,2212655,459480,8369587,3548964
154,000599,2017-11-29,0.0017035775127767216,-0.0017035775127768327,0.2513026303802328,5860.0,40763.60083967311,545,7262905,3256838,557477,557256,2107982,1293333,1688073,1033941,1483152,372308,513066,0,349800,0,0,0,563355,0
155,000600,2017-11-29,-0.008235294117647118,-0.010588235294117676,0.21491019942862827,9196.0,88787.06400531963,1565,32295971,16079487,2394194,1135639,7538305,5307855,4938972,3847652,5770186,2073903,3256321,1302350,1420332,0,417000,472642,6560661,1939446
156,000601,2017-11-29,-0.00669344042838016,-0.0026773761713519972,0.36115258364771036,7470.0,51569.67169073305,427,5053963,4786392,608166,370764,1841193,808016,1348003,1004824,1047075,530118,209526,743250,0,652480,0,0,0,676940
157,000603,2017-11-29,0.03361344537815136,0.03361344537815136,0.30313265123033545,12220.0,80833.91851826149,1543,27755493,29284407,1882834,1244936,6796871,6034658,4099562,5220477,4996215,6495186,3120120,2601312,2136700,3326407,1360524,2167002,3362667,2194429
158,000605,2017-11-29,0.005107252298263587,0.006639427987742641,0.6196455103458209,11790.0,50218.43153429948,998,14264695,13139880,1141273,971731,4694467,4675884,3554876,1870904,2948935,2835143,870990,1211578,370922,1119920,0,454720,683232,0
159,000606,2017-11-29,-0.03928170594837255,-0.03815937149270476,0.3088584457627792,11388.0,92910.09141076007,832,18787920,10383210,537805,1131969,3730441,3690452,3165637,2065291,3318600,2232096,887374,576312,348800,687090,417350,0,6381913,0
160,000607,2017-11-29,-0.013473053892215536,-0.014970059880239472,0.2245076911951797,4599.0,44925.66090594483,885,11095121,6588351,1004200,600858,2691350,2151447,2044438,1672773,3262249,1447695,686976,715578,329616,0,460152,0,616140,0
161,000609,2017-11-29,0.022851919561243106,0.000914076782449813,0.4471627279445422,10790.0,273566.9070240833,598,6983397,13717532,500682,404273,2443074,2251016,1942637,1707715,1198589,1747031,224746,987994,673669,0,0,0,0,6619503
162,000610,2017-11-29,-0.0031471282454760274,-0.0007867820613691734,1.0242530101080745,12650.0,36267.288966310494,153,3309448,685963,138017,72258,1099470,275332,597688,233366,1474273,105007,0,0,0,0,0,0,0,0
163,000611,2017-11-29,0.026950354609929228,0.028368794326241176,0.3566774178548826,8484.0,41739.25666493352,390,3287310,5964932,285591,356816,1359882,1845013,1000460,1194031,286762,1774327,0,434745,354615,360000,0,0,0,0
164,000612,2017-11-29,0.021739130434782483,0.017598343685300222,0.25949097813196637,9750.0,51819.862293197795,1387,16699041,15467179,1297318,1657433,5790661,4931489,3200345,4423993,2487244,2197014,1556584,1028706,345859,644444,408793,0,1612237,584100
165,000613,2017-11-29,0.006112469437652868,0.01344743276283622,0.34133211983745504,8290.0,42111.97931687837,574,5850873,6625050,722978,641669,2134801,2000220,1454589,617838,995336,1908325,543169,680189,0,359309,0,417500,0,0
166,000615,2017-11-29,0.024528301886792336,0.015094339622641506,0.19345432301590862,37170.0,218626.50900417482,3007,144742696,116436378,1523808,1278510,15253101,12226048,20670353,16305976,30847246,29223695,18355658,14967789,12999256,9861999,8777831,5433224,36315443,27139137
167,000616,2017-11-29,0.005420054200542035,-0.0027100271002709064,0.11929973078439617,4368.0,53585.30493177243,958,11213235,4518736,2095527,550290,1694180,1447815,1467872,729489,2002897,1063596,1691949,414862,0,312684,0,0,2260810,0
168,000617,2017-11-29,-0.009459459459459474,-0.007432432432432523,0.5215766949008761,7355.0,24995.941979199404,807,5472005,6482340,621578,664083,2568224,3933643,804498,1030233,1477705,542101,0,0,0,312280,0,0,0,0
169,000619,2017-11-29,0.05612244897959173,0.05612244897959173,0.23829490056286187,13208.0,131037.8621123733,1084,21023525,31765420,968161,1138034,3844742,4404317,2978286,4747047,4631151,4143412,4168925,2123313,1475663,1368878,1367558,430080,1589039,13410339
170,000620,2017-11-29,-0.0016750418760468344,-0.0016750418760468344,0.19548090463990045,4744.0,28867.412746934107,933,6644194,1972338,2220461,745341,1902094,851207,822392,375790,597821,0,0,0,0,0,442680,0,658746,0
171,000622,2017-11-29,-0.005692599620493288,-0.005692599620493288,0.325691709924487,6276.0,68573.63528256305,261,3626414,2400581,325613,165883,1149337,524379,960378,400037,677566,141750,513520,214082,0,0,0,0,0,954450
172,000623,2017-11-29,-0.008978195810175338,-0.01325352714835415,0.45673196277965217,43377.0,285150.7701965763,2623,201711970,126095327,963140,1164444,11042321,13424133,15716655,14783823,25132779,20807915,19458034,16134889,16959546,9169769,10814205,10849629,101625290,39760725
173,000625,2017-11-29,-0.0037850113550341735,-0.002271006813020504,0.265766226965965,20992.0,164636.25396450088,2471,101543044,53305377,2159706,1087264,16687360,7781108,17550711,7924825,18530182,8635591,10744418,4669507,7301809,3880406,5318055,3968112,23250803,15358564
174,000626,2017-11-29,-0.013006885998469775,-0.01377199693955622,0.4016013798434908,15396.0,79044.10190968665,1059,26276983,12767586,794305,725585,5922359,5389679,5602785,3139339,5155315,1533864,1480139,706175,969722,674380,1694497,0,4657861,598564
175,000627,2017-11-29,0.004264392324093702,0.0,0.18592244844832043,24128.0,134381.387617458,2549,97352260,77258708,1921086,1760343,12360061,10378122,14326425,9745563,21480813,17247699,11618334,13123513,7498384,5191572,7940602,4003276,20206555,15808620
176,000628,2017-11-29,0.0011223344556676729,0.0,0.4380240603847892,7973.0,32469.933633936304,413,5052179,2866041,527473,498613,1980860,1042611,1025535,879674,608262,445143,910049,0,0,0,0,0,0,0
177,000630,2017-11-29,0.021739130434782705,0.021739130434782705,0.05171640046770089,16638.0,422498.0881965479,2894,117145810,157254881,2104727,1896833,10799159,13338944,11520698,12170836,11422057,17289452,6240999,14607622,4145578,9982831,4487840,5053484,66424752,82914879
178,000631,2017-11-29,0.0046511627906977715,-0.018604651162790753,0.10757182585575732,6816.0,88549.16958879138,1607,26161480,15401091,1259365,1344190,7870126,3941796,3035786,2455228,6018002,3553103,2657707,536295,692602,360804,920606,0,3707286,3209675
179,000632,2017-11-29,-0.0207006369426751,-0.0207006369426751,0.2980315079071021,6185.0,71275.32159565993,444,7019449,4314893,369127,429162,1374077,1198292,823940,179788,1780965,622877,493224,763044,303056,675240,0,446490,1875060,0
180,000633,2017-11-29,0.008083140877598094,0.004618937644341736,0.3645311714393685,7798.5,46290.04236286311,564,6375985,4442489,496693,716550,2308294,1584376,1047840,1545709,1060356,386185,284790,209669,398765,0,0,0,779247,0
181,000635,2017-11-29,0.020805369127516737,0.020134228187919323,0.4167819723341495,15140.0,54119.86805227412,1278,18737928,21452965,1124039,1075773,6753292,6027461,3852538,4781496,4350130,6383461,568566,1492484,1637667,303000,451696,404757,0,984533
182,000636,2017-11-29,-0.011173184357541777,0.023942537909018347,0.21729448427235834,79506.0,453969.26598803967,3337,325648207,377500195,730148,737136,11882086,11653699,20569828,21211677,37711642,41552985,30921093,33278694,28096546,30211396,22663003,16226841,173073861,222627767
183,000637,2017-11-29,0.013722126929674117,0.0017152658662091813,0.2579820873646068,5815.0,36326.76784818214,510,4613469,4479924,430442,485891,1459824,1513949,1323564,1018319,881550,401714,518089,746397,0,313654,0,0,0,0
184,000639,2017-11-29,-0.0026609898882384853,-0.0047897817988291624,0.5715050746980156,14872.0,56991.288309593394,1081,18570061,8099468,1641861,539073,8146333,2328543,2635046,1440869,2275815,2147484,771823,508640,1737663,0,409200,481999,952320,652860
185,000650,2017-11-29,-0.005474452554744547,-0.005474452554744547,0.22124755895649142,5420.0,65863.13596475321,613,9157776,3622722,624599,532718,2125474,1237665,1372538,567070,1245601,217600,1169882,228480,1044322,352070,472608,487119,1102752,0
186,000651,2017-11-29,-0.03850509626274057,-0.0305775764439411,0.7363533373043615,415177.0,942665.1064101,3596,1302526500,1140801456,0,33976,1149202,1774772,7186637,8934848,35595588,41985682,53288066,57495141,57144221,56253494,66678623,60487544,1081484163,913835999
187,000652,2017-11-29,0.0,-0.004237288135593098,0.17399941596698695,5164.5,74437.9241435048,736,10116454,5532865,916587,877962,1951179,2185700,1007118,1292946,758942,941757,2259066,234500,650061,0,451589,0,2121912,0
188,000655,2017-11-29,0.02941176470588225,0.02941176470588225,0.1784072723561051,18036.0,88464.30522466313,1760,31833464,47829129,1451420,1491001,7550079,10134789,8099593,8937827,6566623,8897879,3078697,4227196,1378516,7108431,443090,901190,3265446,6130816
189,000656,2017-11-29,0.03070175438596512,0.002192982456140413,0.12895010666130408,4560.0,64285.70285040923,1252,14634790,8308935,2534357,640767,4929861,1838192,1665837,538155,1798922,1591609,1282081,1033402,0,734614,452725,411300,1971007,1520896
190,000657,2017-11-29,0.030744336569579422,0.030744336569579422,0.3180915778925953,12620.0,70218.10453120228,1511,22391723,30832867,1327402,1131001,7388585,7138833,5391044,4895519,3171532,6916351,2308418,3884649,352621,2879809,943895,959840,1508226,3026865
191,000659,2017-11-29,0.05789473684210522,0.03684210526315801,0.14126577828823617,14196.5,136638.12482272863,724,13133944,25727023,550673,559402,3546911,3020671,2445527,2626750,2506202,3127541,1354940,1313621,1071472,3254057,417470,1818216,1240749,10006765
192,000661,2017-11-29,-0.0016978922716628375,-0.007025761124121899,4.289252939112049,34397.0,198204.07626805597,1590,77104393,73093975,11845,10192,9405740,5402371,7712047,8737241,13295662,27453315,8830899,7052582,5631060,6926564,5251525,3167313,26965615,14344397
193,000662,2017-11-29,0.00336247478143914,-0.0013449899125755893,0.5915713033951914,7415.0,65287.30416620226,631,10322993,7327899,554917,623538,3026334,1685647,2932413,584666,1210410,1548680,1554358,0,0,370263,450561,1377595,594000,1137510
194,000663,2017-11-29,-0.02333523050654529,-0.011383039271485429,0.7019422212569039,13808.0,41430.384388977,626,9246877,7406510,567958,452231,3643508,2631459,2328697,1992852,1834398,1239952,487533,429626,384783,660390,0,0,0,0
195,000665,2017-11-29,-0.0009689922480620172,-0.00387596899224818,0.39845760658561225,6147.0,79476.18897873879,670,13286890,8603942,861709,197627,2462658,1410562,2072972,1206543,2002651,1026305,2256482,1639836,1655285,1116809,0,421070,1975133,1585190
196,000666,2017-11-29,0.030991735537190257,0.009297520661156966,0.46296769862940135,15463.0,90567.30811644126,1751,24759404,43354305,1215949,2201430,6125535,11357139,4974998,7093638,5061368,7853881,2714546,3072400,1840983,2803613,441000,1812405,2385025,7159799
197,000667,2017-11-29,0.023178807947019875,0.01655629139072845,0.09909134208158386,5219.0,132554.9519149022,931,9918537,17918700,873820,1003368,2692105,2900174,1499171,2157659,1239824,1492505,978310,700633,680826,650273,0,0,1954481,9014088
198,000668,2017-11-29,-0.002599090318388675,-0.00974658869395717,1.019543905038841,7665.0,51365.49595652805,227,3915730,1600280,313159,199958,876988,619392,568420,135804,1114365,430506,272696,214620,770102,0,0,0,0,0
199,000669,2017-11-29,0.005124450951683679,0.0065885797950220315,0.41728857906893563,15168.0,96681.84412934951,1071,21830712,24858819,890594,778999,6138747,4987256,2962992,4335919,3073939,6163598,1499628,3159705,1081114,699895,1690068,2666330,4493630,2067117
200,000670,2017-11-29,-0.017605633802816878,-0.008802816901408383,0.12504031266243482,12857.0,59456.7918498507,2069,38063744,31743942,1646389,1765471,8958581,8283976,7600542,8521625,9386299,7828100,5048962,2832723,1419400,1423510,2291411,425996,1712160,662541
201,000671,2017-11-29,0.09667194928684641,0.045958795562599075,0.12544908480647524,20736.0,215167.23064015835,2539,79576510,133922535,1405258,1755989,7207658,10576653,8116078,13633721,14056947,30565447,7804874,13422856,14512822,12485595,5308977,8201297,21163896,43280977
202,000672,2017-11-29,0.027692307692307683,0.027692307692307683,0.2365589919421601,17034.0,1020056.5436761084,1699,165158436,10918050,2258508,0,15748434,0,13060068,0,15137214,0,9370704,0,4625141,0,6375726,0,98582641,10918050
203,000673,2017-11-29,-0.012205754141238034,-0.010462074978204061,0.6667711562278041,11340.0,58089.83104655253,295,5395375,2766239,329377,219373,1555421,889644,1228097,313971,1112170,431377,435992,0,734318,318360,0,0,0,593514
204,000676,2017-11-29,-0.010344827586206806,-0.011206896551724022,0.3985670529596751,7973.0,41978.44008794627,847,11476605,6008467,877176,969908,4750982,2601357,1437459,1088031,1691144,949566,722457,0,1114351,399605,883036,0,0,0
205,000677,2017-11-29,-0.0050890585241730735,-0.0050890585241730735,0.21355589691976398,5432.0,39960.969133672246,338,4528265,2973239,277230,283209,802594,1121740,750646,823860,2426195,744430,271600,0,0,0,0,0,0,0
206,000678,2017-11-29,0.03470437017994854,0.03984575835475579,0.24650486819039924,13459.0,56916.1438554009,998,15649332,16258733,1046158,839301,4495889,4542383,3408938,3685782,3921870,3478286,1167631,1832145,636686,326027,471200,406927,500960,1147882
207,000679,2017-11-29,-0.009497964721845387,-0.0013568521031207537,0.30328480522843143,4362.0,29889.836710351967,590,4602355,3680947,589656,479534,1941670,1488143,749535,1000847,757896,232383,563598,480040,0,0,0,0,0,0
208,000680,2017-11-29,0.022774327122153215,0.0331262939958592,0.1490611538137695,9620.0,108016.61493928803,1051,20693416,27686693,1527232,795170,4100096,2726058,3115847,3245936,3488745,5085926,2864315,3933315,1427870,3031772,2588246,2342441,1581065,6526075
209,000681,2017-11-29,-0.020902090209020896,-0.023652365236523587,0.48254739605205593,9135.0,74983.02569889172,1420,31651076,14311617,1851024,979168,8403264,4068053,4985030,3511014,6842542,2789385,1704164,230691,2948022,691695,952278,0,3964752,2041611
210,000682,2017-11-29,0.09935205183585305,-0.006479481641468721,0.18620620732651347,5915.0,40172.12908820201,618,6107416,5060566,765259,699252,2187939,1643696,950797,1163447,1372155,1004771,264024,229500,0,319900,0,0,567242,0
211,000683,2017-11-29,0.02758620689655178,0.017241379310344973,0.06783200062901024,12180.0,151704.9935089357,1841,32103210,56187031,1169139,1623706,6135479,9743635,3169498,7766625,3499189,8319774,2496383,6165008,2741112,4118016,479813,1823578,12412597,16626689
212,000685,2017-11-29,0.0009775171065493637,-0.0019550342130987275,0.3366387280741621,7358.0,79074.38791773428,923,15388935,11017679,1089610,697610,3114872,3159841,2326505,1797814,2270642,1937619,1496398,494698,611700,1422549,943485,478001,3535723,1029547
213,000686,2017-11-29,0.00969827586206895,0.003232758620689724,0.2534123045678578,9280.0,130980.59411008918,1341,30455531,28773222,1501145,1183345,5349302,4748670,4482984,4222528,4800342,3281121,3499623,2397833,1308153,1384358,1772284,4129363,7741698,7426004
214,000687,2017-11-29,-0.013043478260869601,-0.011304347826087024,0.31929706958822696,15981.0,55768.050600153074,1298,28458413,13892093,688464,1083116,7756901,4633956,8924782,2879150,4409788,3196751,2147572,457398,2061861,1137092,857179,0,1611866,504630
215,000690,2017-11-29,-0.004907975460122782,0.0024539877300613355,0.21517578113124425,16340.0,238505.3882160187,1435,45501183,54579104,1342941,1235507,5350608,6166038,6089288,5614213,6887676,8067062,4744254,5458934,3975786,1722082,4007674,4430831,13102956,21884437
216,000691,2017-11-29,0.03653585926928282,0.051420838971583116,0.1804176790700831,20384.0,460127.62600742636,1699,128955819,57620070,938112,1615898,7450401,6632312,8732872,7256456,10460212,6074857,10617130,5585374,4557553,3750261,5581183,1296540,80618356,25408372
217,000692,2017-11-29,-0.009861932938856177,-0.013806706114398493,0.2369503054746816,4990.0,45686.955931983925,458,5453018,3559764,468389,401976,1355825,1754352,1208836,620484,1088614,0,985664,201192,345690,0,0,0,0,581760
218,000697,2017-11-29,0.0030621172353455517,0.004374453193350947,0.6139960514730508,13788.0,74517.7147885698,1387,31356935,23364142,1455438,1301380,7378282,4787576,4655178,4917015,7792898,5683225,3443591,2608430,1045416,994170,1370790,1384701,4215342,1687645
219,000698,2017-11-29,0.0034364261168384758,0.0034364261168384758,0.22998746569106762,5494.5,61552.92359986804,640,6547204,7991480,562273,530835,2096865,1504511,892297,1440799,1886084,1389317,241185,1304902,0,679780,0,0,868500,1141336
220,000700,2017-11-29,-0.0034129692832765013,-0.0068259385665528916,0.18450434427111495,7566.0,49365.10188886807,1009,15049861,9395114,1029415,909268,4227437,3027252,3100680,2438964,3431077,1593862,1221102,789288,0,636480,959030,0,1081120,0
221,000701,2017-11-29,-0.010328638497652642,-0.010328638497652642,0.36780428355346695,6291.0,28749.009402385407,838,9498367,3858016,931626,582902,3952777,2054037,1622666,1040672,2216491,180405,463877,0,310930,0,0,0,0,0
222,000702,2017-11-29,-0.002645502645502562,-0.003968253968253843,0.31002727136314745,7535.0,59446.93595210616,594,10431385,5727276,639178,523905,2227720,2121267,1884962,1571472,1319120,1048210,1504131,462422,1662540,0,455940,0,737794,0
223,000703,2017-11-29,0.018488308863512826,0.018488308863512826,0.3353170545616682,56640.0,576648.3392291607,3015,301857835,297261067,1688396,722852,13333222,10060343,17951108,18135264,32215784,25700059,19397389,23341034,20519376,14263313,15257315,15818131,181495245,189220071
224,000705,2017-11-29,-0.008027522935779796,-0.00917431192660556,0.42915193987814887,8620.0,32908.54913336539,412,4495332,3273855,428853,530189,1761622,1216289,856035,956331,958683,284140,490139,286906,0,0,0,0,0,0
225,000707,2017-11-29,0.0049586776859504855,0.0,0.30682596757919933,6050.0,33082.02617860715,388,4035835,3574048,330904,299145,1627330,941878,894957,1781160,651976,551865,530668,0,0,0,0,0,0,0
226,000708,2017-11-29,0.04409317803660584,0.04242928452579031,0.27049834623413926,22122.0,122913.33762170539,1976,51295641,65366018,1312895,1057912,9592128,9694031,8648441,10208436,13937576,15816676,5744153,6420930,3407671,4993375,2227019,2612219,6425758,14562439
227,000709,2017-11-29,0.021844660194174637,0.024271844660194164,0.07228106316475781,46065.0,496405.4257499931,3273,245386874,374797007,1642623,1295588,13259574,13366134,17244364,19024072,24561720,32142078,21119161,25311135,17959963,21310239,10129189,17175218,139470280,245172543
228,000710,2017-11-29,-0.05273598941973889,-0.057695486857331835,1.2492390661491715,35862.0,146593.75026321624,2347,108262887,77262671,891525,1034465,11531856,11333693,16101009,12691064,25637373,16994819,16617025,10629534,11907615,8622775,6834485,5293306,18741999,10663015
229,000711,2017-11-29,-0.017080745341614967,-0.01164596273291929,0.33897972528622516,12770.0,82006.28079472842,1444,35043116,15542915,1308198,1069487,7867092,5623350,5623553,3738128,7758456,2555837,4304245,1222109,2116692,644756,897850,0,5167030,689248
230,000712,2017-11-29,-0.0011764705882352233,-0.0011764705882352233,0.5412653136474076,15272.0,107363.08687008935,986,29811870,17347786,703683,913425,4293135,3784319,4825251,2924139,6748015,3351448,3794638,1101417,2695145,2526931,2255046,869626,4496957,1876481
231,000713,2017-11-29,0.002789400278940146,-0.002789400278939924,0.36845184221159016,5704.0,55815.98887308027,378,6600816,2316026,292801,341237,1055792,1093012,1163732,447838,1230589,433939,911960,0,1104702,0,841240,0,0,0
232,000715,2017-11-29,-0.0010729613733905241,-0.0021459227467810482,0.4410618969434901,4650.0,38437.39793415062,446,3679259,3058943,858213,191590,1029660,994135,837736,542679,513800,673807,0,0,0,656732,439850,0,0,0
233,000716,2017-11-29,-0.010714285714285676,-0.010714285714285676,0.19737240957298413,6648.0,54834.867333391594,805,13530610,5178322,1012738,608247,3519208,1885930,2567489,1431718,1967663,776051,1579683,476376,698756,0,826534,0,1358539,0
234,000717,2017-11-29,0.03980099502487544,0.05174129353233825,0.1688728697672213,205996.0,1468017.2154124044,3557,763214171,1161096198,231073,321893,7109604,8689356,14278609,17887986,37692601,44881895,33227448,47581689,36890003,49242292,37209224,43816087,596575609,948675000
235,000718,2017-11-29,0.010266940451745254,-0.002053388090349051,0.14601067800758652,5335.0,73593.98944978065,1113,14571734,6748465,2685217,649784,3930987,2059346,2135325,911476,1956771,746524,1714465,0,704606,0,484999,0,959364,2381335
236,000719,2017-11-29,-0.01475237091675452,-0.017913593256059013,0.307679592926173,12076.0,38974.93158465806,951,14176957,6158780,1126438,598492,6910252,2597350,2162985,1671246,1613826,561624,1485974,276948,375435,0,0,453120,502047,0
237,000720,2017-11-29,0.017353579175704903,0.021691973969631073,0.11185241670711861,10856.0,104355.53247151518,1704,30546123,35986457,1306453,1778707,5769760,7581194,5194217,5853233,4971820,8065230,4068647,3979718,996048,3012088,2242839,1344333,5996339,4371954
238,000721,2017-11-29,0.0034364261168384758,-0.005154639175257825,0.2394891437740682,5770.0,36992.647997948334,590,4954932,3593490,619609,599447,1833230,1182133,1145907,880652,612434,451518,204257,0,0,0,0,479740,539495,0
239,000722,2017-11-29,0.013306038894575378,0.00921187308085969,0.4240602635894707,9915.0,38783.75361078013,530,7329384,5941669,740557,576075,2729563,2012545,1373473,1297572,1701385,2055477,456208,0,328198,0,0,0,0,0
240,000723,2017-11-29,-0.009234828496042291,0.0013192612137202797,0.22437567549882534,7620.0,101003.40934518684,1143,22688098,27096606,612416,1638341,2664709,3762203,2466420,4067229,2889185,10706794,2331146,3428773,3484737,1822352,454480,1670914,7785005,0
241,000725,2017-11-29,0.0,0.0,0.09039133793804568,529837.0,2749093.294966585,3599,2136315550,2423564422,20522,40021,827497,982744,6838969,7765049,31569736,38881933,44739358,55278012,56536366,54330901,60343584,61347027,1935439518,2204938735
242,000726,2017-11-29,0.01028999064546321,0.00093545369504211,0.2568692494887847,5345.0,55459.908502796534,1732,20996741,11093511,4363866,890844,5333056,2479982,3207864,1483810,2443886,2346720,1663386,1830267,1026978,0,1368689,0,1589016,2061888
243,000727,2017-11-29,0.007936507936507908,-0.003968253968254065,0.07275317401003002,4518.0,76292.87703750434,1207,22574544,6997881,1358419,818528,4294761,1619593,1940383,1082883,4114597,1554968,4185885,1473373,1084455,0,874750,448536,4721294,0
244,000728,2017-11-29,0.00406504065040636,-0.0008130081300814496,0.2752577301260954,23227.5,172331.71398894908,1998,79405804,72163606,1460565,1186436,8979661,8526411,9302992,9987580,13951511,11971904,9969038,7568598,8402043,2058829,7562785,3286799,19777209,27577049
245,000729,2017-11-29,0.0033840947546530664,0.0033840947546530664,0.15793473174218908,4144.0,58458.362556992404,1402,17701916,9442596,1733480,1213378,3120983,3640528,2314496,1799736,2105203,1172961,2333662,0,2762852,0,1382214,467680,1949026,1148313
246,000731,2017-11-29,0.007968127490039834,0.009296148738379806,0.23610158452815883,7610.0,59324.89138231376,1017,12277780,16725924,1312548,851601,3248064,3559682,3206505,3045346,2809601,3303688,473105,2680336,703232,1998255,0,0,524725,1287016
247,000732,2017-11-29,0.04268292682926855,0.007317073170731714,0.4971671248508286,8212.5,85536.54887476657,1088,15539326,14960360,1411993,1136505,5828184,2951526,2212419,2425920,1586300,2453858,212810,2362160,1004048,943942,469039,0,2814533,2686449
248,000733,2017-11-29,-0.0041551246537395725,-0.00484764542936289,0.4475135018254699,10080.0,70869.00271118572,1041,19862657,9531576,938199,806144,6210222,3134280,2745467,2034301,3822230,1102554,1422367,1056413,1732100,374660,427500,445224,2564572,578000
249,000735,2017-11-29,0.02826379542395685,0.020188425302826385,0.15390299484716483,22971.0,181467.8442122754,2336,79374733,92910681,1704927,1616876,10901480,10675485,11756128,12038694,14530066,16904295,9652149,7491516,8785626,6611093,4940318,5062088,17104039,32510634
250,000736,2017-11-29,0.049339819318971356,0.015983321751215973,0.6039692718942914,13185.0,35687.5308223548,567,6160581,7402463,462365,434611,2833197,2531871,1469645,2528869,855569,1197861,539805,409131,0,300120,0,0,0,0
251,000737,2017-11-29,0.0019493177387914784,0.0,0.2097206766568925,8950.0,65219.95593990482,598,9920436,6080869,507025,570326,2180399,2588713,1810612,1166665,1479117,1200805,737241,554360,1026322,0,0,0,2179720,0
252,000738,2017-11-29,-0.004224502112251116,-0.005431502715751324,0.5024546433791718,8285.0,55950.3212150686,1087,18684070,11254416,1527576,991286,4923827,3303778,3432058,2683124,2993953,2199359,3289302,774383,925424,652856,432959,0,1158971,649630
253,000739,2017-11-29,-0.007440476190476164,-0.004464285714285587,0.337831481538181,8697.0,46487.132854368734,395,6921011,1998926,480126,283101,3067978,1054501,905584,314053,813214,102051,747918,245220,307026,0,0,0,599165,0
254,000750,2017-11-29,0.0038022813688214363,0.0038022813688214363,0.1324771163780874,5250.0,87932.54872479136,1579,18472282,19681274,2196303,1279989,4705140,3755442,3758510,1946917,4836525,2699505,1537064,2202547,384928,1805653,0,1276402,1053812,4714819
255,000751,2017-11-29,0.03822937625754541,0.04426559356136828,0.09737142256246413,25500.0,153974.52210735955,2616,67189604,118825031,1451122,1733796,11201692,13116054,12657281,13292655,14556117,20145775,7100727,13929262,3762038,7121319,3579226,8289262,12881401,41196908
256,000752,2017-11-29,0.02230769230769214,0.005384615384615321,0.6687868258620399,6525.0,33475.245733849086,377,3557621,2528580,446977,345098,1234797,1013009,561781,421603,924066,528325,0,220545,390000,0,0,0,0,0
257,000753,2017-11-29,0.002564102564102555,0.0,0.18601536343321481,7780.0,54366.414776209655,439,7153831,4374227,297072,507481,1480074,1649330,1081504,1147510,2098480,799006,538295,270900,698470,0,440380,0,519556,0
258,000756,2017-11-29,0.020436927413671757,0.02255109231853414,0.30986401964821286,17568.0,88522.97895081568,2111,28538119,48533647,878659,3863131,7256999,15662000,6687895,12436761,5203698,9099921,2349383,1357822,3735973,683622,1296207,897890,1129305,4532500
259,000758,2017-11-29,0.024390243902439046,0.028963414634146423,0.14197366426811495,18117.0,173342.87918574354,2139,62257302,73349883,1690651,1996246,8636194,10526022,7960564,9867120,12097845,11196938,5086279,6598593,4254586,6700429,5755524,2234974,16775659,24229561
260,000759,2017-11-29,-0.022646007151370884,-0.028605482717520836,0.2375072145377714,5831.0,48740.008966649606,1248,17773915,6050221,3758388,980934,3705876,2332336,1452771,959365,3371031,1128903,1970267,221675,1386826,0,900398,427008,1228358,0
261,000760,2017-11-29,0.013005780346820872,0.007225433526011571,0.2694607127034,6870.0,33157.40466352299,659,6262505,5162849,687451,883266,2745727,1974888,1146074,1096189,1086994,852293,254759,0,341500,356213,0,0,0,0
262,000761,2017-11-29,0.03157894736842093,0.03859649122807007,0.10722024120402757,29692.0,198803.97970587286,2839,121848218,141385615,1757742,1045917,13590626,8444414,15868252,15524502,24732841,23664120,15414657,13378605,8450444,11931657,6426158,8650872,35607498,58745528
263,000762,2017-11-29,0.02473050095117313,0.034876347495244264,0.28622163578640203,53196.0,196984.48912174455,3040,164119166,178460885,1151225,1195295,12673407,13140580,18181078,21733612,36596974,37502315,19099593,23141472,20015578,18517873,10735534,12839875,45665777,50389863
264,000767,2017-11-29,-0.0033112582781458233,0.0,0.1454255215501735,6040.0,55710.07624255401,431,5734201,3704997,324420,708935,980084,1083178,1595466,469474,977232,281574,468300,673804,0,0,1388699,488032,0,0
265,000768,2017-11-29,0.01160766105629718,0.0034822983168891763,0.3815065329629195,17280.0,135333.82820685738,2040,63255638,51983770,1819427,1325152,10278338,7955791,7276791,9764973,14649306,10211941,7398412,2711698,6325995,5832135,950694,2658893,14556675,11523187
266,000776,2017-11-29,0.0016825574873808868,-0.0044868199663488095,0.335623567472628,42336.0,271665.38062487805,2823,201669544,116889363,1418503,1093469,14775375,12276263,23649957,16138429,29524308,20262934,12785961,11479949,14714170,9271244,7959196,10644156,96842074,35722919
267,000777,2017-11-29,0.003868471953578423,0.0,0.5637887925971039,9312.0,52840.91421188443,756,11363059,9138648,872645,880545,3166098,2951593,2060071,1480160,1946007,2313028,1760321,529984,1054337,983338,0,0,503580,0
268,000778,2017-11-29,0.005357142857142838,0.012499999999999956,0.11704921737223851,19142.0,152523.23783015241,2295,61972838,74859396,1431040,1483303,9533323,11938802,9530956,10381262,12664433,13166491,6477890,8065539,4146673,4847514,1712307,5080526,16476216,19895959
269,000779,2017-11-29,-0.005235602094240788,-0.011780104712041828,0.6947971829818795,11960.0,68728.49407833198,483,9494424,5026815,458274,399542,2338896,1768284,2292631,926145,1915817,533900,693348,225000,0,0,450600,0,1344858,1173944
270,000780,2017-11-29,0.016666666666666607,0.02083333333333348,0.17139424879618384,4840.0,45500.37420852448,784,7257248,9421176,644820,527176,2229329,2993589,1816085,2366253,1798678,1229326,768336,722777,0,672121,0,909934,0,0
271,000782,2017-11-29,0.022170361726954413,0.007001166861143604,0.4661964929297387,9449.0,30989.2683591948,337,3995167,3005882,288724,392653,1630278,1476376,1332542,706075,280938,430778,462685,0,0,0,0,0,0,0
272,000783,2017-11-29,0.0022421524663676085,0.0011210762331839152,0.2124959944216679,7095.0,126412.56022125338,1763,27210457,29134876,1436178,2388740,5644566,5360521,3690958,4325931,3881297,3097487,3209123,1682654,1690357,1737539,1344908,836497,6313070,9705507
273,000785,2017-11-29,0.001978239366963619,-0.0029673590504450953,0.4784021024811539,10010.0,49146.39439930121,446,6870861,4307661,394224,367482,1795322,1351193,1430715,1211998,1822820,1376988,424280,0,0,0,0,0,1003500,0
274,000786,2017-11-29,0.05996548748921482,0.056082830025884434,0.3971238050007631,83215.0,532117.936703821,3412,365237500,486605080,821722,1227263,10506422,13127096,18683224,20718218,35728742,36433006,29900934,35696429,23870528,28941870,25852360,24104842,219873568,326356356
275,000788,2017-11-29,-0.002085505735140769,-0.017726798748696537,0.35560155297974777,9490.0,52086.725499486136,727,11735413,6860175,910120,677235,4011724,1832849,3043169,1960704,1844115,1090266,479472,282000,327652,0,496329,442740,622832,574381
276,000789,2017-11-29,0.0765076507650766,0.0765076507650766,0.24112776232320274,68912.0,929569.8889057804,2131,308296797,323869209,1299246,218153,10816576,3448876,10709151,7208905,17912784,17966902,18799703,15696327,16200916,15640480,11084376,21138713,221474045,242550853
277,000791,2017-11-29,0.03594351732991008,0.042362002567394086,0.1757612605361831,15360.0,107149.27793111015,1968,50048524,50832178,1873409,1608670,9037394,7233730,8634598,6892991,11449745,6405551,7844410,5834626,4749808,5514223,3675816,4847977,2783344,12494410
278,000792,2017-11-29,0.014285714285714235,0.030714285714285694,0.23677280418380786,117113.0,426768.6239454807,3501,391436583,463837836,526521,512074,11580897,10057604,22000127,22291594,46365161,52407006,41758808,50758210,32423272,34690072,32915478,34360926,203866319,258760350
279,000793,2017-11-29,0.002849002849002913,0.0,0.26337354584019534,17697.0,182632.69945326325,1600,54043769,62910707,1325552,473908,10887204,5594143,4991267,5641370,6395614,4889186,4514904,3311221,3339142,2248992,2260069,1379258,20330017,39372629
280,000795,2017-11-29,0.02777777777777768,0.02777777777777768,0.1331743619142658,16605.0,119763.97079465206,2115,41787332,57892767,1606315,1780103,10200494,10576364,7479693,9212708,8356320,9815187,4150920,6857646,3376204,4624053,2245865,2181495,4371521,12845211
281,000796,2017-11-29,0.016181229773462924,0.012944983818770295,0.3789345944559025,8687.0,45035.04578414529,1064,10745153,12662367,868013,1271807,3880068,4087312,2113680,2656795,2165985,2203946,899769,949879,386260,0,431378,412824,0,1079804
282,000797,2017-11-29,0.003177124702144596,-0.005559968228753043,0.3857280373573956,12460.0,76535.56877003812,1065,22350870,16943009,1494406,652892,4051289,5046480,4426328,3172790,4479858,3250423,3117320,1156892,1329567,1068956,500000,1346576,2952102,1248000
283,000798,2017-11-29,0.0,-0.0011834319526626835,0.47702491416378506,6704.0,36991.97831500983,313,3992983,1735111,359856,324957,1065930,911018,816885,246236,1177191,0,236321,252900,336800,0,0,0,0,0
284,000799,2017-11-29,-0.0072202166064981865,-0.010108303249097395,0.5433049237560017,27260.0,121948.10120040551,2600,81232775,76265470,1833527,1349481,13886919,12436635,14627843,12683941,21834229,15255929,10533793,9771979,6174460,4763108,2996174,2243624,9345830,17760773
285,000800,2017-11-29,0.0372492836676217,0.04106972301814715,0.2413604151111885,39222.0,313504.58500328835,1884,118664730,148432740,880515,850766,6923834,7200413,10835324,8756173,14747499,13940282,11779123,14146233,6804851,8465993,4960125,14277651,61733459,80795229
286,000801,2017-11-29,-0.003076923076922977,-0.004615384615384688,0.20228313565268924,11628.0,36471.942326489145,1033,17904481,6772055,1263280,706415,9410713,2355127,3266138,1233497,2280087,2202630,971651,274386,712612,0,0,0,0,0
287,000802,2017-11-29,0.006701414743112366,0.0,0.41552940968370905,14828.0,54672.480129558244,1044,22063135,14235743,764724,859517,5874279,4566918,5572535,4616925,4657510,2823539,2200728,433164,1620908,316240,1372451,0,0,619440
288,000803,2017-11-29,-0.03530796390741464,-0.030992546096508367,1.9921667406321908,14832.0,120654.47776533336,163,3448030,3137874,161629,87088,708187,481120,777392,550741,761923,612765,694499,0,344400,0,0,0,0,1406160
289,000807,2017-11-29,0.048458149779735615,0.07268722466960353,0.1544064843797054,148024.0,640289.8807378538,3468,522674109,656445852,344480,654988,7329363,9513297,19046283,21809503,41761153,52472430,43877042,45160070,38028954,45008095,34303078,31768335,337983756,450059134
290,000809,2017-11-29,-0.008064516129032362,-0.0026881720430108613,0.20902533552390934,11085.0,51340.09682379351,316,6369195,2407933,169311,274848,1450583,1453511,930660,464974,2448231,0,263410,214600,1107000,0,0,0,0,0
291,000810,2017-11-29,-0.017797552836484987,-0.015572858731924377,0.2739402664661166,5376.0,31057.374683455193,1078,11094853,4246205,2433311,886003,2881596,1926641,2396691,620796,1396719,434870,1628269,0,358267,377895,0,0,0,0
292,000811,2017-11-29,-0.015186915887850594,-0.014018691588785215,0.32457499740033213,10152.0,99043.7911744274,695,19455175,6692667,616491,650870,3849537,1974856,2289345,1478546,3924058,1114431,1905949,494814,1401095,979150,480900,0,4987800,0
293,000812,2017-11-29,-0.007712082262210873,-0.015424164524421635,0.2849449832365895,13662.0,90795.50660062903,747,19396541,13037089,521231,679205,3810066,1916973,4462852,2094493,3624457,2109195,3693183,1041513,1053814,669090,962970,887840,1267968,3638780
294,000813,2017-11-29,-0.004338394793926392,-0.007592190889370909,0.22626077498760697,11868.5,68531.99018662507,1662,35672766,21308966,1541525,1651571,8410064,6206132,6176794,4199599,9500416,3752770,2985575,2757246,2397692,680711,1688163,456724,2972537,1604213
295,000815,2017-11-29,0.031858407079645934,0.010619469026548645,0.6368141498452056,10238.5,49462.361952444255,708,10175885,7557810,787070,535794,3639734,2742011,1967884,1433035,1279169,1948366,1013742,230715,337600,667889,0,0,1150686,0
296,000816,2017-11-29,-0.02887139107611547,-0.023622047244094446,0.08428912337978242,12342.0,115569.99863656894,2053,57728244,33773334,1485716,1991885,8498506,8973984,7784284,5657876,9381301,6788603,8612309,3147553,2892353,2818893,3599443,855046,15474332,3539494
297,000818,2017-11-29,0.0008726003490400203,-0.0043630017452007674,0.40019284074785966,12578.5,122428.01021989799,820,22634730,13504765,600932,658399,3984400,3844782,2584463,1841556,3751004,2191388,2611549,687756,1807416,720612,1392220,838712,5902746,2721560
298,000819,2017-11-29,0.0031201248049921304,0.002340093603744098,0.498883775852652,8977.5,49978.09961117,660,8766546,4902540,507551,606915,3220492,2282300,1956675,763007,1490208,725735,255600,524583,358120,0,0,0,977900,0
299,000822,2017-11-29,0.05858585858585852,0.05454545454545445,0.17977385954255648,43092.0,241485.11147786665,3037,137043222,205162254,1169026,1249586,14542351,13563685,17852693,19366468,24817882,33632376,17936853,22973393,16162904,15535164,7661801,16425386,36899712,82416196
300,000823,2017-11-29,-0.014867485455720808,-0.023270846800258593,0.3373295707066934,46345.0,221698.4816473318,2107,146844685,91592675,727603,846639,11367995,6935841,13854414,10701606,25890109,20378104,15066175,11666603,11629877,9209694,8923331,6549430,59385181,25304758
301,000825,2017-11-29,0.023076923076922995,0.028846153846153744,0.09156035134900566,52400.0,502801.455679392,3241,268074344,351987172,1417862,925282,14437731,12340396,19130092,18150846,32742953,32087403,25590799,26148680,16533262,19147823,12894764,17744755,145326881,225441987
302,000826,2017-11-29,-0.0008513053348467858,-0.005675368898978461,0.856611317076675,28328.0,169570.22366645542,1692,79346605,57573089,929238,735878,8046969,8310113,9157474,6614916,13269850,14244104,8176467,6385808,7476318,6101946,3876951,3436579,28413338,11743745
303,000828,2017-11-29,-0.0008841732979664174,-0.0035366931918656697,0.4233469813360467,5610.0,39017.5811037306,713,8642601,4293578,765336,305287,3922361,1252217,1361530,618143,1314481,918733,942593,491166,336300,304875,0,403157,0,0
304,000829,2017-11-29,0.007633587786259666,0.009814612868047856,0.3221811061227966,7372.0,39291.920603246865,810,6929189,6599826,785004,900292,2446495,3963652,1333716,1058129,393185,477028,514989,200725,305440,0,405756,0,744604,0
305,000830,2017-11-29,0.04292421193829643,0.03554661301140172,0.2550159832499576,111528.0,664122.3425368477,3429,511718363,560042392,771168,526624,10564045,10824680,18049885,18581299,40810080,43183461,30179115,33866594,32402886,35035113,31676172,33221314,347265012,384803307
306,000831,2017-11-29,0.02782324058919805,0.036006546644844484,0.24048790530967623,36805.5,158539.44549560387,2584,94929362,125293002,1167308,1292797,12477771,13077524,14670488,16761590,25167578,24155300,16486316,15047526,6026433,11231551,3579620,4566653,15353848,39160061
307,000833,2017-11-29,0.013177159590043841,0.01171303074670571,0.26696702505371117,8208.0,50492.325773591896,654,7364922,9313767,595159,651534,2759450,2216597,1316457,2775898,1606099,2275678,767708,295830,320049,334026,0,0,0,764204
308,000835,2017-11-29,0.002430133657351119,0.002430133657351119,0.3585689332207135,8180.0,37936.718865229974,526,6673098,4662981,630861,355930,2738487,1429457,1547702,1302028,1030840,744250,725208,478216,0,353100,0,0,0,0
309,000836,2017-11-29,0.001945525291829009,-0.021400778210116655,0.11709452734713031,17500.0,190505.31222491062,1933,63776235,68005106,1098143,1754084,6705949,9248982,6930644,10939824,9285084,8267380,8276470,5221896,6185039,2325013,6574663,986437,18720243,29261490
310,000837,2017-11-29,0.0016207455429497752,-0.0032414910858994395,0.2622068840795313,9150.0,41496.248611823146,553,8377005,3820337,568819,567196,2653852,1662654,1994974,1093912,1747687,242816,249690,253759,712163,0,449820,0,0,0
311,000838,2017-11-29,0.004552352048558417,-0.009104704097116834,0.13818225312534943,16350.0,69627.62559656614,2279,54276314,33131382,2009249,1599450,12449955,9588150,13020963,9183071,13521069,6857687,4019233,1994764,3392800,1655414,1370218,488800,4492827,1764046
312,000839,2017-11-29,-0.018590998043052975,-0.017612524461839696,0.17450454259844833,88450.0,459788.36107242096,3435,427625220,344622503,674873,698325,11602276,12983959,19835635,25513155,42602259,46283105,35273334,33423650,33255843,23280057,25319545,22267369,259061455,180172883
313,000848,2017-11-29,0.002136752136752351,-0.0032051282051280827,0.2534857882357622,7423.0,123425.85103501867,1364,27649018,14453467,1885122,1250989,6024800,2499979,3335793,1868348,3492160,2122382,1698071,1076431,1081232,1482520,1781151,0,8350689,4152818
314,000850,2017-11-29,-0.012526096033402823,-0.012526096033402823,0.20179901929843552,7552.0,65444.44387112235,563,10745808,5608835,702813,511803,2050086,1644566,2615788,1278377,2103552,1474939,508247,0,1102409,0,0,0,1662913,699150
315,000851,2017-11-29,-0.0189473684210526,-0.019999999999999907,0.25764112005897316,12246.0,80299.20470323678,1360,33885598,17545791,1493893,1173155,6744310,4839316,6750736,4489894,6114224,3822761,3661131,1892132,2093170,0,0,819503,7028134,509030
316,000852,2017-11-29,-0.02276422764227648,-0.011382113821138296,0.26842429962259695,21888.0,122438.8741295624,2101,65070251,43023538,1282199,1557548,11695175,9595303,12704797,8644512,15272719,11628178,7550037,4076488,5251260,1569234,2254630,2279961,9059434,3672314
317,000856,2017-11-29,-0.002569373072970227,-0.0066803699897226565,0.3926439033333598,26698.0,131297.48652933497,2459,88578241,69640782,1676422,1654785,12750410,11123178,15647883,11823398,19465989,14797856,8768042,9317345,4939815,4628715,9089271,2663162,16240409,13632343
318,000858,2017-11-29,-0.04028985507246374,-0.032173913043478275,1.161425727606997,206677.0,661261.6264296477,3531,752451484,544300371,166287,179609,6057044,6314669,15988918,18100054,46877223,46301983,56779654,48873202,63037153,43706207,56576276,52942215,506968929,327882432
319,000859,2017-11-29,0.0023148148148146586,-0.006944444444444531,0.1962819432338834,6671.5,54281.934767709616,484,7123968,3868050,438363,587788,1423447,2004784,449360,442503,1212894,326992,1412235,505983,1707618,0,480051,0,0,0
320,000860,2017-11-29,-0.010903426791277315,-0.012980269989615767,0.4604417736328042,11584.0,296460.25367025676,1750,83660639,33945558,2701994,1233092,6769018,7714637,5828229,5034872,8602466,5011277,2950259,2585491,5450503,2025728,3126020,0,48232150,10340461
321,000861,2017-11-29,0.0,-0.003058103975535187,0.14521451359685508,4890.0,50086.16267365522,507,5945517,2101394,642318,404410,1931619,864141,714631,564186,1247918,268657,475150,0,0,0,0,0,933881,0
322,000862,2017-11-29,0.0019607843137257053,0.0,0.2319310825580938,6807.0,37961.100167000965,483,5755535,4076236,390056,416689,1473342,1983200,1509829,1070755,1748758,298047,299720,0,333830,307545,0,0,0,0
323,000863,2017-11-29,0.008695652173912993,-0.0017391304347825765,0.3065734352601579,8640.0,52299.159447376405,351,5951648,1917915,582008,280587,1218181,577812,720953,347014,933834,387044,1408737,0,1087935,325458,0,0,0,0
324,000868,2017-11-29,0.0121293800539084,0.02425876010781658,0.14107642228011247,37856.0,261212.89779052683,2777,156382114,183246330,1640771,1267012,12844131,11126023,18099299,15488310,21273808,22874307,18221004,16267810,12998290,11006211,8214532,10862426,63090279,94354231
325,000869,2017-11-29,-0.007725321888412129,-0.011444921316166146,1.0999869559525028,17225.0,102977.85664922484,1009,31162064,12219410,753795,599737,6964930,3813506,3885074,1961278,6238606,1857365,2916351,1505402,1700506,341649,1717403,455796,6985399,1684677
326,000875,2017-11-29,0.007500000000000062,0.0024999999999999467,0.16061958842315505,6022.0,68181.04034165385,620,8493938,5590262,621267,627965,2573081,1927585,634353,877015,1420347,646933,885604,0,711176,0,0,401999,1648110,1108765
327,000876,2017-11-29,-0.011553273427471145,-0.00898587933247752,0.1521748923574275,26810.0,161340.01582997653,2624,120819195,61960783,2392827,1083169,19389836,8697296,16831823,7421475,22045159,12248440,12027914,6763170,11885267,4946671,5855302,3060158,30391067,17740404
328,000877,2017-11-29,0.021333333333333426,0.04977777777777792,0.1905000358721987,99394.0,299676.28614080907,3494,280450421,387547939,524252,536866,11556464,12321076,21724091,25910354,46712965,53491407,41708911,42438022,33550227,41458282,22339669,32441002,102333842,178950930
329,000878,2017-11-29,0.0365079365079366,0.04682539682539688,0.2332237060760617,43975.5,269326.3092681289,2924,159960463,212040842,985869,1295972,12189873,14942902,15333312,15865661,31996909,29494687,18124041,24360819,19275708,13629670,12727290,14795423,49327461,97655708
330,000880,2017-11-29,-0.019567456230690117,-0.015447991761071145,0.39326373909219,8595.0,35798.00945952614,609,6672644,4442925,707885,678548,2849499,1987801,1472513,666604,934997,470099,0,295713,707750,344160,0,0,0,0
331,000881,2017-11-29,-0.015163002274450332,-0.011372251705837777,0.424392847885544,18067.0,56411.58096883027,966,24527558,8838905,694260,666587,5379936,3131167,12103386,2111353,2302968,1312434,1251089,956914,378194,660450,470850,0,1946875,0
332,000882,2017-11-29,0.006578947368421018,0.0032894736842103978,0.12396312375119453,3333.0,32725.931964939624,602,4729780,4074181,608947,598203,1438697,1264898,1044622,862583,1125578,1043497,206416,0,305520,305000,0,0,0,0
333,000883,2017-11-29,0.006479481641468832,0.004319654427645814,0.13351353755989745,4630.0,37451.96688046536,1204,14040284,6904395,927379,512896,6837928,3361952,2484420,1327139,1353002,712582,1169445,562026,317840,0,439871,427800,510399,0
334,000885,2017-11-29,0.09935897435897423,0.09935897435897423,0.31491750269528457,65018.0,534104.3228391777,2459,276527143,169960271,1235303,487764,11320822,6964786,17192228,12712575,30370422,25739035,24401400,20924675,23560563,12093167,14046061,11551618,154400344,79486651
335,000886,2017-11-29,0.029585798816567976,0.025147928994082802,0.16887861397434945,26325.0,265010.3185944518,1605,75490388,89394891,1018994,1112319,5113883,7229731,5868886,7080072,12335992,9994659,13700061,14664969,7871223,7660485,6575539,4917454,23005810,36735202
336,000887,2017-11-29,-0.005515719801433949,-0.0011031439602867676,0.43103226839778525,10800.0,106952.23573147932,1770,30002175,37450844,1211961,4631624,4377983,9111121,6450145,3807481,5121803,4967327,2534756,1868449,2712562,2475871,1329997,480332,6262968,10108639
337,000888,2017-11-29,-0.0010373443983402453,-0.005186721991701337,0.260159459316327,3820.0,24152.633577967666,1374,10792321,5171695,3592098,442609,2788399,2872310,2083702,1353491,1230051,503285,781675,0,316396,0,0,0,0,0
338,000889,2017-11-29,-0.004545454545454408,-0.004545454545454408,0.4755597750856786,13140.0,83023.62604820413,770,18089076,9706848,750799,617118,3856916,2755862,2542708,1825471,3749493,2249397,729075,815008,1119963,1443992,483552,0,4856570,0
339,000890,2017-11-29,-0.014814814814814725,-0.010370370370370363,0.24232363367433782,6685.0,46580.84412998806,776,10534937,4332623,858459,649286,3513198,1952806,2045755,734990,1898241,995541,0,0,1374484,0,0,0,844800,0
340,000892,2017-11-29,0.008415147265077305,-0.0014025245441794398,0.33619280340823293,7810.0,30753.883363455818,449,4205402,4288774,561516,280397,2044855,1481547,409049,1160844,1189982,1149538,0,216448,0,0,0,0,0,0
341,000893,2017-11-29,-0.004021447721179627,-0.006702412868632712,0.3549366518699756,7390.0,34158.03143023239,441,4790440,3355755,469593,361712,1947131,1296182,1225122,523359,680033,481882,468561,692620,0,0,0,0,0,0
342,000895,2017-11-29,-0.035728006146753755,-0.03649635036496357,0.4560144267883647,55055.0,379745.6297875116,3260,316471676,192939193,1047243,761902,14924673,13894060,20067883,20495236,42963034,31804459,28526284,21245906,21710319,14062993,17333102,9832007,169899138,80842630
343,000897,2017-11-29,-0.0026954177897573484,-0.008086253369272156,0.13205511757547353,5872.0,46805.66874253689,790,10974816,3995963,969106,605699,3768445,1684323,1610167,754418,1803290,502208,1308260,0,0,0,400038,449315,1115510,0
344,000898,2017-11-29,0.021865889212827838,0.023323615160349753,0.12282955227427476,71983.5,496205.55703617405,3128,304037562,370982782,1059191,1090139,11068379,11660568,18653225,17626744,34366895,31577886,30108991,28433936,18472981,24861809,18157137,30825889,172150763,224905811
345,000899,2017-11-29,-0.0033277870216305017,-0.004991680532445808,0.3720610992007382,6561.5,39472.26709067617,260,3136296,2288110,171765,354402,1111069,663296,784881,661692,433927,608720,202300,0,0,0,432354,0,0,0
346,000901,2017-11-29,-0.016380952380952385,-0.012571428571428456,0.6301958183099619,23269.5,101313.6556967299,1736,55727128,37968420,1114812,967392,9085449,7205913,10440673,6207421,14249658,9355159,6777513,4794773,2097504,3563775,4908527,1321073,7052992,4552914
347,000902,2017-11-29,-0.012269938650306678,-0.01329243353783216,0.36748298520356165,8165.0,63515.39493076726,708,11652954,7957312,533019,750009,3122297,2560404,2146403,2175452,2695892,1538242,715775,933205,304329,0,419900,0,1715339,0
348,000905,2017-11-29,0.016849199663016012,0.017691659646166924,0.3406406855247302,14412.0,96003.86882616385,1214,23170915,32495557,1097313,771372,5716387,5305256,3656243,4513953,4224589,7589652,4136121,5271676,1411440,2711775,480000,2711050,2448822,3620823
349,000906,2017-11-29,0.0012210012210012167,0.0024420024420026554,0.2932070338978129,10575.5,79879.24384026183,780,16048484,9302767,767763,792502,3505421,2977190,2551030,1791641,2870537,1138044,2621269,1015378,1028324,0,493465,409000,2210675,1179012
350,000908,2017-11-29,0.00164473684210531,-0.004934210526315819,0.2802241592863005,5494.5,47574.96973528841,470,5973024,2252574,673248,274812,1638196,901767,733200,428687,885693,407013,646181,240295,361800,0,410868,0,623838,0
351,000909,2017-11-29,-0.005235602094240899,-0.002617801047120505,0.491497695453604,11320.0,44996.00137797472,543,8102088,4806539,356909,544644,2319365,2376610,1354443,1186301,1855608,290150,212440,408834,2003323,0,0,0,0,0
352,000910,2017-11-29,0.028797027403622666,0.010682768230376283,0.4869021534384812,15015.0,59482.25794963478,1965,28440543,23260216,974598,729077,17335610,9958789,2925093,3018970,1975669,3207932,1269769,1612033,1384354,2149334,1355720,431000,1219730,2153081
353,000911,2017-11-29,-0.006437768240343367,-0.007510729613733891,0.3462580548385579,5514.0,34387.07117486619,724,6925414,4818444,954429,543975,2795469,1673441,1695761,1196399,1062132,647761,417623,201868,0,0,0,0,0,555000
354,000912,2017-11-29,0.10957004160887651,0.0568654646324549,0.15712596650234437,16023.0,72511.88916196929,2110,38210984,47419284,1600739,1744664,10038784,9799899,9515399,9245963,7501945,14038686,3841415,4670199,1589027,4573367,1322199,876075,2801476,2470431
355,000913,2017-11-29,-0.018428709990300773,-0.01891367604267702,0.6573381841910836,18103.5,113365.3405143993,984,30381109,14437979,918749,488796,5008712,4274567,5214036,3133043,4879713,2565945,3699309,626702,1013360,991776,1683490,404600,7963740,1952550
356,000915,2017-11-29,-0.0070807853234631235,-0.0070807853234631235,0.9927230442110085,18468.0,105244.65965499403,979,32693475,18709571,745767,540058,5395503,4679884,3988492,4662322,5228000,3865301,2911311,1713044,5355371,639610,1416180,0,7652851,2609352
357,000917,2017-11-29,-0.0134854771784233,-0.012448132780083054,0.20808339615696186,18145.0,171145.3327338479,2148,80098410,51663402,2017771,1766901,10880107,8543276,10608991,7299453,14835409,8661154,9398379,6239071,4551412,4153033,6409520,2853999,21396821,12146515
358,000918,2017-11-29,0.01854493580599148,0.01711840228245376,0.24907483357596732,13831.0,142690.99639613528,792,18957283,20239673,832581,551136,4208514,2803425,2237725,3033307,2626037,2719162,725568,2154917,1457604,1763272,842623,478062,6026631,6736392
359,000919,2017-11-29,-0.005549389567147456,-0.007769145394006638,0.4187944075950772,7354.5,61135.36273801765,462,8501688,4409056,519941,490154,1427847,1191667,1163322,1036284,2541772,982444,990386,708507,336520,0,939840,0,582060,0
360,000920,2017-11-29,-0.009596928982725461,-0.009596928982725461,0.4172432056294513,11330.0,91797.20462093178,623,12520268,8537939,432969,453729,2722062,2862383,1782340,1545814,2307899,1525517,2256249,0,715493,0,458040,0,1845216,2150496
361,000921,2017-11-29,0.0078069552874378,0.012775017743080097,0.3359166776218542,14170.0,100100.4814870093,1761,40304535,30631501,2575696,968107,9523172,6631276,6894980,5553536,6401121,5791754,3689827,4981894,1319946,2644279,1273381,1277359,8626412,2783296
362,000922,2017-11-29,-0.005069708491761693,-0.0025348542458808465,0.3712165164112835,10153.0,57981.34625727475,451,7188116,5337340,390314,492506,1851806,2199695,1749283,1019334,833473,1138975,727597,486830,312000,0,0,0,1323643,0
363,000923,2017-11-29,-0.018333333333333424,-0.013333333333333308,0.5379584076852219,18944.0,101544.14207799018,1992,60253724,33436091,1746357,1392724,11902751,8081117,11690709,7339795,10151990,7710698,7932050,2838265,4111470,1597702,1359618,417543,11358779,4058247
364,000925,2017-11-29,0.0033670033670034627,-0.026936026936026924,0.5256942452734013,11636.0,67840.7085311145,798,18623250,8765622,529629,771386,3170219,2582114,3550184,1419786,5703975,1993538,2493271,852738,388960,651740,423654,494320,2363358,0
365,000926,2017-11-29,0.04754098360655745,0.0434426229508198,0.2427219042097,24460.0,176446.27475183405,2528,56711978,138731244,1043226,2074506,7406213,11679583,8118903,18516896,13828180,23150264,9253731,14448393,7030819,15212588,3410988,7635251,6619918,46013763
366,000927,2017-11-29,0.10874704491725762,0.10874704491725762,0.09644647636296799,12663.0,174843.64309239632,1932,68455889,49471650,1839853,1568484,8845896,5793999,6395548,5909841,10627352,9835663,5359541,6824842,2465176,3802459,4957362,3159408,27965161,12576954
367,000928,2017-11-29,0.014084507042253724,0.012519561815336422,0.1981492472049778,14616.5,76981.21639083744,1040,21315560,24006766,761842,755007,4051439,4626371,4269471,4899690,5345134,7501147,2600521,3592706,1299913,1657321,0,416452,2987240,558072
368,000929,2017-11-29,0.0016556291390728006,0.0,0.5406819755148047,9624.0,42954.21313624327,499,5953657,5282036,559598,353928,2146436,1727148,1420930,1260455,1074927,933575,751766,233144,0,370856,0,402930,0,0
369,000931,2017-11-29,-0.004431314623338123,-0.004431314623338123,0.23989667517965618,9443.0,38781.88387670591,796,11139957,5289803,724016,790128,4332659,2275013,2411206,830153,2219069,1158237,200100,236272,326444,0,424879,0,501584,0
370,000932,2017-11-29,0.019501625135427858,0.028169014084507005,0.16318044669891665,60160.0,455105.8297473673,3211,305355564,342182867,1030175,1592973,9984369,15290721,15321431,19971802,27398573,36571172,24618709,27017755,21567057,21497850,17693442,18137097,187741808,202103497
371,000933,2017-11-29,0.0393013100436681,0.05240174672489095,0.15723683615316295,112689.5,531032.7896628774,3402,390895369,478228075,455857,903144,9388489,10448027,18417031,22067858,42134892,53099448,37784563,45817818,30256126,40924870,27690840,29116785,224767571,275850125
372,000935,2017-11-29,0.11490329920364073,0.08703071672354956,0.29923942094063144,72314.0,239975.42542085622,3461,212151831,277654046,833864,715460,12681175,15012293,22959903,27607387,41719217,52147880,31003970,41459334,22035462,24820495,21273332,22356221,59644908,93534976
373,000936,2017-11-29,0.021656050955414008,0.030573248407643305,0.14296717741627582,39831.0,398374.62671499787,3026,159736982,228468902,1804454,1451606,14307352,10730421,16517312,17795069,30319097,28194645,22537287,19526906,13176191,14832572,11863233,12085105,49212056,123852578
374,000937,2017-11-29,0.015228426395939021,0.015228426395939021,0.12978488838074884,13145.0,140892.42857454164,2078,56005020,57318409,1483121,1619758,8480229,9143202,7472599,8199113,8406836,8790912,4789399,5668960,3869365,3483478,6206426,1727757,15297045,18685229
375,000938,2017-11-29,-0.030985915492957816,-0.029718309859154912,1.3059828644175848,80766.0,318429.97263032175,2958,308547397,217419296,901664,934001,12049273,10890040,13734845,14485727,35543661,33925315,29985514,30927353,29000880,30006797,29537673,15291896,157793887,80958167
376,000948,2017-11-29,0.009551098376313183,0.0047755491881564804,0.48649709056933793,5225.0,41287.88409591265,463,4537238,3488127,295895,389277,1647022,1238943,1102063,378278,327622,679650,459576,489300,705060,312679,0,0,0,0
377,000949,2017-11-29,-0.012019230769230727,-0.004807692307692402,0.16797245853366105,7506.0,52516.047900400794,613,8735720,3959816,786060,350931,2904474,2051752,1585030,529935,1047042,825330,590151,201868,0,0,414293,0,1408670,0
378,000951,2017-11-29,0.010752688172043223,0.002389486260454099,0.3544405724372689,21969.0,100877.1197515354,2236,73368022,54351346,1870461,1156869,11460769,8883344,11188446,9071184,14735603,12997726,10178963,8601506,5797236,6284629,5356888,3058444,12779656,4297644
379,000952,2017-11-29,-0.007047216349541863,-0.013389711064129672,0.5423468742478648,13980.0,90066.71779837536,684,15265080,11605003,653428,628460,2989845,2872238,2339682,1443593,3035865,2132591,2727969,2461889,660069,659232,903420,0,1954802,1407000
380,000953,2017-11-29,0.0,0.0,0.9677975924390366,1607.0,27561.175065735304,68,0,733183,0,90801,0,189734,0,63515,0,389133,0,0,0,0,0,0,0,0
381,000955,2017-11-29,0.05238095238095242,0.04444444444444451,0.21254817715866492,12217.0,106578.76099771436,879,18535424,23161166,918409,542912,3480683,3034381,2503150,2935214,3581269,4466082,2050092,2544617,2783918,3028811,908308,1372335,2309595,5236814
382,000957,2017-11-29,0.02117863720073676,0.016574585635359185,0.3005226122402771,16305.0,100845.0142726802,1306,29178207,36752351,985935,1065835,5408030,6031174,5198649,5645154,6116661,7129051,2465336,6403032,3433801,1380025,476767,2208321,5093028,6889759
383,000958,2017-11-29,-0.003603603603603567,-0.01621621621621616,0.15823966289937602,10469.0,72694.0122466752,1231,22842929,14933858,975374,1342374,4607206,4656882,4748074,2788920,4179156,3633809,2020794,1491423,1364234,300822,440800,0,4507291,719628
384,000959,2017-11-29,0.02063492063492056,0.02539682539682553,0.12918480716377354,17696.0,174826.82077959797,2384,50878423,74818823,2309652,1243606,11526132,12005743,8030124,11317489,6681748,12232546,4946109,6413089,2413044,6019288,2133106,1816286,12838508,23770776
385,000960,2017-11-29,0.031128404669260812,0.035019455252918386,0.25811309705849866,32700.0,217266.29092857183,2481,113025566,140698973,1106909,1411382,10490882,11191516,12929960,14030019,19110811,21516651,14868472,11725836,12743200,9790764,10228105,9248341,31547227,61784464
386,000961,2017-11-29,0.02975206611570247,0.0049586776859504855,0.1658580552160963,8442.0,116916.90550704188,1332,34609190,22135720,1321751,1155946,6471349,3038535,5780682,2740349,4191091,2796828,2536272,3551452,1665735,2119010,1800888,1354842,10841422,5378758
387,000962,2017-11-29,0.018934911242603603,0.020118343195266286,0.25698901101121663,11024.0,44463.36452792821,1081,11542612,17376433,1029777,1107446,4904149,5000503,2321700,4158128,2092157,4247416,1194829,1386211,0,1046729,0,430000,0,0
388,000963,2017-11-29,-0.012871287128712883,-0.015049504950495063,1.1366532828370126,25052.5,117896.53814579702,1974,79320266,47944396,1428535,1291226,13821377,7352977,9734893,6645080,21618534,8451695,9548517,7332086,2485341,5330126,3815226,3746741,16867843,7794465
389,000965,2017-11-29,0.013675213675213627,-0.005128205128204999,0.21313388148846008,9826.0,44499.880362856085,753,11663098,6230540,793420,635501,3238036,2564752,3032103,1982800,1648259,599912,1714304,447575,338112,0,898864,0,0,0
390,000966,2017-11-29,0.004889975550122383,0.009779951100244544,0.16475291528899255,7407.0,44572.72193147654,616,6433458,6888962,682480,717351,1988476,2282233,1116473,1279232,1796251,1355074,0,829481,362250,0,487528,425591,0,0
391,000967,2017-11-29,-0.009803921568627416,-0.008714596949891074,0.3155169132646164,16380.0,98938.44720429063,847,20790330,7669285,460788,941408,7394722,2151697,2909618,1281050,2386525,652308,1531100,239330,697710,0,888478,1312844,4521389,1090648
392,000968,2017-11-29,0.03495145631067964,0.02977346278317161,0.3545102214996856,29725.5,146269.9588165263,1904,55646346,77819509,928681,1222596,8831470,10617172,10490287,10518155,15757865,14414067,7973949,9154278,4567883,5688803,3085994,4013414,4010217,22191024
393,000970,2017-11-29,0.04731638418079087,0.043785310734463234,0.2648966149040191,47324.0,332404.9622531725,2860,145371932,222828505,1225049,817076,15385361,11146587,18182514,16460202,25931375,31604738,18018967,28275044,13414959,23720396,11105575,14823435,42108132,95981027
394,000972,2017-11-29,0.0024038461538460343,-0.004807692307692402,0.19737122211264024,8200.0,139031.392264419,444,9938666,6401367,354984,459305,1562821,1572559,642696,1022962,2191090,415309,435178,419000,0,0,447984,1256000,4303913,1256232
395,000973,2017-11-29,-0.0014903129657227732,-0.0044709388971684305,0.21686464539654016,11305.0,85805.20573996339,957,18928383,12706799,776892,1263141,4393481,4144891,2781943,2727494,3777231,1927364,1952330,677021,956453,1301888,466200,0,3823853,665000
396,000975,2017-11-29,0.040476190476190554,0.03333333333333344,0.3222236895590289,9054.5,85944.46499125943,1530,22647882,33254412,882611,1948818,4855855,6838198,5037537,4333072,4879482,6174445,2908925,2566501,1454660,3472030,0,1332423,2628812,6588925
397,000976,2017-11-29,-0.011933174224343812,-0.011933174224343812,0.2777899571596992,5040.0,93677.99923581976,913,15433118,8295131,656740,1024862,2658283,2471407,1828229,1425249,2449639,1504679,1113298,1021611,750652,0,860317,847323,5115960,0
398,000977,2017-11-29,-0.019587628865979312,-0.017525773195876337,0.34156810502541707,74119.5,347267.08431008074,3230,324754161,244403120,867600,959362,10665311,13750704,16059890,20811707,37786135,42925358,33129540,36458092,21263001,21449659,24503857,17751989,180478827,90296249
399,000978,2017-11-29,0.0023640661938533203,-0.0023640661938535423,0.4678855059745307,8430.0,38169.042357360864,326,4567766,2965116,335977,401153,970798,1236315,1516441,1113210,1198842,214438,209750,0,335958,0,0,0,0,0
400,000980,2017-11-29,0.026562500000000044,0.026562500000000044,0.27287034533200594,30624.0,129646.81554129849,2201,75465640,89932199,980862,989906,11278773,11018927,12946304,10870691,15917785,19609348,13069701,11529441,4964164,8040225,3947346,11074676,12360705,16798985
401,000981,2017-11-29,0.002207505518763808,0.001103752759381793,0.3920321727800699,13605.0,62768.935537679215,534,9499085,6254744,294464,474634,1200931,3970867,1257673,510754,2262494,501194,1771916,797295,1272072,0,904405,0,535130,0
402,000982,2017-11-29,0.0,0.0,0.2607817871245378,3360.0,258704.3384711213,165,6313104,0,296688,0,669984,0,636384,0,282912,0,403200,0,0,0,0,0,4023936,0
403,000983,2017-11-29,0.008247422680412342,0.017525773195876226,0.17232957376129798,50439.0,284196.32170351024,3174,209070898,235089590,1486335,1159881,14358626,13860537,21613627,20087978,31435701,33046901,23427674,20462471,18709867,20433411,11113824,18532305,86925244,107506106
404,000985,2017-11-29,-0.027518656716417955,-0.028917910447761264,0.7018359960116421,12351.0,39844.29728693467,934,15600981,7192074,702221,616272,7366034,3141585,3648233,1474650,1857918,1325267,1139500,211500,368460,0,0,422800,518615,0
405,000987,2017-11-29,0.0008865248226950229,-0.007092198581560294,0.31458192309607197,6702.0,57987.36001889826,1286,20005040,11605371,733603,1631763,4903761,3625632,3873700,2206691,4480141,2174015,1927632,790670,1447296,336600,1327464,0,1311443,840000
