,code,date,pchange_whole,pchange,change_std,amount_median,amount_std,length,sumsell,sumbuy,sell_vol_0,buy_vol_0,sell_vol_1,buy_vol_1,sell_vol_2,buy_vol_2,sell_vol_3,buy_vol_3,sell_vol_4,buy_vol_4,sell_vol_5,buy_vol_5,sell_vol_6,buy_vol_6,sell_vol_7,buy_vol_7
0,000001,2018-02-01,0.005734767025089571,0.0,0.2352080159161195,240456.0,1137817.8687452562,3523,1053116668,1120410994,259867,393760,6558730,7228753,14989016,15160082,35275548,42676893,47216612,38751339,44566409,44628283,37207507,41047341,867042979,930524543
1,000002,2018-02-01,0.0,0.0024000000000001798,0.6286275237581561,221957.0,1084284.719383828,3561,911359751,1018524426,105492,291730,5167268,8610088,13525503,16521081,37712334,49888886,36738965,46439996,33883286,42815442,41399501,41970303,742827402,811986900
2,000004,2018-02-01,-0.015841584158415856,-0.042079207920792006,0.9343574539384041,10000.0,74524.56574171262,467,7460459,4137174,560647,391397,2508725,1615285,2260180,810410,207444,729183,483463,203699,0,387200,0,0,1440000,0
3,000005,2018-02-01,-0.03491271820448871,-0.032418952618453845,0.13073131992037307,6587.5,48341.842884613485,942,13728677,6086807,911232,1117582,3816752,2391618,2502602,1477286,2706302,691014,871394,0,1428392,0,412483,409307,1079520,0
4,000008,2018-02-01,-0.010882708585247869,-0.02055622732769047,0.26047634690297383,7366.5,99712.39812587656,1008,21768308,9274820,1491636,910203,5049105,1858048,2706223,1228530,1633750,1507744,1765003,1432717,673989,1046438,895999,481140,7552603,810000
5,000009,2018-02-01,-0.06918238993710701,-0.05817610062893086,0.12516593337743637,22648.0,152988.0801802275,2593,90427498,81655268,1245111,1784277,10073986,15157607,10755206,14842991,16150919,16338812,10677194,7552633,10636067,4608268,6011933,3068640,24877082,18302040
6,000010,2018-02-01,-0.06837606837606824,-0.040598290598290454,0.11912004205144308,7432.0,69636.70569757523,1548,25032838,11518096,1736532,1701155,6584502,4296749,4586969,1440318,3878111,1253418,2026498,770442,2447715,743396,0,0,3772511,1312618
7,000011,2018-02-01,-0.03736654804270456,-0.034994068801897926,0.4006044484152155,16280.0,73717.52324651857,1772,42307798,22060084,1618293,1644245,9225290,7839948,8675644,4692311,8423644,4888403,3845936,1665411,2072025,652026,2224076,0,6222890,677740
8,000012,2018-02-01,-0.04022988505747127,-0.029885057471264354,0.18462179366511478,25349.0,239426.33873411923,2225,116099008,80814612,1459737,1808361,9701853,10402621,11519690,11808955,17824480,11687225,10171880,10434480,6296395,4006144,5860333,4408458,53264640,26258368
9,000014,2018-02-01,-0.07166666666666666,-0.04916666666666669,0.2991842476200857,13167.0,73594.54040436131,1613,33500662,21811655,1382614,1300560,8453381,6935022,7170745,4489536,5698820,2323197,4309370,2615786,2080398,368400,1795144,1381561,2610190,2397593
10,000016,2018-02-01,-0.03458213256484155,-0.018731988472622585,0.14762128978308003,21223.5,140342.7068253516,2216,82608284,65127711,1346418,1522394,10086987,8709154,12378527,11003470,16621295,11126463,9959937,7406238,6483915,6272118,5819541,5123023,19911664,13964851
11,000017,2018-02-01,-0.044520547945205435,-0.042808219178082196,0.22856247905332205,5780.0,33339.971770986514,653,8083200,3772765,693178,520325,2585128,1273045,2611186,622041,1924249,724649,269459,283620,0,349085,0,0,0,0
12,000018,2018-02-01,-0.06525573192239864,-0.06525573192239864,0.15332160834079456,12562.0,73434.95118806505,1370,32012646,22148934,733060,1334753,5794260,5027788,6915536,4683497,7734627,4238339,3907128,4098578,2972998,997286,886140,0,3068897,1768693
13,000020,2018-02-01,-0.07822580645161292,-0.06854838709677413,0.4222903781099629,7494.0,35660.93808096085,866,9717934,6544841,671976,1062721,2971796,2980439,2041167,1274689,2065426,729868,1967569,497124,0,0,0,0,0,0
14,000021,2018-02-01,-0.0727883538633819,-0.06159014557670761,0.16444638605255898,29419.0,203555.58356967958,2964,159794604,111021272,1761077,1780353,13760305,13481621,15231308,17241952,21753936,18345621,19527766,15564766,12014199,8200001,8988486,10667088,66757527,25739870
15,000023,2018-02-01,-0.09999999999999987,-0.08253968253968247,0.7065543048704913,8702.5,61020.4057160936,718,12757548,5994588,619570,832200,2542490,2268993,2757508,1500421,2577959,850107,1179476,242555,681850,300312,919880,0,1478815,0
16,000025,2018-02-01,-0.05601774819744876,-0.048807542983915875,0.8301254187509012,17015.0,54322.28589653492,1890,33629685,25356015,948858,1801207,10166708,9767096,8368276,6003683,6892770,4460118,2899009,1728099,1776859,1015051,431975,0,2145230,580761
17,000026,2018-02-01,-0.000926784059314123,-0.019462465245597693,0.39974999262724503,10765.0,39888.55412498468,728,10826789,6930769,761155,550185,4026337,2513113,2631927,1912151,2338238,1082357,539132,872963,0,0,0,0,530000,0
18,000027,2018-02-01,-0.026272577996716007,-0.02298850574712641,0.15336272732647008,7164.0,83557.63080717855,1579,29173131,17343362,2535715,1285923,6310665,3423967,4692341,4627303,5148450,2791602,3224059,1675952,1953015,0,1381729,0,3927157,3538615
19,000028,2018-02-01,0.0,0.00439560439560438,1.563017182331605,28865.0,148479.7028813591,1434,62754762,36782080,808326,762325,5825468,5805138,8847594,6947909,20971225,10595324,5355420,6411701,3037826,1325015,1719320,847398,16189583,4087270
20,000030,2018-02-01,-0.0298879202988791,-0.01992528019925266,0.21628721207584237,6444.0,78319.95010516484,1380,17503299,11384685,851439,2721509,3570714,3772546,3505187,1230381,2970437,1826416,693986,1441833,367200,392000,0,0,5544336,0
21,000032,2018-02-01,-0.04235294117647048,-0.016470588235294237,0.2828061653765505,11395.5,116753.36850609745,908,15740889,15175185,815871,877360,4778006,3461869,3282158,2570468,2616057,2546074,1187292,734005,338175,701450,405500,454593,2317830,3829366
22,000036,2018-02-01,-0.020609318996415826,-0.02240143369175629,0.2021043991583598,48061.5,294811.6690462987,3056,244912812,160412265,1266765,876152,13423257,12889176,20026594,15144538,33790683,28515464,25444543,21460797,23179384,16685321,17324593,8258966,110456993,56581851
23,000037,2018-02-01,-0.07378335949764514,-0.05965463108320246,0.23355587444739834,5192.5,87886.98480292608,750,7925993,9553347,702143,673400,2871612,1899869,1787928,1055854,1274877,1071629,465334,203229,385200,643742,438899,449406,0,3556218
24,000038,2018-02-01,-0.05154639175257736,-0.03608247422680411,0.6505434978311461,15451.5,70336.82060286951,890,24487483,5811238,1036276,747973,5596738,2973421,4770603,1199167,6616844,676645,1337116,214032,1123196,0,976277,0,3030433,0
25,000039,2018-02-01,-0.047530288909599205,-0.049394221808015004,0.39754678740097454,36567.0,265925.75784891326,2918,158369804,153249159,892609,1437163,10895249,15677607,13606652,19430726,24364727,23708746,21241438,19435922,12840248,10655285,11535617,7016259,62993264,55887451
26,000040,2018-02-01,-0.10110584518167454,-0.10031595576619268,0.30895025571387963,13680.0,349314.6643223451,1689,32411652,70097608,711224,1557362,5038005,11197285,3196813,4783192,3424570,6760586,2484507,6855217,2837087,1689154,1283866,2598093,13435580,34656719
27,000042,2018-02-01,-0.012567324955116699,-0.007181328545781018,0.7915832660960166,8490.0,472367.3687899636,445,9905936,13618033,673270,303463,1929008,1383245,1286910,580109,1954326,277936,225365,0,622328,339660,0,909983,3214729,9823637
28,000043,2018-02-01,-0.04558969276511393,-0.04459861248761143,0.3303929211014724,9980.0,112337.46589234014,933,30687908,11724926,1080612,1110662,3458239,3063092,4895657,2343719,7111838,1890189,2950054,2513831,2084138,360914,1840343,442519,7267027,0
29,000045,2018-02-01,-0.09392265193370186,-0.09281767955801101,0.236511868693875,12448.0,255151.73796638916,1468,25813758,61984113,900208,2271572,4284886,8181471,3084115,5388487,3863167,6740013,1751911,5234790,1862776,2031958,839559,3150522,9227136,28985300
30,000048,2018-02-01,-0.007586533902323334,-0.0014224751066856944,0.94076040762663,8536.0,41502.017207153825,504,6375142,4675716,365646,574287,1653750,1846902,1206713,1055717,1932619,707542,420414,491268,372400,0,423600,0,0,0
31,000049,2018-02-01,-0.03974470554105014,-0.029881055990716554,0.7726806826682752,17315.0,111521.03813570323,1991,51943899,44446959,949734,1682795,9876536,10674570,8382129,8916920,8991726,8860009,3710729,4481514,3517345,4566991,3041756,1284998,13473944,3979162
32,000050,2018-02-01,-0.014534883720930258,-0.0023255813953487747,0.3053976452163799,31284.0,152981.6593348247,3176,123752857,122663776,1472504,1229626,13394990,18516902,17874527,19835076,26370486,25152461,13958246,13845176,9173570,10975278,8625173,7536169,32883361,25573088
33,000055,2018-02-01,-0.06327683615819213,-0.025988700564971823,0.15208879395421307,98329.0,716155.2391704097,3422,393644167,466865332,785134,1145155,8700767,12146463,15918317,20029129,38551152,38592010,39666742,41096504,34597307,29379772,23317407,29569797,232107341,294906502
34,000058,2018-02-01,-0.07485875706214695,-0.06779661016949157,0.19607645758493025,11855.5,144682.1467373405,1306,23779383,23181656,883681,1640742,5468083,5508567,4992390,3310468,4301557,2807641,2168587,1661107,3316705,1271093,1373720,491399,1274660,6490639
35,000059,2018-02-01,-0.03969754253308133,-0.027410207939508546,0.21748352007458516,39479.0,219683.2301441098,2370,151332853,92053742,785417,959034,9981161,9863476,15350823,12720412,28255133,16338303,23858264,14572947,16276073,7911449,9967579,2578106,46858403,27110015
36,000060,2018-02-01,-0.048060708263069185,-0.038785834738617075,0.2070978018458086,96829.0,506742.21259522595,3288,431066254,350243159,699510,622212,10713788,9767691,19830900,19733054,39185469,42541481,36830903,35896066,35175427,31461141,30810410,29601208,257819847,180620306
37,000061,2018-02-01,-0.05466666666666664,-0.04133333333333333,0.24546060983647994,7265.0,61310.06477077152,934,14427772,8161935,848057,1334064,3713856,2567691,2635234,1118603,2753408,1574340,895892,287517,2092445,0,0,0,1488880,1279720
38,000062,2018-02-01,-0.03603603603603611,-0.024324324324324298,0.653999570384476,8956.0,51285.62662762999,1153,15703777,13724574,741862,1781248,4917637,4620913,3493750,1654474,3859821,1906878,1296227,1257017,330780,713256,0,1790788,1063700,0
39,000063,2018-02-01,-0.06633333333333324,-0.06300000000000006,0.5006184937367455,465312.5,3399827.3734274157,3594,2241454425,2131337989,62612,73956,2527377,2709231,10323854,10713132,36650405,36424577,40668592,41379107,43187194,45352773,46235085,45766558,2061799306,1948918655
40,000065,2018-02-01,-0.037209302325581395,-0.02674418604651163,0.4484906965410989,12120.5,86871.13312319803,1472,31692011,20563607,1303292,1167555,6319970,6246046,6491931,3099705,5982359,5004367,1892915,1443183,1632128,1096728,1892180,844503,6177236,1661520
41,000066,2018-02-01,-0.06815020862308763,-0.03616133518776088,0.14506027423377563,24667.5,164857.59800405125,2462,114871293,70052728,1398082,1718492,11283929,11656925,13222782,12037781,20301826,14221818,14374231,10182855,9860836,5910371,5358033,3087189,39071574,11237297
42,000068,2018-02-01,-0.041749502982107334,-0.03976143141153088,0.17808809803998932,4185.5,52751.0184253048,798,11532901,3434326,803040,657828,3090715,1593757,1767627,700299,1427001,482442,1116819,0,735920,0,1391682,0,1200097,0
43,000069,2018-02-01,-0.0166015625,-0.01953125000000011,0.17825283434328376,80184.0,640739.7821451252,3311,529650640,440098592,862446,1028753,9714607,10853687,18403898,14480970,28660819,31145417,33212196,33829287,30545779,28881710,31047032,21508769,377203863,298369999
44,000070,2018-02-01,-0.06054054054054059,-0.05189189189189192,0.24268435639472966,12810.0,80270.15132251981,1455,31423862,18574815,1268990,1865285,7415880,6379479,5203346,3630148,5155680,1944862,4433974,1481733,2831802,310622,414018,913416,4700172,2049270
45,000078,2018-02-01,-0.03614457831325302,-0.025817555938037806,0.12465286325434649,11280.0,126645.4213663256,2181,50815925,33161831,1238599,2367100,8116253,8741348,6430118,5462998,5525879,6254096,3801374,4258411,1937905,1371173,1270959,822573,22494838,3884132
46,000088,2018-02-01,-0.039653035935563796,-0.026022304832713727,0.2213488200330517,13214.5,74750.82265354204,1330,29985964,18933974,1211564,1559130,6391188,6023458,4694429,3242966,6057600,2524280,3865443,2014037,3399606,1785828,467784,1271938,3898350,512337
47,000089,2018-02-01,-0.027746947835738056,-0.01442841287458374,0.1826975492928211,12354.5,128521.59670243971,2440,63523379,58552333,1390217,2911561,7746471,8960696,12931493,9571229,17311306,10079581,3853998,6827198,4702936,3479207,3244466,2667903,12342492,14054958
48,000090,2018-02-01,-0.03397612488521584,-0.02754820936639124,0.2538126648720102,16102.5,137974.0480254226,1844,72866548,34673563,1497563,1268497,7592918,7367555,8482305,6251319,13412669,5867026,5961478,5084641,6061022,3734545,5721533,1869091,24137060,3230889
49,000096,2018-02-01,0.015613382899628325,0.010408921933085624,0.5895347921697544,6835.0,37059.35551953286,521,5236128,4903850,641998,335652,2216564,1422017,793845,1798989,1054471,704862,529250,273800,0,368530,0,0,0,0
50,000099,2018-02-01,-0.05598243688254667,-0.04500548847420416,0.23238996928493633,9955.0,67893.89885905269,1540,26704450,13684508,1879706,1370808,7523830,4940763,4675482,2703888,4085243,2547734,2183517,737048,397035,361539,480075,451584,5479562,571144
51,000100,2018-02-01,-0.04761904761904756,-0.04201680672268904,0.061592918584405264,48363.0,374339.6551890742,3397,277919411,255390824,1190495,1775562,11532782,16693088,17542666,23400861,29712487,41724074,21100948,29116091,12959755,20520811,18431193,8405745,165449085,113754592
52,000150,2018-02-01,-0.02415143603133163,-0.032310704960835546,1.14146872553062,20307.0,143664.88111810884,729,29124453,24616835,585657,492810,2963410,3046307,3044691,2906240,5987328,2625551,6141562,2378161,2384780,3156325,1405740,445148,6611285,9566293
53,000151,2018-02-01,-0.09632653061224483,-0.07346938775510203,0.3471688611846247,12160.0,86612.78437567271,1247,28795756,17823014,889118,1062388,5878354,4488877,4627950,4116238,5620692,3634788,4041016,1318381,1947625,716219,900520,486421,4890481,1999702
54,000153,2018-02-01,-0.0525641025641026,-0.0346153846153846,0.28353961485490103,7780.0,38986.29219019567,757,11186812,6024742,824256,665263,3112975,2438894,3551448,1135691,2949738,901455,748395,269574,0,613865,0,0,0,0
55,000155,2018-02-01,-0.0491228070175439,-0.03157894736842115,0.12268715781788796,17040.0,121050.11382434213,2166,68440375,41399056,1640345,1561836,10430878,8831085,10641595,9236643,11958482,9297869,8323535,3903968,2387253,3809626,2628178,1236427,20430109,3521602
56,000157,2018-02-01,-0.03118040089086871,-0.028953229398663627,0.08351344982695902,22300.0,271422.9659523066,2907,158723363,93800794,1974192,1774609,15038327,14456967,14968234,12188765,16684699,13310574,10689173,6420322,8951566,6151356,12433757,5089113,77983415,34409088
57,000158,2018-02-01,0.0024691358024691024,0.009876543209876631,0.1847098692988599,15371.0,76946.00717312601,1929,41224709,38503682,1447639,1777800,8552302,8827677,6961088,7637209,11498357,8414984,5136703,3795019,3474620,2358603,1272368,3548634,2881632,2143756
58,000159,2018-02-01,-0.08712121212121215,-0.08333333333333337,0.1110032493909758,7744.0,110175.84030650616,2309,30449670,48859055,1018220,2186078,6512964,7760397,7179089,11655100,6357735,13062284,3163678,3560668,1420210,1027316,902287,489055,3895487,9118157
59,000166,2018-02-01,-0.009310986964618184,-0.011173184357541999,0.11022811026003185,16095.0,189574.67517977563,2382,96945800,75029301,2227176,1471616,9373317,9073210,9424072,7816264,19716174,12351214,10974589,4533148,4772846,6614954,5838447,4043719,34619179,29125176
60,000301,2018-02-01,-0.02430555555555547,-0.00868055555555558,0.1601952624981571,11600.0,71227.63573143432,1294,30215748,15387436,1274552,814094,7034766,4224964,5599415,3556592,4883405,3760025,4038533,1785758,2070001,352667,2532566,893336,2782510,0
61,000333,2018-02-01,-0.010999999999999899,-0.019500000000000073,1.0130042161600779,149825.0,938209.2694490266,3511,767279979,579585894,146246,182403,6773520,9051789,20688801,22189796,53342343,53815991,47172519,46081217,38527779,44004150,36555137,29195528,564073634,375065020
62,000338,2018-02-01,-0.01480637813211838,-0.01480637813211838,0.14925966151768838,51600.0,244724.30235873134,3469,238806788,187091919,1167450,1380738,13544792,14725946,27800217,22461392,37386571,38045830,30265081,25191722,19313377,14214360,13952910,11767004,95376390,59304927
63,000400,2018-02-01,-0.03204047217537931,-0.016020236087689654,0.25003643194155495,11845.0,124196.23663366909,2252,50787561,38507951,1465743,2290963,8633881,11120605,7552941,7460199,8879874,6287410,3539759,3596895,1746110,1351865,1755422,1407078,17213831,4992936
64,000401,2018-02-01,-0.07388809182209466,-0.05451936872309904,0.25341617425120944,42997.0,257363.51533734394,3035,204859331,169326945,1110114,1325797,13450947,13396260,19005001,17004381,26584582,27856796,22240266,20150748,17094289,13738923,15114260,15456899,90259872,60397141
65,000402,2018-02-01,-0.021240441801189447,-0.016142735768903904,0.20818104806719276,28295.0,227137.2987555802,3203,168042808,140397468,1376158,1971217,13521110,14841538,13984304,15189156,27730954,21553219,19390353,13570170,13308418,13466106,8674991,12630173,70056520,47175889
66,000403,2018-02-01,-0.011217419993401534,-0.00989772352358953,1.8416109534801457,18249.0,94475.11237891448,270,11224987,2696976,170141,189836,1585009,798415,1430221,833416,2722517,875309,1792653,0,741840,0,432657,0,2349949,0
67,000404,2018-02-01,-0.03928571428571426,-0.03749999999999998,0.189343822110542,10260.0,90013.3706535169,875,20358156,12001311,610359,1024439,2785022,3175252,4323814,2509807,3459307,1513196,3844408,1181088,1029718,1060523,410786,452319,3894742,1084687
68,000407,2018-02-01,-0.038007863695937116,-0.020969855832241202,0.2408602639443734,7400.0,97243.39630699455,1004,26081610,9554969,905695,932051,3444927,2518566,3681053,1425781,4394822,1730545,2207549,852411,3911412,346500,434420,0,7101732,1749115
69,000408,2018-02-01,-0.0024937655860348684,-0.0012468827930174342,0.4725826848168638,17611.0,190095.2401110054,1152,55464290,26436070,1030606,743713,6315950,4478951,4448639,4166515,7019808,5627939,4162975,2746366,5771260,1731353,5511857,1863131,21203195,5078102
70,000409,2018-02-01,-0.09290540540540537,-0.06756756756756765,0.19241442842490505,10242.0,80575.03710573877,952,23568837,10863460,654604,969988,3900680,3189074,3715651,2483784,4195750,2464710,3445145,779086,1411439,0,1314161,428270,4931407,548548
71,000410,2018-02-01,-0.019387755102040938,-0.019387755102040938,0.27873526993529113,20328.0,167636.60708779722,1236,46769794,47253220,437159,1738691,3713337,5900754,4608659,6043575,6986153,10263256,7305408,6363231,5496429,5020098,4910036,899096,13312613,11024519
72,000411,2018-02-01,-0.055078322385042955,-0.07529055078322378,0.9661527603516741,11010.0,208371.98855716584,421,13909960,6549605,709721,244686,1881725,910393,1232369,951843,1817319,411757,1439855,203300,1039286,380000,1378706,0,4410979,3447626
73,000413,2018-02-01,-0.06511056511056512,-0.0528255528255529,0.14006913145028355,54739.0,264855.3287536994,3385,238040265,225670156,988530,1471757,12349375,17393589,20965306,25376287,36486764,42540455,20044644,24931717,19052408,20690161,18422732,21886426,109730506,71379764
74,000416,2018-02-01,-0.08695652173913049,-0.07046476761619191,0.21441498239220147,10548.5,75840.34737069868,970,19070521,14400141,657447,1104832,3332352,4129853,3534901,3185270,2990478,2949288,2798652,722924,2385596,661410,0,475384,3371095,1171180
75,000417,2018-02-01,-0.053283767038413976,-0.028500619578686548,0.21794884475221846,15620.0,65099.52721116666,1373,23182709,18296765,791062,1665539,4996334,9012315,4480107,3013025,5685786,3914750,1364238,691136,1699148,0,1307560,0,2858474,0
76,000418,2018-02-01,0.0034916201117318746,-0.009636871508379885,1.4820810067131396,21102.0,122763.31019548092,2337,74788595,37906967,1685697,1139170,20309586,7872017,10744341,6209829,12115410,10279370,6895050,5079732,5503880,3446886,3780450,898950,13754181,2981013
77,000419,2018-02-01,-0.028475711892797295,-0.025125628140703404,0.2271938569514815,9328.0,56769.840518135316,691,10619437,8592997,492091,684743,3220067,2134244,2145627,2401429,1874572,1704221,1290855,457360,301665,1211000,0,0,1294560,0
78,000420,2018-02-01,-0.02941176470588236,-0.006535947712418277,0.10480034801556394,6622.5,47489.86765971031,854,12783294,5902501,1003350,559514,5082600,1672936,2378231,1048737,1835433,1567545,656976,0,920836,0,905868,483664,0,570105
79,000421,2018-02-01,-0.05210084033613449,-0.04033613445378159,0.2250539788377928,5710.0,25521.490012615523,699,7107007,3656691,523841,694951,2495573,1433474,3007733,1298467,604135,229799,475725,0,0,0,0,0,0,0
80,000422,2018-02-01,0.0,0.0,0.11771151139148335,3460.0,232229.92999756592,863,0,26428518,0,1708548,0,3728150,0,1240410,0,1695054,0,457412,0,1084710,0,0,0,16514234
81,000423,2018-02-01,-0.01474164133738598,-0.016261398176291686,1.2888489464803525,45101.0,178093.49268089747,2607,148721089,123410838,1073792,1157989,12889542,12073701,18423085,16538974,26362542,21379939,15314507,15547876,15619036,15205894,11236282,7888451,47802303,33618014
82,000425,2018-02-01,-0.034858387799564294,-0.03267973856209139,0.07814860988767879,71278.0,394058.1379968929,3473,372110911,264472549,936430,1024004,14066631,14439077,24452849,23598875,43358449,41195070,34648513,33239172,23885515,19882846,28022218,18387260,202740306,112706245
83,000426,2018-02-01,-0.05012531328320813,-0.022556390977443774,0.22350727966178158,46760.0,291816.47484162985,2883,226447569,185209855,1462706,1203508,11058593,10071558,15645866,12041134,29934093,23119360,20934684,16742767,25045622,20271156,16340436,12608385,106025569,89151987
84,000428,2018-02-01,-0.06015037593984962,-0.045112781954887216,0.14168657430316484,4716.0,66384.39367899387,794,12680884,4009702,1023098,703159,2669964,1717691,1927529,509368,2387476,861174,671956,218310,1116618,0,494380,0,2389863,0
85,000429,2018-02-01,-0.010739856801909475,-0.009546539379474916,0.24906816065465515,10933.0,44650.67998820795,1133,15502435,12309880,1007703,1096712,5917644,5036031,2883776,1645591,2789151,3076118,967389,775840,953552,679588,470092,0,513128,0
86,000430,2018-02-01,-0.060710194730813405,-0.014891179839633506,0.3103037290212041,9801.0,62876.53054249218,792,12887428,9937019,977091,582728,3911589,2646673,2574201,2312151,2275734,1656650,1070239,485824,1103669,375804,470016,439499,504889,1437690
87,000488,2018-02-01,-0.017467248908296984,-0.010371179039301404,0.323271760267534,64470.0,327641.5361983844,3216,285764201,242676633,833479,1139947,12438036,12122330,18783210,25878207,35728270,33496064,27755210,29800057,25253287,21498544,19432615,17906304,145540094,100835180
88,000498,2018-02-01,-0.016491754122938573,-0.014992503748125885,0.19438784998722497,7932.0,63408.94946449923,1178,16651155,12608996,674952,1430804,4753328,3822484,3872943,2356414,3204664,1727153,1318627,518964,1048122,992599,456399,0,1322120,1760578
89,000501,2018-02-01,-0.018497109826589586,-0.015028901734104094,0.35615922620700985,10397.0,116178.06144112183,2362,57505981,49266791,1042617,3442391,7534183,10157274,6277767,7867420,11649043,9560875,6275493,2709133,7200155,4346356,3430881,3130440,14095842,8052902
90,000502,2018-02-01,-0.044117647058823484,-0.03529411764705881,0.4941899756811584,5107.5,88144.06054891447,426,8924589,1893152,603665,378111,1701815,736365,1205779,563596,1542646,215080,212760,0,606000,0,404558,0,2647366,0
91,000503,2018-02-01,-0.10050632911392399,-0.058481012658227916,0.8501503435765841,43860.0,470978.34280886187,2171,233339641,208012193,1053805,1022250,9045025,7984705,7507906,10149060,16608582,19791274,14595082,16314545,14637224,16691229,12608853,11271802,157283164,124787328
92,000504,2018-02-01,-0.026377036462373882,-0.04577191621411947,0.8857358681982384,32142.5,206576.5757301026,848,59943042,24103705,455323,378858,4044463,3531728,5960597,2802199,5902121,3413121,11077870,2367104,4860184,2624323,4934700,1864312,22707784,7122060
93,000505,2018-02-01,-0.03933747412008293,-0.026915113871635588,0.19453566558917446,24401.0,234381.76030559724,2478,113708639,72331961,1954062,1592364,13074563,9314990,13766081,9464277,19476220,13829900,14338479,8422638,7452925,4795006,5264023,4885649,38382286,20027137
94,000506,2018-02-01,-0.0028050490883589907,-0.012622720897615736,0.24371869562263343,19994.5,205823.74428172005,860,25213061,32573315,726624,411906,4580007,2039670,3518920,4636833,3717678,5470223,3748362,4362271,1398852,2335137,2995708,2183799,4526910,11133476
95,000507,2018-02-01,-0.05489021956087814,-0.04291417165668665,0.1903761941836719,29573.5,162714.0732291488,2774,120869505,84098925,1402620,2500590,13235853,14217277,16629534,15082564,22918707,17837858,14522200,9262740,7334709,4090041,7189400,6089628,37636482,15018227
96,000510,2018-02-01,-0.042183622828784184,-0.032258064516129115,0.25433448945030523,15500.0,50039.20623446425,1005,17921237,11880420,905139,832365,6238060,3711355,3724974,3382496,2856937,2935437,2011592,1018767,621353,0,474498,0,1088684,0
97,000513,2018-02-01,-0.039582486105463,-0.034838010031177924,1.3549490097423704,49910.0,274625.6270413454,2967,226623050,145778308,957238,1303192,16094543,13308120,19638459,19177038,31454894,25518193,22286156,20064192,17189160,16286647,12021214,11312764,106981386,38808162
98,000514,2018-02-01,-0.05230769230769228,-0.039999999999999925,0.174369579235972,9360.0,44776.8066402646,1391,20505855,11091020,1246642,1684309,6846247,5168717,4065981,1988099,3436780,1038034,2184765,699061,1732939,0,467460,0,525041,512800
99,000517,2018-02-01,-0.008298755186721962,-0.004149377593361092,0.0914626118270394,23950.0,148295.11610105127,2794,97248114,84645244,1855872,1831006,13335779,13078745,14637521,15395152,19968548,17053686,10383671,9750063,6191032,5179174,5140447,6650403,25735244,15707015
100,000518,2018-02-01,-0.055299539170506784,-0.05222734254992323,0.2201630374731139,6470.0,43152.605424178546,875,11251578,5233495,876376,1054703,3422536,2156681,2537688,1083305,2059915,938806,203848,0,982199,0,420000,0,749016,0
101,000519,2018-02-01,-0.059479553903345805,-0.044609665427509326,0.15650678795743161,15890.0,82259.50819736089,2666,59167991,47122047,2754327,2601164,12138118,13577063,13540109,11340259,11975387,11039695,6411974,3430797,2569381,1998014,2666685,1771720,7112010,1363335
102,000520,2018-02-01,-0.0708446866485013,-0.054495912806539426,0.09334985908127742,7788.0,61761.57848643873,1553,25975558,16281237,1153338,1613891,5227983,5612777,5543067,3432336,6053020,2791292,2657742,440538,1714111,1103835,444505,0,3181792,1286568
103,000521,2018-02-01,-0.06396588486140742,-0.059701492537313494,0.12457868072743139,8019.0,102962.08975824923,1422,24270710,14404411,1367262,1400228,5779523,4435884,5706214,2559491,3317815,1640809,2421802,1263585,1431953,1051568,417340,499958,3828801,1552888
104,000523,2018-02-01,-0.05089058524173029,-0.04580152671755733,0.27013440429728075,9324.0,54872.97514845158,847,14813564,9033080,607649,903098,3574699,2941033,3565588,2370196,2508909,2046914,2177311,771839,737037,0,417789,0,1224582,0
105,000524,2018-02-01,-0.04289544235924925,-0.01966041108132255,0.39548680739388486,5540.0,36262.98728445429,801,7308274,4492182,617154,1121615,2626418,1760174,1853170,799800,975048,377873,222000,432720,303884,0,0,0,710600,0
106,000525,2018-02-01,-0.059518400726942366,-0.024534302589732104,0.5702492999479631,19440.0,91076.1457993745,1491,41285775,29898787,828838,1247173,6410833,7202083,6242857,6135970,11071291,6670907,4257308,2955149,3115119,751560,2704672,2187425,6654857,2748520
107,000526,2018-02-01,-0.0421969189551239,-0.06296048225050233,1.2560515257549114,14540.0,145652.86823577335,565,16674529,13813610,396783,485167,2994488,2160671,2569340,1404999,2515202,1737947,2307916,996241,1381894,0,1858400,404283,2650506,6624302
108,000528,2018-02-01,-0.04472477064220193,-0.03899082568807333,0.1777250347570523,17440.0,123884.02153559314,2412,78727702,58480279,1513849,2322198,10073857,10328381,11098066,10718048,15955758,10969508,8990966,9670570,7085646,4853435,4452511,4055427,19557049,5562712
109,000529,2018-02-01,-0.08196721311475408,-0.08941877794336806,0.2318493311152035,12105.0,113467.21982251288,842,28416101,11578502,560376,787913,3079953,2894472,3858028,1848835,5397070,2239096,4183678,1478986,3837416,691465,3964380,0,3535200,1637735
110,000530,2018-02-01,-0.03307392996108949,-0.029182879377431803,0.15984304479229203,9900.0,60268.469689046105,1035,17185439,10219904,821210,1088459,4155494,4089407,3344875,2015426,3730555,1554104,1877168,464330,377400,0,1296560,460800,1582177,547378
111,000531,2018-02-01,-0.06865284974093255,-0.05699481865284972,0.23973359855611012,9613.5,67843.96112143953,1038,20095894,10327131,1093557,1147563,4734066,3845274,2907557,1700199,3686391,1814610,1895594,895188,1106341,0,1390373,421812,3282015,502485
112,000532,2018-02-01,-0.08370837083708371,-0.06570657065706564,0.2697900845432962,17456.0,79195.36717783417,1703,42055950,27040385,1246525,994550,7918362,7868556,9323150,6903529,8879644,6849771,3377252,2264582,3886353,1007168,1749257,0,5675407,1152229
113,000536,2018-02-01,-0.06888888888888878,-0.06222222222222229,0.1279844949880106,8950.0,91879.99222536552,1240,32603486,17174306,948418,1387156,4710977,4707757,5160725,2517069,5089250,3228214,3317874,2117327,3407057,1935783,3444373,0,6524812,1281000
114,000537,2018-02-01,-0.02193242442205101,-0.014819205690574933,0.3226293230226512,45900.0,255764.89851972886,2745,178453094,139051489,1073448,1102593,14671654,12541469,19106130,15339548,23816237,22133801,19109000,15938498,13887535,10771645,12469277,9314694,74319813,51909241
115,000538,2018-02-01,-0.012556851888471332,-0.021455408344868476,2.047623961976482,29877.0,245415.18717838582,2442,143138486,65612299,2631728,1292155,20076617,8945090,15279759,10229380,21836664,14966265,13122681,5627982,4715882,1691257,3739920,5135406,61735235,17724764
116,000539,2018-02-01,-0.02066115702479332,-0.010330578512396604,0.17469551215149912,3836.0,39827.8973072852,768,8480372,3971306,882931,722193,2353406,1332959,1883197,215965,1485256,471704,1555422,471360,320160,310245,0,446880,0,0
117,000541,2018-02-01,-0.011001100110010986,-0.008800880088008833,0.19828724351845972,12648.5,126090.9441279915,2104,60847638,30611503,1443328,2569471,9073235,8634480,9149286,6651572,12724701,5216432,7226244,2392229,1771705,1076636,1781686,864344,17677453,3206339
118,000543,2018-02-01,-0.03149606299212604,-0.021653543307086687,0.12906629517934007,8636.0,119025.29401047064,1552,42891524,16248314,2098145,1265051,5181563,4716602,4092697,3233183,7985615,2538280,2901715,1654680,1325360,2371798,3667462,468720,15638967,0
119,000544,2018-02-01,-0.10293066476054324,-0.10293066476054324,0.38274645711271615,13810.0,125694.48837691717,1348,16945861,36366219,520636,1661399,4478317,8146777,4066937,5299902,2200684,7800426,2034567,2206775,1709560,1809710,0,858420,1935160,8582810
120,000545,2018-02-01,-0.08606557377049184,-0.07991803278688514,0.1198286861027534,14669.0,85911.44033881622,1665,44431438,29710341,1017712,1921608,6948368,7608391,8003882,6534300,8305007,7472385,6105904,3319090,1997419,1661268,4010926,447479,8042220,745820
121,000546,2018-02-01,-0.05273972602739718,-0.09041095890410966,0.39128148821073205,16968.0,83196.67121960425,1395,43503013,22885598,1051308,1120464,5018350,5413651,8083812,4635177,14590638,7561538,4942560,1524628,2848905,1713942,1780330,916198,5187110,0
122,000548,2018-02-01,-0.050898203592814384,-0.03143712574850299,0.18854828247220384,10624.0,43970.81257402573,1256,20736317,10672183,1444095,1203643,6637345,4121176,5093836,2891906,3813289,1134014,2235211,435768,1074979,0,437562,885676,0,0
123,000550,2018-02-01,-0.015675675675675627,-0.01297297297297284,0.4723421324764094,18180.0,120154.97703290779,1535,50856604,29963756,1325253,1380341,7138364,5955749,7134177,6694228,7728855,6313037,5515931,2496378,4208338,1782640,3089749,1770001,14715937,3571382
124,000551,2018-02-01,-0.05751633986928106,-0.033986928104575265,0.29805955355973596,7560.0,41811.883263748736,659,9490420,5137233,542966,854381,2485896,1963639,2612534,1125657,1933023,531292,1472921,662264,0,0,443080,0,0,0
125,000552,2018-02-01,-0.03878116343490301,-0.027700831024930817,0.08633048907795034,5280.0,78858.38762259869,1758,32176878,19446467,1289486,2018576,6988218,4924299,4244214,2532305,4962631,4774677,2566143,1501673,2825400,2550940,2155665,0,7145121,1143997
126,000553,2018-02-01,-0.04590163934426228,-0.03803278688524592,0.32657000204451964,24922.0,93511.55131691218,2185,64788535,47326400,1293054,1150174,15506582,8137650,12390641,10080486,11174968,13709083,8151804,4052457,3106721,2291572,3552446,2948164,9612319,4956814
127,000554,2018-02-01,-0.02849740932642486,-0.023316062176165775,0.23502077451087167,10088.0,54373.15641875354,1079,18669182,11451033,939970,1436187,4904166,4141520,4570492,2463432,3791923,1357894,1695073,505642,1102425,690478,476136,855880,1188997,0
128,000555,2018-02-01,-0.07476635514018681,-0.06261682242990652,0.25135031356179394,16039.5,79710.14385426063,1814,40064169,31127314,991820,1367458,8644456,8631046,8841858,6963474,7737005,7178619,5781938,3073028,1316947,1632335,1780545,973001,4969600,1308353
129,000557,2018-02-01,-0.030303030303030276,-0.051948051948051965,0.11688932999299806,9020.0,44584.803235545056,1568,22445102,13783191,1635175,1734354,6811241,5545861,5240751,2069791,4741180,2232217,1527283,941107,1581298,727874,908174,0,0,531987
130,000558,2018-02-01,-0.048979591836734726,-0.030612244897959218,0.13024019583203722,9860.0,75423.10790492431,1419,25593759,19169007,1240913,1672249,6127147,5083881,5543163,3448913,4784780,4046941,3345923,1199310,661953,1660815,1278143,0,2611737,2056898
131,000559,2018-02-01,0.0010952902519167917,-0.0065717415115006395,0.2166498055213522,9185.0,110322.88893108051,1778,40076784,26885749,1896806,1940950,7511685,6124426,6517124,3526424,7593547,5128105,3710953,4912225,2191483,2719186,496938,433495,10158248,2100938
132,000560,2018-02-01,-0.08539325842696621,-0.08651685393258424,0.22960254810366174,16160.0,91317.23132845822,1505,39933470,25458540,1422083,1305074,7037848,6049277,7873771,5251143,9188287,5678764,4661445,1724073,2709426,1382143,2234940,1298210,4805670,2769856
133,000561,2018-02-01,-0.04371584699453557,-0.032786885245901676,0.20164179433624493,7310.0,42130.636123150245,1320,16630251,10118735,1111019,2071356,4416641,4603347,3449121,2076959,3676235,562376,2230108,804697,1038547,0,0,0,708580,0
134,000563,2018-02-01,-0.032863849765258135,-0.028169014084507116,0.09373522730272317,12772.0,102138.37793771396,2076,49309647,29403502,1483889,2093206,9806254,7848355,9545280,6392725,8258767,4647479,5282225,1590947,2474792,1704543,3002437,894621,9456003,4231626
135,000565,2018-02-01,-0.07482014388489211,-0.06330935251798564,0.24886451503615667,6930.0,53287.07628695214,780,9782835,7837882,583000,1025163,3017444,2364038,2707481,1711015,1764298,1085464,274000,453739,0,740269,0,458194,1436612,0
136,000567,2018-02-01,-0.04818293180890154,-0.036341363821968065,0.6720282882933126,16642.5,111411.79796136577,1344,38231492,30979197,1173205,1092161,6301364,5936512,4757979,4476978,8352687,5876854,4425919,4679034,3161011,3070583,890968,889890,9168359,4957185
137,000568,2018-02-01,-0.02702285361334167,-0.03242742433600998,1.0972339527371402,136807.0,475256.25041236036,3486,512727406,414659403,239277,332384,6116441,7600618,24097874,21537711,61379224,54698944,38298780,42893595,44830465,44440995,36546396,21470715,301218949,221684441
138,000570,2018-02-01,-0.053030303030303094,-0.03598484848484851,0.20754045272904828,5643.0,33378.19513409284,647,7679371,4222269,530070,721255,2787167,1997851,2104543,449523,1122569,838005,773442,215635,361580,0,0,0,0,0
139,000571,2018-02-01,-0.07220216606498198,-0.05234657039711188,0.1544898688749743,10400.0,65443.07803296761,1289,23406724,14303869,1057591,1048291,5419251,5030542,4622804,3215853,5197414,2600424,1763194,1037055,1494678,368104,2266469,0,1585323,1003600
140,000572,2018-02-01,-0.09900990099009899,-0.09158415841584155,0.0860322371477866,11610.0,170168.0864981191,2219,59824328,53576708,1401600,2471429,7210181,10570110,4747585,8492105,11071956,7938031,5258857,4158229,2526398,3504756,3038116,1684082,24569635,14757966
141,000573,2018-02-01,-0.05208333333333337,-0.033333333333333326,0.16138620124704262,8658.0,45786.21968544064,885,12210414,8905495,909191,1085746,3141635,3590946,2270381,1501728,3030835,1676528,2405886,270392,0,325026,452486,455129,0,0
142,000576,2018-02-01,0.017351069982648903,-0.007518796992481147,0.4814724927889662,17370.0,308671.37217504403,1290,44330414,81237316,1139842,927284,5637114,5265627,5937591,4307239,5947124,5654370,1003291,3473988,2744926,4989521,470250,4840749,21450276,51778538
143,000581,2018-02-01,-0.028461538461538427,-0.024615384615384595,0.48390771102389507,54232.5,289900.8827346525,2892,224963745,155494021,968901,665676,12148517,11624878,19903741,16577124,43638973,30392597,26733432,16325343,12800612,16149171,6093252,10209181,102676317,53550051
144,000582,2018-02-01,-0.07312049433573642,-0.0679711637487127,0.23756578920901114,13608.0,69992.75466171467,1673,35925646,23236544,1218280,1967332,8335089,7195967,8027068,5349823,7014201,4209675,3033519,2303817,3133527,641599,1360924,935640,3803038,632691
145,000584,2018-02-01,-0.02033898305084747,-0.04067796610169494,0.3472983255322227,28280.0,229936.28101987345,1808,102422281,72604471,917533,674192,15363393,3955731,10382139,6710365,14448041,9820055,8688750,10562614,4354478,5325118,5445374,5385853,42822573,30170543
146,000585,2018-02-01,-0.002941176470588225,0.00588235294117645,0.07404169327332462,7502.0,81149.82924980736,2126,26293458,24804899,1853055,2377479,8315613,7707943,4584286,5088260,5353656,3469152,2944479,754507,1756797,333739,412585,419149,1072987,4654670
147,000586,2018-02-01,-0.03532763532763539,-0.032478632478632474,1.317289356838849,12096.0,108549.70318166597,177,2763547,4190505,122980,128201,760543,501043,361176,599434,192665,510796,719283,572040,0,1028991,0,0,606900,850000
148,000587,2018-02-01,-0.006993006993007089,-0.02237762237762242,0.14686232451603382,24123.0,166600.37202711654,2384,76801051,92013611,1161358,1571786,9808376,15408793,12625334,8242454,13551951,17244749,6111325,4921087,3971154,4978353,7486984,3166452,22084569,36479937
149,000589,2018-02-01,-0.055928411633109576,-0.046979865771812124,0.12774480993914802,5791.5,83248.48605816004,1230,22491080,10255930,1360904,1068656,4209757,3815419,3801351,2000455,2480719,1453950,1099124,1127517,318756,343200,3001995,446733,6218474,0
150,000590,2018-02-01,-0.04761904761904767,-0.049180327868852514,0.6321758764941176,6325.0,46526.92484419321,411,6108468,2882621,290153,367260,1737966,1059515,1184060,396504,1597737,566459,472727,492883,0,0,825825,0,0,0
151,000591,2018-02-01,-0.05018587360594784,-0.04646840148698883,0.11976433266636063,10400.0,106064.87079043587,2023,53561968,32487389,1093361,1953110,6758657,7821706,7058816,5621863,9220076,5635108,6339247,2412962,3783425,3120724,4071179,1336828,15237207,4585088
152,000592,2018-02-01,-0.1071428571428571,-0.1071428571428571,0.10077421828488718,15345.0,203104.11291496968,2519,88679073,68851757,2022316,2287685,9295562,11244247,11141015,9786943,15214146,13064607,7557277,5678741,8521698,7905916,5291742,3603238,29635317,15280380
153,000593,2018-02-01,-0.09022556390977454,-0.07017543859649134,0.2340160006558522,9641.5,46382.56702959569,1164,14738553,12581770,803998,1624458,4811596,4808681,4320742,3032890,1879333,1493524,2101064,717489,322320,0,499500,0,0,904728
154,000595,2018-02-01,-0.04637096774193539,-0.03629032258064513,0.14593119810668922,9590.0,53520.587323475986,1158,19047497,13128818,1125607,1369437,4394061,4940199,3662520,2014169,4581755,2772011,3162173,1698037,0,334965,928100,0,1193281,0
155,000596,2018-02-01,-0.04185308125270615,-0.03810073603694619,1.4393897370478668,26620.0,199602.99492654184,2321,85080537,70381927,569514,2836704,10862611,14108146,11861141,10068137,16262048,14064889,4734200,8960974,4500953,6055999,3547145,3560653,32742925,10726425
156,000597,2018-02-01,-0.03066271018793265,-0.007912957467853587,0.2496761993067255,9144.0,92879.26159717368,1643,35785658,26281617,812661,2189508,4727005,5647496,7145368,5156097,4345168,6333333,3413643,2651901,4309047,1832829,2728929,843714,8303837,1626739
157,000598,2018-02-01,-0.026465028355387443,-0.017013232514177634,0.1270222878679377,10380.0,156090.2431558561,1738,48621305,22732121,1190393,1806100,5894744,5796316,8282847,4533501,6578961,3496431,3532084,1703396,2766553,963330,2276160,922629,18099563,3510418
158,000599,2018-02-01,-0.07882534775888717,-0.05255023183925811,0.2049006338575865,6842.0,51902.80834068853,999,17341364,6060362,1297485,711001,5445956,2345820,2448849,1207464,2325144,1796077,2275447,0,700942,0,1778240,0,1069301,0
159,000600,2018-02-01,-0.015827338129496438,-0.014388489208633115,0.15876518110724783,13300.0,74160.7660076296,1919,43182257,29376175,1338308,2279514,9117148,7541621,7315569,5200107,9451152,4742498,6807581,3145534,4797302,2860166,977200,1748082,3377997,1858653
160,000601,2018-02-01,-0.01406469760900153,-0.029535864978902926,0.25834206010241817,7090.0,78063.34340460977,758,17020507,6355673,686506,1144738,2347920,1836872,3026355,1243890,1967842,655113,2869662,298420,2740522,344500,1363806,0,2017894,832140
161,000603,2018-02-01,-0.056088560885608985,-0.05535055350553508,0.30352723749559235,25400.0,118948.81072945184,1999,83380519,47227621,1032276,1305251,9742501,8356580,12541854,8445143,17664027,9545072,11646069,4860088,10369251,3998107,3112543,5651074,17271998,5066306
162,000605,2018-02-01,-0.04294117647058826,-0.0388235294117647,0.4619288049545464,11430.0,53706.80805466462,1357,19143664,16311856,1228952,1333426,6429519,5660248,4644983,2923317,3725416,2672644,910443,1890443,638449,364496,489000,0,1076902,1467282
163,000606,2018-02-01,-0.08290816326530603,-0.08418367346938782,0.27234299926127176,10042.5,65407.07634025593,830,19807803,7411011,594861,1159888,4130000,2542349,2460031,1840678,4186042,1194929,3290226,231168,2919855,0,2226788,441999,0,0
164,000607,2018-02-01,-0.08163265306122436,-0.0714285714285714,0.16603435837372474,8437.5,50334.90468577688,1256,17264924,13288891,879257,1383629,4555606,4293907,3968459,3059434,2760312,2267125,1641121,1407448,2480211,328800,444990,0,534968,548548
165,000608,2018-02-01,-0.029487179487179382,-0.048717948717948656,0.15212569145044014,27251.5,154734.33492191441,2642,113307278,89795065,1748436,1416691,11974080,10329044,14852021,13364417,24475938,18174522,14720555,15219947,12437376,7934643,10782407,3272636,22316465,20083165
166,000609,2018-02-01,-0.06679389312977113,-0.04103053435114501,0.399570434386602,10570.0,59624.23321817472,688,15514018,4739552,548910,551204,4166257,2312535,2739189,1199422,2374603,467098,2333736,209293,332398,0,464850,0,2554075,0
167,000610,2018-02-01,-0.01464254952627042,-0.015503875968992276,0.5359210249210858,9152.0,263614.5816473289,470,5840846,16622252,517621,254648,1890160,914022,1266752,623924,837276,892671,1017271,1379850,311766,380811,0,443785,0,11732541
168,000611,2018-02-01,-0.11191860465116277,-0.1075581395348838,0.276012326121096,11124.0,103062.95407363871,623,9409534,11955644,515077,592639,2118898,2697861,2182879,2251450,3034597,1169002,969833,953265,0,704914,0,414176,588250,3172337
169,000612,2018-02-01,-0.02548543689320404,0.0,0.1849963479411519,7470.0,43042.58624972132,1993,12371393,25345736,1273544,3400611,4214352,11383996,2612062,6460104,2633692,1323894,244496,721092,745622,1107341,0,948698,647625,0
170,000615,2018-02-01,-0.029980657640232167,-0.010638297872340385,0.19812270784197816,27081.0,152847.4120250302,2739,95580015,90781780,1270887,1561935,13267108,14485371,15730730,14425230,19028013,17952025,12966370,10424940,9303349,6963877,7047127,5766034,16966431,19202368
171,000617,2018-02-01,-0.02440725244072517,-0.019525801952580135,0.5198890913264483,8490.0,49742.02440218791,761,11587052,7741474,601823,848673,3185353,2065206,2675999,2349334,2435309,1541720,1017717,576481,738351,360060,932500,0,0,0
172,000619,2018-02-01,0.0012820512820512775,0.0038461538461538325,0.2803008939164139,23400.0,104194.78978100653,774,15916026,20181892,563119,583590,4057936,3282622,3425892,8794084,3229078,751920,969813,210060,1608190,1392656,419640,0,1642358,5166960
173,000620,2018-02-01,-0.0033277870216305017,-0.0016638935108153063,0.17446912495830882,5722.5,33440.3048785265,1188,12873902,7371616,1134730,1258059,4496408,2836672,2774026,1603232,2405857,1176079,1645431,497574,0,0,417450,0,0,0
174,000622,2018-02-01,-0.07643312101910837,-0.04670912951167727,0.18421826260419172,9020.0,44174.20566098505,655,10015479,4903201,592619,721143,3071582,2303390,2249098,732287,2371013,619465,755919,223776,0,303140,417248,0,558000,0
175,000623,2018-02-01,-0.008407079646017723,-0.009734513274336387,0.4664202197683699,31388.0,174352.30885345393,2348,118630968,83694154,1398241,1187026,11937236,9939688,15175893,9474122,23522324,12994777,15914905,11547670,10507713,11595267,8192540,5010516,31982116,21945088
176,000625,2018-02-01,-0.01951600312256052,-0.014832162373146107,0.2522502369083353,25200.0,189614.32801544835,2580,108019723,71403566,1398230,1558716,12552786,11450419,14874566,12358009,22925460,15523896,13511756,7943179,8321675,4681534,5822673,1742251,28612577,16145562
177,000626,2018-02-01,-0.07863247863247869,-0.05641025641025643,0.3417935739630837,17265.0,51822.49462137863,1187,20174192,17835800,609997,1034395,6914371,6235155,4829118,4016821,4662694,2834075,1680482,1816494,351430,1407110,0,491750,1126100,0
178,000627,2018-02-01,-0.07347447073474456,-0.04981320049813198,0.14801335446730934,32214.0,150173.36866986303,2953,136639306,96276394,1239382,2219129,11979527,13857058,20259615,17989026,24825065,22782351,18079036,14543851,11900379,8284324,9685038,3210748,38671264,13389907
179,000628,2018-02-01,-0.09215442092154413,-0.07222914072229136,0.26805605746883976,9743.0,42596.10396411831,901,13129824,9585593,826964,1114647,4064272,3723864,3465342,2068077,2676486,1302890,1419243,996783,677517,379332,0,0,0,0
180,000630,2018-02-01,-0.03767123287671226,-0.03082191780821908,0.05299254105924968,14300.0,313454.11201854295,3082,135611918,98962826,2290690,2010191,13203421,11910969,12124965,9320268,16261723,11782799,14529656,6811346,8253611,5538265,5433995,2771766,63513857,48817222
181,000631,2018-02-01,-0.058951965065502265,-0.048034934497816484,0.10041462940221682,13830.0,93504.75331755445,2098,47812035,36479749,1978070,1017885,8811233,11624776,8631259,8960945,10391539,7023615,4313839,1978656,1432762,2037668,2675842,449170,9577491,3387034
182,000632,2018-02-01,-0.07491289198606277,-0.04878048780487809,0.24320927393020253,5410.0,60105.41750356011,559,10633696,2451743,418064,510283,1823977,1307122,1584631,634338,3428284,0,556070,0,614520,0,420750,0,1787400,0
183,000633,2018-02-01,-0.0625,-0.09270833333333317,0.31893363973065714,13346.0,307097.1488075935,908,15807305,60374257,613310,1162098,2641279,5041140,1788708,4929614,2275071,4370376,2192854,3090758,3780509,1435746,911057,3918265,1604517,36426260
184,000635,2018-02-01,-0.03512544802867368,-0.023655913978494647,0.4384441173476968,11032.0,82893.05526190826,1013,19207326,9522469,944789,1026887,5219644,3449763,3734444,2088579,2725115,1491879,1437392,0,305140,1029470,970554,435891,3870248,0
185,000636,2018-02-01,-0.04228121927236972,-0.010816125860373615,0.20415681291292878,22275.0,149991.5371355375,2486,96603763,71927306,1194180,1584869,11636058,11204620,12589654,10722530,17830056,13580215,12403547,7379494,7608421,5054282,3620232,3976831,29721615,18424465
186,000637,2018-02-01,-0.06690140845070425,-0.05809859154929575,0.18026740750743123,10760.0,47990.3754847042,1005,15927258,11632443,628608,1120859,4560660,3539928,4423510,3018307,3979019,1890635,1188961,1710530,0,352184,0,0,1146500,0
187,000638,2018-02-01,-0.09636184857423802,-0.09144542772861353,0.24756578681465238,13146.0,66311.74640654413,1693,29204388,23680076,1407617,1640071,8569338,8154333,6145675,4845837,6909099,4703459,2205003,2422804,956542,0,866149,0,2144965,1913572
188,000639,2018-02-01,-0.034001214329083096,-0.015786278081359906,0.4666311540565415,9981.0,46701.95928150502,1246,15877196,17028195,1256196,1340279,4955190,5709759,3588639,4686390,3367430,2321167,1172721,1515841,1038420,962760,498600,491999,0,0
189,000650,2018-02-01,-0.021276595744680882,-0.01934235976789156,0.13219096144130418,5170.0,83068.53801724008,1533,25908366,14507908,1311236,1748569,5110530,3528131,2969695,2238837,3942091,1853306,3958329,473366,1352813,743610,929023,868321,6334649,3053768
190,000651,2018-02-01,-0.01243781094527363,-0.023987206823027796,0.9402134914222668,425348.0,1432654.3846583543,3585,1529023695,1245589349,22053,27685,1907824,3050957,9063819,11396978,27555669,34590116,43824375,52505276,55128910,53390732,58221617,50217887,1333299428,1040409718
191,000652,2018-02-01,-0.023965141612200314,0.006535947712418277,0.1079343316525446,9280.0,91573.10965583427,1820,32705978,25841072,2620455,1467144,8328085,5998366,6375520,4044771,4819421,4056377,2664970,2450818,1024468,1030240,2230725,2742320,4642334,4051036
192,000655,2018-02-01,-0.09285714285714275,-0.07142857142857129,0.14146228105286432,9945.0,60716.03340899991,1572,27450281,17066614,1173904,1596503,6239292,5791834,5174621,3394058,4686519,2522531,5072664,2473774,1478249,1287914,0,0,3625032,0
193,000656,2018-02-01,-0.03481624758220503,-0.01740812379110246,0.11748376535227922,16352.0,115788.09622849,1946,42666135,32872773,1520288,1094869,6020072,12902509,5888244,4890448,6126331,3547489,6741182,2677610,2833413,1758280,2254047,1357312,11282558,4644256
194,000657,2018-02-01,-0.04236610711430855,-0.03437250199840125,0.3468138138310184,12050.0,62199.38490908034,1303,21880045,14883885,1250371,1254195,6997715,5342530,3634700,2211249,3979581,1944064,1851229,1058950,1407635,649397,884270,0,1874544,2423500
195,000659,2018-02-01,-0.02970297029702973,-0.02970297029702973,0.138878082329477,18808.0,94092.46514990627,848,24837452,10842461,634872,455354,6306249,3342997,3551502,1938025,5270744,1652175,2514618,1116283,2164991,393483,1847900,0,2546576,1944144
196,000661,2018-02-01,-0.03839713609330797,-0.027137825509555902,3.8115955122469223,50761.5,315391.5690394243,2068,170029329,139527075,0,10776,8964788,8460717,13671861,13586826,25389244,18799264,12101568,7098049,12178789,10364179,8802204,11296482,88920875,69910782
197,000663,2018-02-01,-0.04129516658845611,-0.05068043172219605,0.5339578685463349,27371.5,541400.1689924266,1734,102638800,159130504,1078256,401280,9333662,6762691,7777394,6395674,11104586,7869902,9649925,9295386,3563562,4771748,4673667,6612063,55457748,117021760
198,000665,2018-02-01,-0.036742800397219555,-0.020854021847070636,0.3360413089054181,9850.0,68771.65249710965,898,14047454,8489515,883422,892836,4136438,2666912,2110963,1657851,1832873,1118525,956710,1088461,1666132,301893,0,0,2460916,763037
199,000666,2018-02-01,-0.05149763531266427,-0.05202312138728338,0.4682107460473141,18920.0,165251.14844241407,1656,62799699,47115311,768359,1635756,6489929,9013609,6523452,7414459,12999635,7563996,6909368,5554268,5703399,3519510,2730311,458978,20675246,11954735
200,000667,2018-02-01,-0.034161490683229934,-0.024844720496894457,0.07564994157918521,7862.5,164017.33017641332,1824,56318052,27933974,1638204,1856022,6824270,5131739,5868938,4144472,7713726,3259807,3181562,2259191,2747806,1951044,3225316,855383,25118230,8476316
201,000668,2018-02-01,-0.01739735560194855,-0.018093249826026447,0.8513533729965054,11440.0,84779.71404086746,285,6907411,3576715,259169,213151,1629863,779686,810715,395718,1578838,368063,494253,989022,341280,311225,0,0,1793293,519850
202,000669,2018-02-01,-0.10052910052910058,-0.10052910052910058,0.3282724268388615,21445.5,161702.9877651895,1628,65751740,45446169,451851,1627219,4807147,8864486,7555015,8338857,11977570,8077882,8251397,3588380,5424895,4981520,4212107,2220202,23071758,7747623
203,000670,2018-02-01,-0.07812500000000011,-0.07812500000000011,0.09740103692140298,19536.5,99342.77937324368,2778,80370128,63123576,1979872,2115881,13601066,12934821,12770284,13837253,17097449,13029800,10499300,6306415,6248250,4818678,5441211,977170,12732696,9103558
204,000671,2018-02-01,-0.04011741682974557,-0.027397260273972712,0.17860583865471516,83066.0,501333.3995353421,3299,384772192,397148850,800344,1386641,7912622,11088219,12254725,18790832,35991650,39768781,35288996,29140400,33330432,28011861,26375487,22978342,232817936,245983774
205,000672,2018-02-01,-0.06230031948881787,-0.021565495207667706,0.21070541124786704,73017.0,285528.79811519955,3557,249466388,291331349,280853,647042,11549758,19937071,21864907,28553352,41607235,47182021,35316389,36449687,28965237,27836280,17958889,21135386,91923120,109590510
206,000673,2018-02-01,0.0,-0.013584905660377289,0.5403153189883255,26200.0,327124.4021062312,603,32911454,53747257,374117,274046,2254568,1268727,3596561,1542673,3499382,2465614,3466645,4703933,3416868,3243472,1777193,6092654,14526120,34156138
207,000676,2018-02-01,-0.017632241813602123,-0.007556675062972307,0.2615835932143018,12952.5,87256.47277439236,2080,45400737,34267821,1730950,1190697,9855419,8129291,9298752,5992225,10951618,7485579,3463476,3293142,4603404,1335583,455040,1773286,5042078,5068018
208,000677,2018-02-01,-0.09999999999999998,-0.08378378378378382,0.12406368730680796,7300.0,93566.22069909719,895,13459723,12158535,613214,1014650,2688791,3469685,2449205,1594476,3466559,2095345,794690,902332,1609552,1006127,0,0,1837712,2075920
209,000678,2018-02-01,-0.062027231467473576,-0.039334341906202774,0.2048795045001054,6985.0,39460.976214742084,1045,12192970,9087746,975460,1333020,3831642,3676403,2067653,1642290,3092684,1417664,1602470,292376,623061,306153,0,419840,0,0
210,000679,2018-02-01,-0.04524180967238689,-0.043681747269890825,0.24160778850891565,9691.0,35819.67477595727,704,8353341,6478866,523628,837469,2945956,2931000,2760784,1290585,1033075,805812,470095,0,619803,614000,0,0,0,0
211,000680,2018-02-01,-0.044680851063829796,-0.04042553191489373,0.1210400463730856,9130.0,109870.64186251251,1512,31265274,17357596,1204387,2119116,5929082,5803558,4668010,4259695,5136850,2062565,3480973,2445390,1438712,667272,1397922,0,8009338,0
212,000681,2018-02-01,-0.030288226673180096,0.0039081582804103565,0.4214289006645914,22737.0,143099.32752866077,2367,67571726,82170505,2052259,988420,10266242,11626714,12987261,11756310,15499170,14837546,7767910,10093622,4199895,5789306,4800680,6687928,9998309,20390659
213,000683,2018-02-01,-0.03472222222222221,-0.02777777777777779,0.06662900683560805,11480.0,122085.89902123893,1883,60149597,23171988,1493086,1653780,8575770,6415670,8673937,4240997,10780631,3472886,5615910,2811135,1923175,1077773,1263555,1777080,21823533,1722667
214,000685,2018-02-01,-0.019212295869356355,-0.018251681075888482,0.2579359191554582,15480.0,197719.87306612442,1631,54660215,21953221,714558,1655369,9610566,5634722,5735555,3310958,7004632,4733993,3487007,2543577,4730724,2052101,1783244,481650,21593929,1540851
215,000686,2018-02-01,-0.030439684329199523,-0.016910935738444044,0.19119227255743002,17600.0,105071.18113779115,2155,59217050,50793439,1567085,2120008,10462704,9133911,12544670,7962214,13098656,8470819,6395945,5557150,3882659,8567701,2227222,1746953,9038109,7234683
216,000687,2018-02-01,-0.06653426017874875,-0.04071499503475673,0.2824310995724373,10923.0,85208.01486319794,1272,28101708,15177448,894680,1571215,6264290,5632740,5687028,3286374,4806805,2210515,1397780,1403879,1412221,1072725,2322162,0,5316742,0
217,000690,2018-02-01,0.016250000000000098,0.0,0.18688833904950045,23286.0,242172.32084659862,1837,87872597,75243182,1126558,1487906,8349635,7805081,9107389,7763463,11090453,9891675,11517349,5614183,7505639,6697249,8417860,5732980,30757714,30250645
218,000691,2018-02-01,-0.0096551724137931,-0.026206896551724146,0.38799922575138407,14100.0,84010.88933782361,350,9489741,4787986,252171,248788,1102232,1338234,1328277,1444476,2494173,1527420,474166,229068,1078146,0,1373426,0,1387150,0
219,000692,2018-02-01,-0.0625,-0.04086538461538458,0.15610100259419699,5064.0,64339.33608192942,711,8430761,6635943,449643,771179,2572412,2317330,2085677,1324593,1444929,969641,762100,0,320000,0,0,0,796000,1253200
220,000695,2018-02-01,-0.044791666666666674,-0.038541666666666585,0.5346500735704957,9250.0,28091.936775596405,322,3947407,2042172,379908,339464,1406356,1000787,1112505,554556,1048638,147365,0,0,0,0,0,0,0,0
221,000697,2018-02-01,-0.04878048780487809,-0.02585365853658539,0.5605464267854595,18585.0,92963.40744688352,1339,40994746,23903306,660209,1135099,5149116,5844038,6294263,5009298,9955208,6166926,8003376,2913454,3679226,932808,910887,1299283,6342461,602400
222,000698,2018-02-01,-0.0444444444444444,-0.03247863247863236,0.19124584217485843,10377.0,68361.20506747677,936,20316232,9113216,864305,715382,4749450,2764745,3613614,2000553,3084097,1621138,3553776,1065958,1444987,0,425349,945440,2580654,0
223,000700,2018-02-01,-0.05360443622920519,-0.04251386321626627,0.17109097662738118,15690.0,96886.02240267872,1001,27366833,13829366,560883,904690,6570745,3008616,4118496,3608521,5963142,2189278,3178296,914641,2700878,0,1288147,0,2986246,3203620
224,000701,2018-02-01,-0.05788876276957999,-0.03745743473325769,0.204169032454177,8580.0,54991.53770243258,1867,28287804,18787512,1996019,1682209,7594040,6547417,6893405,4567617,6150955,2987677,1072423,1908292,657175,645740,433290,448560,3490497,0
225,000702,2018-02-01,-0.06451612903225812,-0.05510752688172049,0.16176798894368133,10935.0,59710.830482168545,2121,38857248,24818457,2765811,1463722,11026678,6515532,7991210,6334068,7977322,5843593,4555765,1837061,1645088,1086906,873297,0,2022077,1737575
226,000705,2018-02-01,-0.09375,-0.05249999999999999,0.24802119175241996,3140.0,37070.6809103284,1041,12369160,4741391,1067933,713073,3870457,1724954,2823717,1343493,2614097,315687,1236215,252504,756741,391680,0,0,0,0
227,000707,2018-02-01,0.0,0.0,0.22613022539989888,3122.0,90714.67167814702,388,0,5374746,0,995026,0,1089132,0,367058,0,233704,0,249760,0,0,0,0,0,2440066
228,000708,2018-02-01,-0.017271157167530138,0.002590673575129543,0.33945010517922825,16520.0,102584.8220348136,1164,27942926,30899563,729591,756818,5103022,5163235,4473724,4250889,7133170,6420928,5070817,4810360,1967159,4091764,1278989,1370548,2186454,4035021
229,000709,2018-02-01,-0.00992555831265507,-0.007444168734491385,0.07137836443142842,29565.0,399447.54265716847,3213,215947533,213743280,2065590,1556668,15704710,13946400,15891874,16111417,21700506,18705644,15852807,18331860,8988213,9674425,10579726,11861840,125164107,123555026
230,000710,2018-02-01,0.0014566642388929019,-0.019664967225054508,1.0447842338496107,16278.0,61552.20317703405,1556,31860147,25272067,1742301,1486851,7451289,6612320,7218678,6781637,7290403,5945278,4176203,1638103,1420865,951171,1363420,1226500,1196988,630207
231,000711,2018-02-01,-0.03703703703703709,-0.03629629629629627,0.38591728985811924,15636.0,83727.09996150398,1227,32338731,17145377,600922,1035184,5216125,5379004,10900684,2958203,5954348,4013525,1951663,1213221,763752,379320,409600,832698,6541637,1334222
232,000712,2018-02-01,-0.06834975369458118,-0.032635467980295374,0.41087843067278196,17490.0,152527.79941721784,1565,52909087,42336120,812243,1729524,6125722,7232452,6203839,6353890,11087856,8546444,5904039,5764695,4197135,2028548,3047920,1280707,15530333,9399860
233,000713,2018-02-01,-0.05371248025276454,-0.04581358609794628,0.21445889691607353,6260.0,50697.382330169545,872,11805692,6659275,1297970,549967,3328022,2355456,2181526,1506496,1882096,1276839,758743,237600,1057255,312500,0,420417,1300080,0
234,000715,2018-02-01,-0.04925053533190571,-0.04925053533190571,0.41366886333037284,10716.0,47980.50646143109,510,6896424,6607524,560966,461190,3046242,1587118,1911478,1208855,493163,1701355,579136,208800,305439,973912,0,466294,0,0
235,000716,2018-02-01,-0.05037313432835833,-0.03731343283582089,0.1573725552944973,6180.0,37249.210233706806,1161,13773524,8544193,1077858,1059779,4799196,2985123,2918358,1886633,3411495,1549851,1223627,222912,342990,325480,0,0,0,514415
236,000717,2018-02-01,-0.00121212121212122,-0.00121212121212122,0.1452587083550465,57820.0,556684.8372839552,3233,340313188,393476934,974007,1395015,10728831,15930797,15573504,16279960,32377592,35212061,26071324,29127510,19941345,19365350,24448854,17330608,210197731,258835633
237,000718,2018-02-01,-0.024390243902438935,-0.013303769401330268,0.09792311322486952,13425.0,120174.63489090992,2132,62882090,41203509,1701522,1783466,9022103,9197998,7800241,6008672,10693028,8261089,9550149,4411136,4161926,2998986,6277643,925327,13675478,7616835
238,000719,2018-02-01,-0.06323687031082526,-0.04930332261521986,0.29579289677429116,5568.0,96607.50098082393,999,21272177,10042492,631727,1188743,3140670,2670014,2282028,1767046,4069166,1658467,886847,1221552,2103620,1047665,2213847,489005,5944272,0
239,000720,2018-02-01,0.011467889908256756,0.029816513761467878,0.11155169001600783,9823.0,59913.58913937346,1534,20011639,26153686,1457859,1530312,5558186,7436909,3495732,5048207,5039160,4996567,1452583,4035774,1095446,726188,0,1715840,1912673,663889
240,000721,2018-02-01,-0.0625,-0.05492424242424243,0.15913047131954947,6448.0,35516.06987034226,1103,13456382,6591422,1069329,1183547,4437079,3150947,2968001,1428594,2932447,557118,1546041,271216,0,0,0,0,503485,0
241,000722,2018-02-01,-0.02111111111111108,-0.018888888888888844,0.33373558326734565,8910.0,28483.766502212584,727,7591770,4327791,780607,807126,3595522,2554326,1163114,638150,1386827,109361,267000,218828,398700,0,0,0,0,0
242,000723,2018-02-01,-0.04414003044140036,-0.0487062404870624,0.17276383140577267,12800.0,155306.0219973428,1454,54763143,23963385,1208679,970279,6444445,3607042,5562344,4130256,11140371,5320718,3247685,2090886,3773319,2090270,2761288,0,20625012,5753934
243,000725,2018-02-01,-0.06743421052631582,-0.047697368421052655,0.10154486764574448,843525.0,3527696.7979862834,3599,3407510028,3986778927,0,0,231408,277354,1824155,2276839,15917575,22987533,28842690,45135969,40858253,57621591,49188671,63159751,3270647276,3795319890
244,000726,2018-02-01,-0.024725274725274637,-0.019230769230769162,0.33537291069948255,15411.0,102502.53321848635,1060,38092983,10582035,587823,974219,5114554,3764308,4922663,2152798,9258737,2658331,5518551,680951,1665912,351428,1774708,0,9250035,0
245,000727,2018-02-01,-0.04273504273504258,-0.03418803418803418,0.05006167043279917,6156.0,94935.43091706604,2220,45910893,21735632,2019380,2061492,6862746,6901498,5511877,3588305,8511105,3494689,3384443,1266920,2808677,339810,3036268,869168,13776397,3213750
246,000728,2018-02-01,-0.03290676416819005,-0.021937842778793404,0.2100186378038654,21640.0,159698.29673454125,2718,111023752,87085209,1691242,1681341,11993430,11562403,12343995,12359168,19374303,12248486,12856744,11502858,10090258,9973882,8311900,6354034,34361880,21403037
247,000729,2018-02-01,-0.010680907877169576,-0.01468624833110821,0.1585764754724563,18325.0,165841.544134503,2238,88770441,54742405,1965965,1507398,12263779,8307484,10727539,7302428,14543464,10817394,10384994,7322122,7342967,3598687,5831779,3034112,25709954,12852780
248,000731,2018-02-01,0.02503293807641649,0.022397891963109373,0.17070965099964047,23895.0,231078.80196418305,1982,76474819,77122637,1263551,1474732,9399546,9608441,10126839,10996608,13669992,11549062,8193631,10056504,2569371,5294926,6175153,2717637,25076736,25424727
249,000732,2018-02-01,-0.0038845726970033745,0.021087680355160954,0.6276148556115677,115456.0,1021936.5184690385,3305,509800201,596323052,553469,378335,12134117,8392417,19891259,14955973,36015948,36616576,30429822,34994007,31228258,33665249,29420263,26147405,350127065,441173090
250,000733,2018-02-01,-0.05868902439024393,-0.032774390243902385,0.36060400773845963,13200.0,62899.23552058946,1324,27355874,18573950,632039,1396345,6835235,6508586,5981901,3802079,7092848,3410376,2153134,788404,2071423,1316111,1254012,487449,1335282,864600
251,000735,2018-02-01,-0.10765815760266373,-0.0710321864594895,0.15681912183839347,71420.0,338880.10429599934,3322,320466016,246368368,910136,1073560,11163089,12568606,22409742,23291375,41608775,38632257,33456161,29290276,24290978,23656151,21243877,14481768,165383258,103374375
252,000736,2018-02-01,0.0,0.0,1.1461531687118636,22460.0,236494.7635539325,383,24954538,0,500204,0,4708110,0,1963004,0,4734568,0,941074,0,1399258,0,449200,0,10259120,0
253,000738,2018-02-01,-0.05878084179970966,-0.045718432510885254,0.3271666635637768,13530.0,100187.56793439887,1776,41366019,27689566,1114960,1789064,7103340,7947998,7771541,5580942,9554202,7267879,5499195,3878842,1636480,332710,3646804,892131,5039497,0
254,000739,2018-02-01,-0.04671280276816614,-0.04325259515570934,0.14635195941172058,10314.0,78927.44711117064,1563,28737060,20332877,915163,1442438,5494067,6104259,5293955,4232461,5857639,3318188,5473373,1947259,1761181,1243086,0,447991,3941682,1597195
255,000750,2018-02-01,-0.030303030303030387,-0.016161616161616155,0.11180008531406477,14268.0,124322.17873575614,1967,55324797,42117846,1539997,1857650,9787012,7083027,10024821,4627980,9411552,5704818,8529492,3639446,3097636,8010892,4842610,3527626,8091677,7666407
256,000751,2018-02-01,-0.08695652173913038,-0.05615942028985499,0.09976455609056155,29376.0,194909.87144364815,3077,156168503,109504228,1838722,1517224,15480879,13654270,18625109,16164314,23800360,18151209,20218299,14167429,14179220,9983453,8220930,5229228,53804984,30637101
257,000752,2018-02-01,0.0054988216810683,-0.010997643362136711,0.5485216279734704,9812.0,63208.96437902195,538,8536708,7197240,591489,544095,2534123,1264073,2032792,1040256,2341457,1389705,1036847,955217,0,635045,0,431364,0,937485
258,000753,2018-02-01,-0.04381443298969068,-0.02577319587628868,0.1363934034102352,9500.0,61889.372684939844,810,15654535,9215903,1040214,646989,3974210,2052521,3308194,1180291,2769207,2321219,1769708,716658,1391054,1792525,859140,0,542808,505700
259,000755,2018-02-01,-0.01680672268907568,-0.03361344537815125,0.25251176921658186,7500.0,65017.631800561176,557,9182440,5016205,604902,520018,2446446,1549282,1583134,539664,1499950,721591,1168066,876270,717816,0,430675,0,731451,809380
260,000758,2018-02-01,-0.039215686274509776,-0.02714932126696823,0.14392549872181337,13260.0,103753.21092065754,2126,57172996,34553310,1842807,1843653,8955388,8625074,9513850,7000858,10937681,7246701,5692437,1995325,4737189,3191106,2164085,0,13329559,4650593
261,000759,2018-02-01,-0.03953488372093017,-0.02674418604651163,0.20809890281530508,13391.0,90897.07887677583,1709,40825912,20005154,1733259,1512871,9094042,6097739,7081586,4994126,8548157,4226128,3485242,1352643,2744832,961054,2578652,860593,5560142,0
262,000760,2018-02-01,-0.07984031936127733,-0.06387225548902187,0.13371515521545901,9590.0,80795.96899603329,1408,25646826,21843646,1403854,1514299,5353649,5204888,4672790,3834133,5420502,3285921,4025297,2714163,1100310,1448948,870800,1416809,2799624,2424485
263,000761,2018-02-01,0.007299270072992581,0.014598540145985162,0.10232900898142892,31272.0,231569.16959101395,2882,138686191,151322321,1702745,1409104,11938308,10752551,16042554,13181643,23114148,25484110,19703568,16127135,14594723,17016799,7124541,12617695,44465604,54733284
264,000762,2018-02-01,-0.061770761839396005,-0.05490734385724094,0.29714592107378385,20776.0,124708.07733872876,2413,82135455,53461920,1261306,2115153,11040756,12411266,13395945,9755174,15738818,12037197,12021273,5194147,5472084,2801651,7992606,2794645,15212667,6352687
265,000767,2018-02-01,-0.05714285714285705,-0.046428571428571375,0.0755732994195794,5540.0,95830.80991312992,1381,26462597,15472707,1025147,1367903,4524592,4162684,3438968,1704965,4206466,2608999,4710613,1662775,1068646,728913,853580,1342670,6634585,1893798
266,000768,2018-02-01,-0.015923566878980888,-0.015923566878980888,0.31744979033755755,23670.0,127964.02410454665,2449,83625897,60467788,1298652,2050676,14405584,13280840,14724011,10749621,15050075,13053466,5252247,4336594,6021473,3985286,5776271,2288530,21097584,10722775
267,000776,2018-02-01,-0.013241525423728806,-0.024364406779660897,0.32526901827601357,116929.0,622719.3442099872,3372,490664713,513548274,547356,739649,7910336,10530733,17168918,21049499,47704893,47483384,38791596,42585834,30119256,34635300,27659013,30033874,320763345,326490001
268,000777,2018-02-01,-0.09281437125748493,-0.06526946107784426,0.38941675232055334,23490.0,401550.6820071256,1843,80147193,84584071,854225,1914938,6851456,9192190,9495074,10075154,10315702,9843332,3237861,8107579,8569505,7251433,5902497,4811455,34920873,33387990
269,000778,2018-02-01,-0.02819548872180455,-0.020676691729323404,0.10574481075195694,19224.0,192502.9762963989,2539,109435248,91995090,1231610,2061020,8104574,11625363,10632266,11389667,15200259,15569145,16631839,10707870,9793693,5791260,5006358,4908687,42834649,29942078
270,000779,2018-02-01,-0.04014598540145975,-0.031386861313868586,0.5409211193059182,11947.5,52626.41249965734,642,10208173,6760227,538306,625576,2749648,2543890,2824731,1042440,2549607,553010,922111,483768,623770,393088,0,450455,0,668000
271,000780,2018-02-01,-0.03125,-0.0234375,0.17928973000609758,10220.0,90614.27035517056,816,15640497,11962763,596849,929868,3219732,3297902,2862034,1160067,2476854,2637648,1737330,1033370,706503,1024650,1815955,0,2225240,1879258
272,000782,2018-02-01,-0.040000000000000036,-0.0485714285714286,0.25135823241626637,9268.0,54667.6184188272,778,12425380,8135261,620644,971897,3047467,2625877,2197029,2544250,2739829,937867,1513873,684549,721280,370821,852658,0,732600,0
273,000783,2018-02-01,-0.007499999999999951,-0.011249999999999982,0.16446699706033396,19925.0,127929.01704712234,2371,75773641,65214219,1661016,2126197,14676890,10527021,12860146,7591558,12207768,10865825,7092902,7673907,7418822,3149671,5585394,6523164,14270703,16756876
274,000785,2018-02-01,-0.049610894941634176,-0.02529182879377434,0.3178431959958834,10240.0,40986.478432011834,1046,15998568,8930607,1330230,690794,5590069,3796041,4015268,1853302,2972031,1071190,1005588,450481,637382,647729,448000,421070,0,0
275,000786,2018-02-01,0.046341463414633965,0.04349593495934956,0.418904851157036,111650.0,398292.13368056074,3454,375759664,405184407,434189,453573,9103044,10725014,21183216,21843985,47844273,48178036,44117697,41985108,41114618,34518621,26874080,21723844,185088547,225756226
276,000788,2018-02-01,-0.058064516129032295,-0.06322580645161291,0.24936313508715732,9477.0,50744.26083210031,968,13612746,11553183,759699,1187291,4271423,4117059,2597121,2232397,2516841,1978395,2064814,828360,736000,310400,0,899281,666848,0
277,000789,2018-02-01,-0.07666385846672275,-0.049705139005897236,0.2112303188603338,55419.0,247804.20959626927,3173,222900787,198016528,1039062,980595,14646958,12660558,21192580,18152934,38080735,30694035,26672876,23740064,22808792,21528637,17253751,14828011,81206033,75431694
278,000790,2018-02-01,0.029185867895545448,0.015360983102918668,0.20429521269295076,10684.5,68124.36170778683,1020,13341175,19830189,851215,964651,4653227,3110915,2913499,2146698,2955760,4190838,754625,1174361,753190,6245887,459659,848639,0,1148200
279,000791,2018-02-01,-0.06860158311345654,-0.05804749340369397,0.17349968929987103,12886.0,57141.96196417585,1917,34684448,23264253,1472830,2197993,9330959,9002471,7823486,5073346,5895173,4775731,3676799,1911112,2133554,303600,942560,0,3409087,0
280,000792,2018-02-01,-0.006745362563237767,0.004215851602023646,0.2052836514085266,75086.5,2373581.623192464,3348,400812279,480083349,1053868,842501,13705214,11426346,21821066,18399067,36608481,35979347,31571354,29748640,31276403,24650287,19247894,20337423,245527999,338699738
281,000795,2018-02-01,-0.05163511187607572,-0.04819277108433728,0.13409723114883848,11010.5,67242.07411161553,1882,33265217,20162086,1358081,1960248,8636598,6723840,7995660,4775545,6062656,4368826,2701755,690651,1479603,341264,852500,0,4178364,1301712
282,000797,2018-02-01,-0.06274900398406369,-0.0378486055776891,0.2661751373951238,9680.0,93435.12121496185,1425,32392557,20760264,1054099,1489225,5247076,5159863,5265894,4872054,6869111,4012121,3748048,1163454,1735424,743040,956265,0,7516640,3320507
283,000798,2018-02-01,-0.042154566744730615,-0.02810304449648693,0.3141446264407569,8290.0,38449.12184256912,739,10339658,4880174,701624,898927,3494366,1817843,2341102,1244297,2066018,709522,1302973,209585,0,0,433575,0,0,0
284,000799,2018-02-01,-0.06064306064306069,-0.04843304843304852,0.4572151510267048,25679.5,131653.15058252082,2890,95393415,96122888,1100626,2804482,12181331,14290872,15502598,15233889,19460727,19265103,14221057,14202033,5969853,6135085,7656419,5373374,19300804,18818050
285,000800,2018-02-01,-0.004098360655737654,-0.0057377049180327155,0.2323941256582974,44215.0,219193.9012679426,2761,165453072,135869528,966105,1143316,12622891,12837741,16743846,14590541,31438785,29895472,18546808,16265709,17702328,16069600,10130223,9721563,57302086,35345586
286,000801,2018-02-01,-0.08576051779935268,-0.04854368932038833,0.13195595191595463,19486.5,138477.05763819313,2212,76749543,59625286,1649823,1505540,9545018,7841475,9546499,9989301,14743707,13816178,10031475,8288220,5490381,6550586,4420594,3528214,21322046,8105772
287,000802,2018-02-01,-0.01917177914110435,-0.033742331288343475,0.3452898050747588,13090.0,89741.66287670926,1427,32957757,19373507,846758,1307159,7674993,6005742,6364752,3148196,7815756,2955867,3728704,1349277,2160701,1417422,444277,0,3921816,3189844
288,000803,2018-02-01,-0.04954545454545456,-0.050000000000000044,1.4749345454044216,10587.5,48716.082452539966,226,1894037,4046917,146058,233087,552419,1193493,305502,1132258,416948,353210,473110,752399,0,382470,0,0,0,0
289,000806,2018-02-01,-0.07337278106508871,-0.07337278106508871,0.1622090154477651,23896.0,350682.58363450743,2737,128350656,175257543,1219576,2474089,10123628,14442781,11108533,14572655,18504946,16849043,13438801,9938354,6657873,6099326,7445113,7940095,59852186,102941200
290,000807,2018-02-01,-0.02857142857142858,-0.02857142857142858,0.1660986760765277,82260.0,851189.7508689824,3008,313130359,511256478,167763,2467749,4405703,12081315,11499245,19341878,28584369,41924871,26401206,37177424,20806755,26465164,13795868,20736472,207469450,351061605
291,000809,2018-02-01,-0.049132947976878616,-0.049132947976878616,0.13130186953358802,14850.0,120262.79611642167,695,16391685,12600949,415138,671746,3024099,2906084,2359079,2877252,4645340,1858173,1873296,2208301,1307185,2079393,0,0,2767548,0
292,000810,2018-02-01,-0.058309037900874716,-0.039358600583090486,0.21481391107390746,7824.0,42258.76214578063,1022,13475674,8294567,1128423,1061585,4855548,3120863,2470941,1879048,1890322,1583432,1142880,0,1021755,649639,421005,0,544800,0
293,000811,2018-02-01,-0.042038216560509545,-0.031847133757961776,0.2741318024093648,8503.0,59391.08860968881,820,16059008,8270421,620999,967804,3116293,2742145,4425910,2075875,3870050,1585382,456293,520215,1360388,379000,805689,0,1403386,0
294,000813,2018-02-01,0.06257668711656428,0.053987730061349604,0.24845294972493953,16920.0,98816.6117368674,1080,31942714,22334516,1353902,550983,4379004,5421826,3492145,4158337,6542697,3248088,6797489,3444755,2993553,1043742,3395696,0,2988228,4466785
295,000815,2018-02-01,-0.08290155440414504,-0.07512953367875652,0.5118147045504243,10360.0,71459.25065911119,911,19341884,10015751,740536,829825,3854475,3160123,3132483,1949331,4796527,1736422,1455872,1257631,1357300,641719,1295973,440700,2708718,0
296,000816,2018-02-01,-0.06766917293233088,-0.045112781954887216,0.060875142974956206,7620.0,95908.37759064052,1929,38744171,24652533,1846526,1539195,8353477,5510801,5536781,3445825,6507619,3668813,3251421,2426868,1706962,393000,2147218,1411267,9394167,6256764
297,000818,2018-02-01,-0.013556618819776656,-0.009569377990430561,0.3665926258111199,14832.0,91810.67013856153,1171,27992683,23875940,886654,771543,5636556,5950684,4957250,4436309,4726972,4512275,1685069,3169207,3432274,1100129,954316,1302555,5713592,2633238
298,000819,2018-02-01,-0.06358974358974356,-0.02564102564102566,0.3021537752373018,9610.0,59718.93700572188,1043,13038461,11243163,1135382,1408910,4194575,3640430,3027068,1944944,1992871,2268550,498240,459832,0,0,898414,957337,1291911,563160
299,000820,2018-02-01,-0.0407142857142857,0.0071428571428571175,0.27585952163285443,35512.5,270030.4875248331,2584,126876201,121358469,1437936,1228604,12023291,10485572,16251466,14784593,26809466,19893682,14928831,13919616,13850550,9260088,8536536,9099420,33038125,42686894
300,000821,2018-02-01,-0.07047279214986624,-0.049955396966993804,0.2992889031560498,11125.0,62820.99120386277,1406,29733586,13643884,1369349,1006562,7229894,4782537,5442779,3253360,5718469,2439165,4536596,1366817,1714192,348150,966433,447293,2755874,0
301,000822,2018-02-01,-0.05366922234392113,-0.03176341730558607,0.17547166424232258,27321.0,181253.9177519013,2718,111681134,74273111,1898733,1471933,15079325,11763111,17712602,13884472,21414969,13928805,15219285,8950746,9172534,4384894,6913948,4558822,24269738,15330328
302,000823,2018-02-01,-0.10263157894736841,-0.10263157894736841,0.22431765444011298,34122.0,379816.9301755927,2594,147765245,168894801,661258,1327582,17954508,10595422,9872881,13982765,11620153,20760649,13540836,12767695,13731495,10774819,10371739,10349196,70012375,88336673
303,000825,2018-02-01,-0.010954616588419341,-0.006259780907668211,0.10752385877265686,140672.0,836931.830855869,3549,708734858,771505150,746747,390145,10004745,9290831,20647171,19068406,44181563,38741842,42239514,35060464,40982114,34838054,35019426,34317987,514913578,599797421
304,000826,2018-02-01,-0.03498349834983505,-0.04488448844884485,0.6242225764551957,30150.0,179511.1048704215,2357,115540887,93399523,1056360,1764235,8408218,13185003,13142274,12401440,20214102,14171951,13709198,12416754,10657135,8400099,5891318,5296519,42462282,25763522
305,000828,2018-02-01,-0.022026431718061623,-0.018502202643171706,0.4484021882874095,13596.0,65719.44593942387,640,16218213,8125707,394739,466271,3362151,2261247,2937567,2228057,4563065,1150712,1353243,1383708,1361612,635712,2245836,0,0,0
306,000829,2018-02-01,-0.07191011235955058,-0.06629213483146068,0.23712244624247483,8840.0,58224.29312734904,1413,19907040,17424715,853784,2714522,4547331,5514299,4056424,3463835,4325216,2396042,1950599,1151792,1778052,335160,897354,1314177,1498280,534888
307,000830,2018-02-01,0.0,0.0008741258741258306,0.38554168599658034,155477.0,513791.9679280686,3528,526344363,555867696,299022,319502,6910095,8193464,20241381,22613918,45348141,47716516,46285300,56709508,42201390,42087626,38973307,40365188,326085727,337861974
308,000831,2018-02-01,-0.039508340649692775,-0.028094820017559252,0.2610612019518967,18000.0,115650.80644348642,1905,61584839,43116088,1283630,1224403,10307665,7078804,9461569,5497044,13285607,8348757,9189239,4602927,5359503,3381147,3606947,2225841,9090679,10757165
309,000833,2018-02-01,-0.049624060150375904,-0.03308270676691738,0.2182990359112439,8339.5,37665.56860257003,928,11750764,7470980,958288,1061792,4226419,3179823,2985886,1283861,2141610,929698,729121,285048,709440,730758,0,0,0,0
310,000835,2018-02-01,-0.05766871165644183,-0.04171779141104304,0.2540892293920788,14801.0,66088.39013348607,1031,22208901,12739181,967096,962046,5917107,3317515,5800197,2280654,4431248,2641271,681801,1500029,2339536,1390656,430320,0,1641596,647010
311,000836,2018-02-01,-0.0018939393939395588,0.017045454545454586,0.09454558497540488,40622.0,228089.4070039683,3142,153879365,178534814,1151338,1638499,12315284,14946200,15995513,20298805,27195743,32368775,23862345,25360983,11073207,19286546,12139151,13108781,50146784,51526225
312,000837,2018-02-01,-0.07638888888888884,-0.04687499999999989,0.16178318030014774,10602.0,53482.36116497531,1269,21451302,14066088,906090,1452821,4862823,4962243,5393556,3409198,5532568,2663397,2637882,570507,712703,1007922,433716,0,971964,0
313,000838,2018-02-01,-0.035653650254668934,-0.015280135823429464,0.15318228369162357,10944.0,69942.76482580403,1483,26577942,17562479,1456107,1261950,7732088,5052096,4866710,2531649,4210406,1705816,4169378,757861,643812,1073170,1355611,1843846,2143830,3336091
314,000839,2018-02-01,-0.07042253521126762,-0.04107981220657275,0.147728752707919,44990.0,228284.53428350185,3333,209551504,164990359,1304388,1763732,14841327,15997392,22433215,22263746,31740074,33311932,23218022,17311574,17114533,12088593,22262084,12001834,76637861,50251556
315,000848,2018-02-01,-0.0180541624874625,-0.02006018054162495,0.2072828162661745,10824.0,67775.24821651595,2319,43594591,22659556,3667670,1624319,13407211,7036497,7791043,5078696,5284274,3786773,2613590,1580947,2100065,313617,2740560,1986252,5990178,1252455
316,000850,2018-02-01,-0.033482142857142905,-0.029017857142857317,0.16656160388013166,8860.0,41779.76549655041,724,10219802,5620013,842423,672009,3223389,2120963,2632899,1624056,2220695,670159,663284,532826,0,0,0,0,637112,0
317,000851,2018-02-01,-0.0797619047619047,-0.04880952380952386,0.23491724760054306,16110.0,83817.893872598,1280,33926244,22280987,924306,1476751,5742494,5379021,5744449,5025073,8083755,4971241,5369389,2258931,2440190,949356,1216385,934575,4405276,1286039
318,000852,2018-02-01,-0.09387755102040818,-0.06632653061224492,0.21412591001466247,18260.0,98032.817946337,2101,59971167,37795515,1620451,1856888,10386272,10483598,11134586,7083408,12459199,7990232,4117153,3071141,6281897,2085003,3092292,843542,10879317,4381703
319,000856,2018-02-01,-0.06197478991596639,-0.03308823529411764,0.3730113195420779,32724.0,118739.40663920132,2609,96591754,88922242,1377464,1444400,12936690,13397678,14506815,14579421,23216148,20983237,15867851,12415039,7495124,8710049,4421294,5238624,16770368,12153794
320,000858,2018-02-01,-0.007416267942583654,-0.0035885167464114742,1.397305763734579,365024.0,1600503.564449829,3580,1385679497,1406418045,82038,98418,1815798,2897022,7915306,10953175,42040556,44928084,44160467,65886478,45747838,63088082,51370873,48128372,1192546621,1170438414
321,000859,2018-02-01,-0.04878048780487798,-0.03658536585365846,0.14299241591171624,7920.0,64292.779636687,823,14080145,6005413,859383,914211,4051910,2449840,2232682,956269,2134205,1064460,1457155,266387,308072,354246,0,0,3036738,0
322,000860,2018-02-01,-0.020781791192479027,-0.014349332013854466,0.46567910116922756,12000.0,120518.36438080396,1885,56087317,37268062,1092255,2657200,7942284,7160809,7087085,4759035,8951308,6000974,5989251,3592994,3690887,3051458,3124792,3415533,18209455,6630059
323,000861,2018-02-01,-0.05685618729096997,-0.03678929765886296,0.08623999182698165,2079.0,55126.73434264,1209,13226291,5116881,762888,1220668,2459595,1984593,2328527,975683,1622150,693447,1840239,242490,391016,0,494125,0,3327751,0
324,000862,2018-02-01,-0.05486284289276799,-0.029925187032418865,0.1245520817224286,4842.0,40005.08050660746,1040,10918914,8455748,897706,1180822,3567556,2955435,1717265,1704161,2863659,1196882,777013,666110,1095715,752338,0,0,0,0
325,000863,2018-02-01,-0.03632887189292555,-0.024856596558317512,0.20053586300944073,8428.0,61896.01366876756,680,12602492,7243576,619575,695742,2580479,1771271,2156445,1301537,2643229,1555398,2114043,678639,1100525,303600,1388196,429389,0,508000
326,000868,2018-02-01,0.0,0.0,0.18599167630698632,3935.0,222465.01454553474,1243,0,25859370,0,3085032,0,5953848,0,2572830,0,1921421,0,991216,0,0,0,0,0,11335023
327,000869,2018-02-01,-0.05150884495317365,-0.04136316337148793,0.8694558704428579,33246.0,183201.71208258398,1957,94342328,57620185,997890,1225572,8868064,8807818,11211212,9700229,18714880,15589621,14605300,9682868,7012812,4864675,7216969,1762232,25715201,5987170
328,000875,2018-02-01,-0.09455587392550147,-0.0659025787965617,0.07828773473444159,12588.5,77714.27486598448,1998,43737701,33602801,1144710,2281462,7409331,9527936,8513477,5795209,10948913,7754565,6336414,4720833,3658295,717312,3080322,2219983,2646239,585501
329,000876,2018-02-01,-0.027811366384522418,-0.022974607013301007,0.15062314431873614,27846.0,252769.09171992817,3023,184595315,107359150,2341278,1628446,15509750,10580731,18006395,12472014,26548163,14954785,19841921,9618216,11356198,9907611,14148774,13663262,76842836,34534085
330,000877,2018-02-01,-0.032710280373831724,-0.014018691588784882,0.2044618262175425,28132.0,143834.57569005166,2743,107984324,89837106,1330669,1674891,12035732,13001031,14809415,15004422,25041890,21180515,13837802,10665975,6842372,5073084,7906054,7955049,26180390,15282139
331,000878,2018-02-01,-0.07735583684950786,-0.04711673699015473,0.2586602540151349,57176.0,583624.4042946846,3032,241159839,254885856,762499,1846056,9704949,14006442,16399722,17412417,32961959,36622500,27123728,26884912,20740167,14380301,17390567,17965843,116076248,125767385
332,000880,2018-02-01,-0.047304730473047285,-0.047304730473047285,0.387372581552115,6062.0,35555.42065011626,551,6492380,3729749,505571,613573,1766165,1362951,2148170,958101,1712474,452264,0,0,360000,342860,0,0,0,0
333,000881,2018-02-01,-0.06426931905126243,-0.047436878347360434,0.3251126087827852,16341.0,89044.25405836289,1618,40780719,26048007,896418,1254619,9128960,7653351,7322137,6715412,9823424,3931518,3021252,2341101,3647368,1420134,2170823,0,4770337,2731872
334,000882,2018-02-01,-0.05050505050505061,-0.03367003367003374,0.07718593359913888,6647.0,97836.24012715138,1489,33475367,14764086,1602537,1283286,6288467,4057331,4361917,2455345,6237148,3102416,2260134,844299,2729597,980905,846019,0,9149548,2040504
335,000883,2018-02-01,0.0,0.0,0.11583185192896601,7020.0,87238.21524007153,1623,32020367,25161185,1427753,1154901,5530995,8603469,3571992,3847633,6415012,4238152,4397069,2224365,1848642,1386177,1887910,1408695,6940994,2297793
336,000885,2018-02-01,-0.0574923547400612,-0.050764525993883924,0.3216843940280909,27506.0,88371.96359069152,2590,82724350,53899597,1178381,1712805,17825841,11934034,17111057,12712914,19415847,11700292,9352579,7162305,3948566,2684323,3556033,2574018,10336046,3418906
337,000886,2018-02-01,-0.08554572271386429,-0.08554572271386429,0.14140035169972295,31000.0,351390.62063942413,2319,169027834,146695635,683802,2089385,5260352,10808570,10682003,12376695,16950951,16674880,12389613,13422280,17187200,10989582,8930433,6376029,96943480,73958214
338,000887,2018-02-01,-0.037572254335260236,-0.025433526011560792,0.413505563252015,11949.0,135388.29030048283,1754,43605096,31872961,912394,2703526,7367489,8569354,5827468,4323902,6904771,4800421,2999313,2943368,3322494,1395014,2271627,470525,13999540,6666851
339,000888,2018-02-01,-0.023233301064859657,-0.01645692158760892,0.36420500546776136,8268.0,68371.50360914171,804,15690472,4644302,547798,685897,3610405,2135549,2626903,756682,3723226,795703,1393979,270471,351220,0,899094,0,2537847,0
340,000889,2018-02-01,0.019747235387045814,0.0023696682464453556,0.6412879181448364,8890.0,92816.50292606233,389,8604402,4627112,331432,237196,1728863,977530,1042921,331566,2470937,677352,740033,1019136,0,331470,0,0,2290216,1052862
341,000890,2018-02-01,-0.019877675840978548,-0.00917431192660545,0.23409737591989815,6400.0,46975.513903188985,781,9074118,7220497,995070,726084,3130850,1688240,1741244,1420187,1144427,1293251,751396,1100786,396173,991949,914958,0,0,0
342,000892,2018-02-01,-0.06303030303030299,-0.049696969696969684,0.25450991613336194,13277.0,76584.9887752426,1055,24008452,15832849,927349,938974,6003821,4045051,3363364,2864102,4953779,3578289,3260241,471150,1048766,1028086,3032662,408021,1418470,2499176
343,000893,2018-02-01,-0.10358565737051795,-0.10358565737051795,0.2128244221711151,14703.0,124422.13484947835,1257,37472760,36178206,944148,1020644,4197950,5482043,5432905,4284075,8496469,3772292,4521672,2639965,5334598,4956619,1380608,4213872,7164410,9808696
344,000895,2018-02-01,-0.009601706970127966,-0.020270270270270285,0.4839300811166869,30899.0,241188.10246667344,3385,167595712,118482081,1169532,2560660,15289650,18119413,22363752,15807326,29853529,21949395,19678395,15788605,15085398,9244609,11126224,3229181,53029232,31782892
345,000897,2018-02-01,-0.05247813411078717,-0.03498542274052485,0.09025177004421467,6574.0,45368.25414311855,1451,18414344,10456284,1300149,1681650,5360600,3904122,3468778,2194708,3504066,1974659,1477112,0,1626114,701145,477700,0,1199825,0
346,000898,2018-02-01,-0.0096551724137931,-0.012413793103448256,0.1319810145457356,47878.0,299993.18912035314,3026,204968121,220276184,1232837,1473154,10528132,11836341,16761517,17777876,33527077,27222722,24119447,21655560,20554732,22507728,13585143,17641999,84659236,100160804
347,000899,2018-02-01,-0.06007751937984507,-0.04844961240310075,0.17021117173100475,8788.0,68389.50443021579,920,12824616,10032861,674391,1055184,3585368,3352931,3229310,1817575,2686561,991765,1770986,265181,377000,370027,0,0,501000,2180198
348,000901,2018-02-01,-0.06100917431192665,-0.02110091743119269,0.5459191929347891,19197.0,73997.61319744943,1595,40910836,26536872,873201,1443481,8077529,8548270,6178452,5010255,10281850,5661519,6488191,2183827,3686298,619690,2709962,1745246,2615353,1324584
349,000902,2018-02-01,-0.017951425554382228,-0.014783526927138357,0.2441610839279837,4815.0,66198.01728385553,1512,21250787,10301817,1406855,2219380,5518329,2258050,3779527,1923576,2991930,1883757,1087791,469972,736068,1082917,498483,464165,5231804,0
350,000903,2018-02-01,-0.048048048048048075,-0.03903903903903905,0.09553184176335702,8721.0,86088.92255595284,1219,26463045,14026115,1060639,1307616,4560659,3919412,4950230,2021600,5536669,3657832,1562275,928860,1947875,1017368,862410,0,5982288,1173427
351,000905,2018-02-01,0.0009345794392525697,0.006542056074766434,0.26830924198214734,21420.0,139324.6485657365,1592,52411457,43140965,1171760,741648,9462830,6530752,7986210,5408684,9253081,6617399,4157821,4704191,2672837,2195591,3148351,2814808,14558567,14127892
352,000906,2018-02-01,-0.05966277561608302,-0.03372243839169908,0.24946562761958127,11497.5,53127.54794353674,956,17036995,8319831,950433,870935,5183423,3382596,4080335,2065491,3429875,1550809,1238438,450000,636841,0,414400,0,1103250,0
353,000908,2018-02-01,-0.05633802816901401,-0.04929577464788726,0.18847871310526423,5700.0,44433.59240321573,909,12533069,7007195,776820,747094,3356554,2406922,3450539,1679669,2350949,1802692,1482488,0,0,370818,457894,0,657825,0
354,000909,2018-02-01,-0.042887029288702916,-0.04184100418410042,0.3506330976101599,9200.0,38668.34118222386,743,10735094,6618273,785838,948289,3558315,2299488,3524385,1447753,2052678,1014928,813878,508485,0,399330,0,0,0,0
355,000910,2018-02-01,-0.026733500417710943,-0.015455304928989166,0.6050603007720342,19040.0,120654.07421987655,1576,33736427,49935861,551478,1007261,3935060,13079414,3880805,3891457,7636055,8199968,7894591,6883250,1684547,2530160,2341915,3776054,5811976,10568297
356,000911,2018-02-01,-0.04949238578680204,-0.04949238578680204,0.2170120788501191,7580.0,58047.83647910627,1320,17136825,10219303,1183161,1586836,5406626,4140811,3072058,2029782,2792871,1403520,1479104,232254,349600,0,475065,0,2378340,826100
357,000913,2018-02-01,-0.08039329091960667,-0.04858299595141702,0.7259933543858907,10305.0,82149.59783681053,568,12116012,6059737,486520,633863,2268658,2503559,2521739,855651,2292706,697774,457002,263940,1690558,703600,441730,401350,1957099,0
358,000915,2018-02-01,-0.010567514677103707,-0.00195694716242667,0.7037963599452496,17780.0,124654.8459377421,1318,36755145,27612323,915061,761454,7022763,5790974,5022103,4907126,6857512,4835726,5068464,2695023,1383603,1106835,484476,887148,10001163,6628037
359,000917,2018-02-01,-0.05987261146496814,-0.0394904458598726,0.17220491218331338,23460.0,127636.629501592,2081,82409932,55065350,1173001,1585850,11081304,9187188,10667333,10104366,15653922,11794416,9345292,7155729,9577104,3459362,5347104,1716716,19564872,10061723
360,000918,2018-02-01,-0.02876712328767128,-0.015068493150684814,0.18625682356520623,15162.0,92611.56625000275,1538,43349434,25345331,1252101,1362348,6946730,6389567,7830210,4307149,9572045,6641401,5565506,2795944,4842129,2070394,1243953,404040,6096760,1374488
361,000919,2018-02-01,-0.056321839080459624,-0.039080459770114984,0.2911288916366615,11024.0,46448.7383388425,893,15877219,8328120,680169,1242522,4248854,3571174,4489308,2079331,3394280,1435093,923129,0,749938,0,1391541,0,0,0
362,000920,2018-02-01,-0.06724511930585697,-0.05206073752711504,0.3066860719918042,12362.0,58981.34014521691,905,18161564,12382076,626294,1124974,4370328,3252509,4068424,3056278,3931223,3030008,1995324,1242111,1284901,676196,1372025,0,513045,0
363,000921,2018-02-01,-0.04245283018867918,-0.04784366576819399,0.29893241265016807,18902.0,145524.3082993702,2467,88490915,61074124,1608597,1840731,10403794,13533513,11111927,8401925,15600054,11453104,9714898,6093112,6822775,4253124,8254577,5655837,24974293,9842778
364,000922,2018-02-01,-0.049132947976878616,-0.039017341040462394,0.26793843247778104,8112.0,39022.00557281892,667,9360567,4437841,761365,586812,3195271,1915511,2163479,1052853,1076496,401552,1427862,481113,736094,0,0,0,0,0
365,000923,2018-02-01,-0.05332167832167822,-0.030594405594405516,0.5738476461797016,13311.0,71145.12294991771,1592,32741452,21665196,1364695,1563008,7753416,6482581,7404548,4185425,7110664,5139915,3682577,2503684,1337813,382310,484209,0,3603530,1408273
366,000925,2018-02-01,-0.09698750918442323,-0.09625275532696542,0.36968781004022705,17850.0,177131.30814799064,1359,40686548,47462267,1154525,1073047,5277002,6454576,6135489,6444905,7087565,5746947,4961858,3598420,2825550,2381155,1701335,2608979,11543224,19154238
367,000926,2018-02-01,-0.040462427745664775,-0.03715937241948797,0.2426761607450969,29275.0,289616.06646510336,2496,178074721,102143878,1557186,1089579,8462202,9156009,14201929,11572289,21345031,21477732,17024347,13022746,15552365,9287507,11131238,7611481,88800423,28926535
368,000927,2018-02-01,-0.023094688221708903,-0.02771362586605086,0.12819765930778826,8680.0,70242.38316080403,1143,21687737,11113391,1126566,1099554,6385799,3154476,4065213,1919001,3675739,1650169,1018444,969166,308384,1029052,840064,1291973,4267528,0
369,000928,2018-02-01,-0.059815950920245387,-0.04294478527607348,0.16694968454935807,15800.0,72899.57412221862,1528,38697150,21668252,1257078,1167757,7594088,6578696,7593598,4923556,8826991,5155699,5345370,1255543,4620251,967826,877552,448560,2582222,1170615
370,000929,2018-02-01,-0.004397537379067673,0.0,0.7084083025513898,10116.0,19669.53392742989,257,2800028,1220989,305107,170307,1254719,936114,920266,114568,319936,0,0,0,0,0,0,0,0,0
371,000931,2018-02-01,-0.06616541353383465,-0.0586466165413535,0.1871129692668581,8255.0,82833.6459300158,1267,23295770,13490716,914617,1610722,5064903,4605141,3952330,2553543,4029531,994268,3774976,479284,1596670,1366388,477411,0,3485332,1881370
372,000932,2018-02-01,-0.007575757575757569,-0.0021645021645021467,0.1739924295128686,53979.0,432150.9305390235,2829,243902679,247925949,1281015,1373777,10371350,10502619,15748756,14239902,27105234,25078758,30294850,23688383,23267239,18794106,20405039,18292568,115429196,135955836
373,000933,2018-02-01,-0.05627198124267274,-0.03399765533411481,0.14613664910541377,87283.5,362731.89861854515,3418,309615857,300485644,664122,949411,12055574,11817743,22750858,23039268,57692777,40817675,46681551,41386242,33170668,30007574,20559688,21295166,116040619,131172565
374,000935,2018-02-01,-0.10597689603214466,-0.0698141637368157,0.36235438795531283,38722.0,151785.79564229958,3028,140824689,107623561,1420361,1520233,15374061,14940679,19970029,17761980,33200640,23608283,19140865,14410198,8199555,7874260,8506385,6525767,35012793,20982161
375,000936,2018-02-01,-0.052067381316998396,-0.03522205206738138,0.1815195951569029,11709.0,72925.19327079094,1296,29514808,13838399,1013511,1334771,5220455,4759647,5731677,2951762,6549287,2956177,3101025,1439542,2952326,396500,472785,0,4473742,0
376,000937,2018-02-01,-0.021996615905245376,-0.01861252115059231,0.12316426992119858,15606.0,107414.42955368411,2309,56478006,54526166,1504282,2566886,9360529,9827866,10417285,9049061,11461733,11826055,7657488,5663163,5301395,4521742,954312,1384887,9820982,9686506
377,000938,2018-02-01,-0.016674921578339053,-0.011226679874525303,1.324518088102593,30532.5,129794.46229200372,2092,81979487,74609014,858776,1423270,9452917,11462092,11117601,11619284,18028938,14385562,10250275,10447394,8550515,6397167,9332701,3935729,14387764,14938516
378,000948,2018-02-01,-0.05705394190871371,-0.045643153526971125,0.33870360357926466,7384.0,31974.54176008787,810,7815111,5945051,942293,1110075,2736790,2150745,2298747,1407326,1208749,763590,249795,202100,378737,311215,0,0,0,0
379,000949,2018-02-01,-0.020304568527918843,-0.012690355329949221,0.17671410096054677,6256.0,55626.85013803132,497,7219461,3499142,460494,483032,2205977,1136875,1290347,495609,1718385,158800,495548,224238,390000,0,0,495788,658710,504800
380,000951,2018-02-01,-0.04586636466591154,-0.04020385050962627,0.3975608341685713,20376.0,128850.5317489406,1977,58505596,42377498,1426128,1178671,11696279,9136367,12240575,8583118,11085979,6142218,4401370,3837851,3114442,2467072,1811162,873215,12729661,10158986
381,000952,2018-02-01,-0.0822222222222222,-0.06518518518518523,0.47934718397587067,13320.0,71557.8215179321,793,19156579,9892798,396534,800090,4009629,3122650,3696580,2140297,5007460,1623904,1882323,810767,1394411,0,405000,875490,2364642,519600
382,000953,2018-02-01,-0.04495912806539515,-0.04495912806539515,0.25809504247819814,7832.0,70879.29163276053,809,14128437,7894265,708533,898392,3025943,2885682,2433205,1899066,2318971,1409165,214221,480848,0,321112,1410380,0,4017184,0
383,000955,2018-02-01,-0.04252400548696844,-0.04938271604938271,0.17366552872750632,21000.0,192579.71618948015,1794,64650048,44610897,1147449,1499935,7791174,8834275,8831431,7876917,11933533,8845598,6787498,3539688,4155230,2460541,3101030,2664591,20902703,8889352
384,000957,2018-02-01,-0.06799999999999995,-0.052999999999999936,0.2408515469478157,13632.5,99627.5206620054,1726,46524951,26619001,1414260,1790011,8094314,6263959,8025927,5163588,9599876,5499307,4941387,2653539,2265720,692079,2123685,2253663,10059782,2302855
385,000958,2018-02-01,-0.051999999999999935,-0.04200000000000004,0.1241368457814243,9900.0,71651.12696122323,1626,31604813,17493428,1703755,1704757,7751652,5556538,5979055,3282143,5660895,2272554,2669838,2336138,3075513,760358,889660,0,3874445,1580940
386,000959,2018-02-01,0.0032573289902280145,0.008143322475570258,0.12842502374539216,6210.0,61174.10293051588,2295,27986016,29967311,2429148,2064627,6142130,7175541,4156236,5642729,5696610,8666077,3640654,1622308,3190066,2713690,1316110,877115,1415062,1205224
387,000960,2018-02-01,-0.03215636822194201,-0.004413619167717542,0.27941796414270914,95281.0,422455.5746837466,3234,383841452,355322594,788768,611363,11217837,10511239,18362665,18158206,38931255,39493637,31482375,36632185,36985877,29876169,25028502,20022238,221044173,200017557
388,000961,2018-02-01,-0.046542553191489366,-0.04388297872340419,0.14077280593978367,38664.0,273733.7413144981,2865,206928139,157979305,1159833,1915762,9612382,12196735,13841121,17829064,24084622,25962076,16872417,19868422,17857025,13285031,14657164,15422694,108843575,51499521
389,000962,2018-02-01,-0.04318488529014852,-0.04048582995951411,0.18800051417671101,11130.0,68664.6082726996,1558,28048371,18207874,1670655,1218757,7488541,6116661,6011249,4480801,4730494,2249753,2222610,1416262,1366315,1699420,1334634,489100,3223873,537120
390,000963,2018-02-01,-0.0051363797378675136,-0.01700318809776835,1.1923596655270623,27905.0,137060.94062181108,2247,82343140,71197777,1275511,618821,9528979,11946994,12845445,11856143,14691102,11387096,12245268,8109092,6200231,7163742,8474264,4021826,17082340,16094063
391,000965,2018-02-01,-0.048414023372287174,-0.02170283806343909,0.1569160980484056,12000.0,88609.24631222137,1459,38793527,19102303,1350445,1061421,7926564,4974067,7045568,3262138,6045130,3223939,5439615,2419164,3453684,2013298,2703092,428656,4829429,1719620
392,000966,2018-02-01,-0.060518731988472685,-0.04899135446685887,0.10166876603901719,6740.0,45726.84217426527,1168,17071408,9256482,854563,1321862,4632172,3298910,3925190,1448196,4338514,2342268,1800339,529735,0,315511,868170,0,652460,0
393,000967,2018-02-01,-0.05011655011655003,-0.0407925407925408,0.24324000421395667,16760.0,86669.20014502485,1245,34048420,18009120,669192,1484302,4706734,5786789,10859755,5339955,6174822,2146767,3167181,972949,1373640,1566143,2642721,0,4454375,712215
