,code,date,pchange_whole,pchange,change_std,amount_median,amount_std,length,sumsell,sumbuy,sell_vol_0,buy_vol_0,sell_vol_1,buy_vol_1,sell_vol_2,buy_vol_2,sell_vol_3,buy_vol_3,sell_vol_4,buy_vol_4,sell_vol_5,buy_vol_5,sell_vol_6,buy_vol_6,sell_vol_7,buy_vol_7
0,000001,2018-01-09,0.0092592592592593,0.0023148148148146586,0.21729239161506256,140714.5,824148.5453702597,3560,728089805,633919973,307047,257084,11066600,8569564,26137457,21029045,57044215,46785908,49221852,41968325,38756741,38297889,30035628,32503740,515520265,444508418
1,000002,2018-01-09,0.005893909626718985,-0.0019646365422396617,0.5982263103054332,164253.5,1004797.3017387161,3552,702235243,648932261,286615,203281,7811911,6942428,23814347,19092373,53737322,42941617,58372582,41861054,44323235,40219201,33098348,34483512,480790883,463188795
2,000004,2018-01-09,0.007880910683012221,0.0030647985989491477,1.14085639954159,11400.0,33955.99529143188,400,3655055,3714976,471260,391550,1777482,1806786,663333,692042,509808,366798,233172,0,0,0,0,457800,0,0
3,000005,2018-01-09,0.01379310344827589,0.025287356321839205,0.1221743214473878,8960.0,66335.9830668065,1270,16542018,21924331,1306428,1195140,5250514,5300444,2811263,2984745,4483622,4443908,1985252,2578119,704939,2068498,0,1420409,0,1933068
4,000008,2018-01-09,0.0023612750885477762,-0.005903187721369663,0.2589268681838886,6792.0,98547.3377573313,1070,18833630,10434276,914024,1690238,3121518,3376711,2079373,1434574,2564345,1226556,1404149,464584,1362799,309856,861411,0,6526011,1931757
5,000009,2018-01-09,-0.009271523178807861,-0.0026490066225165476,0.1826995445189029,15000.0,134665.97087583653,1709,51933300,37216108,1709816,1100461,8787802,4712715,9131213,5836707,7940708,5847869,5455657,5207878,3224205,2539448,1766442,2256225,13917457,9714805
6,000010,2018-01-09,-0.04146730462519932,-0.03189792663476865,0.12374587773984569,30110.5,241491.17950550132,2576,96914528,80497571,1262700,1639570,15063473,11246515,17025702,16134062,17178482,17428176,11358722,7429037,5902776,6461715,2808982,3011316,26313691,17147180
7,000011,2018-01-09,0.0028248587570622874,0.001129943502824915,0.3891487737261987,23341.5,102389.14625483414,2070,66090710,49255199,1458164,1291692,11252481,9538599,13299508,9775942,12718474,12529329,9257986,4316228,3911719,2528789,2589436,3437555,11602942,5837065
8,000012,2018-01-09,-0.006681514476614803,-0.00111358574610243,0.17738321645624835,41924.0,244772.4473811454,2567,129649677,178196782,1898228,1170477,12300114,8822972,15559746,13356594,20304090,24742677,16731375,24938955,14983024,15671178,8167034,17494591,39706066,71999338
9,000014,2018-01-09,-0.030711610486891416,-0.02621722846441943,0.2647522893235064,27783.0,273851.0707023623,2550,114286756,104754083,1585844,1385893,13206790,11210190,13081218,11916740,17822619,18838100,10768375,13594524,8523743,7293129,6676400,6302121,42621767,34213386
10,000016,2018-01-09,0.0,-0.007874015748031482,0.15240823441259907,31800.0,104221.48328473349,1740,70932363,37372908,884797,1214008,8157159,8162715,12773848,6186203,27658019,7578181,8074488,5399202,2742246,3754628,1832567,909720,8809239,4168251
11,000017,2018-01-09,-0.004746835443038,-0.004746835443038,0.33794141595945976,6340.0,28470.676301453143,349,2794707,2798015,422703,330107,1167589,1100969,620885,469703,583530,897236,0,0,0,0,0,0,0,0
12,000018,2018-01-09,0.019354838709677358,0.014516129032257963,0.18007619879826178,6305.0,58129.50761869864,1186,11376462,15429153,1008735,1009975,4246083,3524178,2518089,3122115,1806232,2578804,998723,910439,313500,625812,485100,939138,0,2718692
13,000020,2018-01-09,-0.008059100067159264,-0.004701141705842904,0.6050852972309553,10430.0,49215.37527244717,605,8654238,6086019,541603,669847,2743330,2567930,1432677,1012730,1939509,948040,771220,481920,354380,0,871519,405552,0,0
14,000021,2018-01-09,-0.0020618556701030855,-0.006185567010309145,0.21843810321737533,18468.0,124495.93972815553,1973,59524612,42253019,1762348,1545460,9964958,8913161,8943926,6594099,13390653,7760266,8359324,4483278,3582203,4205740,3124367,1445341,10396833,7305674
15,000023,2018-01-09,-0.00603528319405755,-0.00928505106778088,0.8318053599417362,12792.0,45717.87028585753,670,11197510,7244712,655352,407939,4914801,1939353,2002688,2004368,2352523,1805662,0,659790,354908,0,917238,427600,0,0
16,000025,2018-01-09,0.0010282776349614942,-0.0025706940874036244,1.0012101885893383,19515.0,56305.086573783374,1509,29139978,24148953,1358033,1262260,8966046,8151295,5620077,5719856,7541088,5317349,2839839,1490248,733080,687662,826045,862227,1255770,658056
17,000026,2018-01-09,-0.0070796460176991705,-0.005309734513274433,0.4524540023709828,11260.0,42840.080632442594,623,9399987,4495102,922728,331036,3541428,1760306,1560482,1048056,2471371,636048,225000,719656,0,0,0,0,678978,0
18,000027,2018-01-09,-0.0032467532467532756,-0.0032467532467532756,0.20090988252530834,6160.0,87587.86866032434,940,14718594,8868823,1754317,914737,3024245,2103175,1444574,1403457,1660624,1032920,462206,499571,928326,331329,0,427425,5444302,2156209
19,000028,2018-01-09,-0.0016625103906899863,0.002660016625104067,1.8058659308066947,12050.0,146259.0700978566,1109,31193715,29127997,1250075,827550,4305975,6122343,2471209,3262485,4016254,4352014,4174127,4041812,1007574,1362496,940601,1333767,13027900,7825530
20,000030,2018-01-09,0.0012180267965895553,0.0,0.24361234900728349,6576.0,68760.23800739562,1136,11445341,12578557,1274510,1264494,2402351,4359171,1903491,1867824,1612126,2202370,686302,2188490,0,0,1345324,0,2221237,696208
21,000032,2018-01-09,-0.013487475915221592,-0.003853564547206201,0.47483740631272897,10350.0,28420.719800994568,477,4419950,4305442,466953,450333,1927315,1860688,1129136,1456631,603773,103500,292773,434290,0,0,0,0,0,0
22,000036,2018-01-09,0.034482758620689724,0.016748768472906406,0.1844667354141554,63054.0,346995.64296045626,3035,251510066,272680917,1255756,800128,11843659,9894859,18304379,14879881,36589356,33069624,30024216,27580427,20668249,20890008,18185437,16271312,114639014,149294678
23,000037,2018-01-09,-0.007102272727272707,-0.0028409090909091717,0.35982177713664515,2800.0,40756.56514152924,382,3089373,1413390,264489,364981,920514,878986,440038,169423,764332,0,0,0,0,0,0,0,700000,0
24,000038,2018-01-09,-0.005248091603053395,-0.013358778625954248,0.6092943782158972,12528.0,76909.04997071179,1183,23797086,13821742,989861,928473,6175188,5025423,4985623,2308162,4996822,3038775,2048074,936824,1065637,306308,428480,0,3107401,1277777
25,000040,2018-01-09,-0.014883061658398256,-0.01275690999291279,0.562027074168821,6990.0,71923.02800048601,630,9837642,7605559,512069,864982,1959096,1425455,1589183,3407134,2799936,1041648,763272,489960,353822,376380,466264,0,1394000,0
26,000042,2018-01-09,-0.017010309278350455,-0.0077319587628865705,0.5436164036431211,13328.0,116198.62858464524,1275,29979775,20140216,2047511,733563,6306261,3921899,5650195,2557823,5076329,2431271,2078230,3271481,1459816,2002337,1334228,2176554,6027205,3045288
27,000043,2018-01-09,0.002002002002001957,0.004004004004003914,0.3676612240001082,10060.0,87615.6067096271,738,21371981,11875795,731577,336613,2394835,1935324,2401099,1834503,8777149,2699309,2738373,1035062,1351996,1933061,1962967,867690,1013985,1234233
28,000045,2018-01-09,-0.0009950248756220859,-0.0009950248756220859,0.3992484166641557,11099.0,61707.6950907023,633,10164724,10184531,562143,442156,3168910,2614612,2013776,1480533,2302713,2493997,228260,997863,1888922,659094,0,886236,0,610040
29,000046,2018-01-09,-0.01488833746898266,-0.008684863523573227,0.26109405669271313,12075.0,89917.5516869358,953,19482696,14461903,901838,680648,4566669,3831059,3396794,3031360,4212098,1780530,2728721,1206256,1414276,1845909,0,441688,2262300,1644453
30,000048,2018-01-09,0.009121459433509393,0.009601536245799513,1.140165402348396,10440.0,41155.540917024024,333,4047529,3230955,400274,229931,1790721,999526,705424,411482,731010,649466,420100,624800,0,315750,0,0,0,0
31,000049,2018-01-09,-0.01686746987951815,-0.016385542168674716,0.9230793936398587,24414.0,114955.79467483962,2021,60428248,32541375,1574054,1412028,13818348,11367472,11222261,6632634,13072625,8507592,5420928,3457717,2960841,739881,1738599,424051,10620592,0
32,000050,2018-01-09,0.004897159647404337,0.0019588638589618235,0.38485400008112247,32480.0,226466.09700530092,2817,157877728,125729704,1556785,932005,11546147,10554313,17753974,13686061,23487426,20278370,22187214,18223885,8385113,9282877,12522549,11182635,60438520,41589558
33,000055,2018-01-09,-0.0015625000000001332,0.0015624999999999112,0.16290387850325452,9750.0,73385.57428517331,1545,24688982,27197491,1194023,1422528,5382163,6056835,4359887,6260235,6177030,4820379,2779042,2405125,2704771,1669673,887586,1823602,1204480,2739114
34,000058,2018-01-09,-0.009408602150537626,-0.012096774193548487,0.29723809067917717,7435.0,152639.45731963153,626,16230967,5729918,583491,879597,2518481,2461540,2449441,739485,930886,722368,2433555,261252,323104,0,0,0,6992009,665676
35,000059,2018-01-09,0.0027649769585254003,0.011059907834101379,0.21325918362812787,31639.0,236474.96920059997,2593,140312890,149204148,2860714,874527,11215337,9314012,13002918,10573516,19009398,20502337,16112374,16919496,10615441,14108109,9883274,21041436,57613434,55870715
36,000060,2018-01-09,-0.011955593509820672,-0.010247651579846417,0.2129337891242769,35929.0,381465.8351638946,3028,226189719,175733328,2139280,785836,14620767,11522611,15627749,13534291,28189998,21919844,19995907,18808819,17177911,16751503,15682235,8796172,112755872,83614252
37,000061,2018-01-09,-0.0063775510204081565,-0.007653061224489721,0.2769100818950484,7020.0,53879.09729009943,801,13137098,4737208,1100236,665562,3471976,1616668,2456874,787097,1955267,1372183,792114,295698,1756693,0,901938,0,702000,0
38,000062,2018-01-09,-0.0016785564414603105,0.0,0.8720158470927865,11910.0,50583.32662428878,746,12418202,7694427,853002,680405,3679824,2662773,3604263,1425450,1567923,1659999,1020780,715789,310830,0,855158,0,526422,550011
39,000063,2018-01-09,0.02192859150969917,0.01855496204666851,0.5945179842678139,299208.0,1483368.4731175562,3580,1129405822,1333478075,131780,28458,4321771,5093982,16060922,14771080,44139244,39950264,52018247,47815224,47999369,56663865,49527460,54410446,915207029,1114744756
40,000065,2018-01-09,-0.024141630901287514,-0.01770386266094426,0.48331435450940086,18290.0,71783.75221414617,1487,32193012,20604409,1328846,1156973,6354676,9426721,5455114,4243032,5982227,3317057,3127748,1363814,2384605,1096812,1731045,0,5828751,0
41,000066,2018-01-09,0.008498583569405138,0.014164305949008638,0.14821893885750376,21165.0,177188.35112043965,2272,89031307,98090074,2677684,1089582,11563050,7295273,10238912,9620755,11681406,11426893,13263598,11741799,7038465,9955501,7543652,7736923,25024540,39223348
42,000068,2018-01-09,0.014678899082568808,0.025688073394495303,0.16802020006032084,7910.0,97126.35912447938,1055,16811891,23467642,680019,811297,3084464,3882704,2280969,3716299,3760924,4122325,3663481,2486835,981895,667745,453654,1261500,1906485,6518937
43,000069,2018-01-09,-0.0031479538300104304,0.0020986358866736943,0.16530235461595114,39524.0,327382.3188097729,3336,230039957,213050411,1087459,1284147,18779408,15569826,22889544,16013497,27823402,21159407,23932005,16911024,16764754,12472239,12895548,15063858,105867837,114576413
44,000070,2018-01-09,-0.003171247357294016,-0.0042283298097252064,0.2957126994844649,7520.0,40699.51816466607,1023,12031927,7019720,1409616,868749,4371550,2675909,1651646,1333814,2412152,1421761,688061,200220,1498902,0,0,0,0,519267
45,000078,2018-01-09,0.0,-0.0016528925619834212,0.1511044903290531,12060.0,106918.66703757964,1605,32552934,36731156,1310407,1639876,5503273,6570513,6013378,6442745,5919242,7130335,2240405,3377795,2934088,2880318,2097865,1356859,6534276,7332715
46,000088,2018-01-09,-0.0025062656641604564,-0.003759398496240629,0.26333344080577004,8000.0,51753.76394586148,918,12943333,10537239,860858,1070640,4200458,3032722,2399441,2633051,3343217,1040184,1169539,1451710,969820,0,0,0,0,1308932
47,000089,2018-01-09,-0.00227014755959154,-0.006810442678774176,0.21831249152900967,13200.0,183703.55412302064,1629,54126798,29555764,2122335,878352,9543576,4560022,5764880,3763684,11138625,5981191,3140724,2163476,3294271,1803368,1850008,1757294,17272379,8648377
48,000090,2018-01-09,0.006493506493506551,0.007421150278293043,0.22790657193798847,10364.0,100136.9589669008,2240,55423761,38245286,2771101,1281315,10647412,6606399,7402200,4784311,10106246,8681141,5018746,3574100,5746173,3955317,1431968,1707899,12299915,7654804
49,000096,2018-01-09,0.0007396449704142327,-0.006656804733727761,0.662305723562444,6825.0,46399.45265583522,416,4782602,3033162,408742,454311,1708952,1168065,1078722,471250,662174,331656,256512,213920,0,393960,0,0,667500,0
50,000099,2018-01-09,-0.010526315789473606,-0.004210526315789331,0.2428009145446184,3784.0,57194.168379008974,1531,18981343,9656218,1945974,774091,5427805,2949082,3408515,2275003,3337277,1432694,1583200,231594,302101,341280,901222,440314,2075249,1212160
51,000100,2018-01-09,0.04134366925064592,0.028423772609819098,0.06942139633085358,39003.0,424566.7931084035,3132,171808404,338233707,1148632,2323131,9633612,15272235,11088097,20235966,17368804,29807501,14578736,22233084,15702333,21649961,10379753,25158259,91908437,201553570
52,000150,2018-01-09,-0.01533333333333331,-0.014000000000000012,1.324922065602137,8910.0,37832.713890469386,512,3869209,6132484,513097,919010,1632654,2074656,622415,1835523,798409,727295,0,0,302634,0,0,0,0,576000
53,000151,2018-01-09,0.00390930414386248,0.012509773260359625,0.4554281741257033,15492.0,115843.2592193482,788,13335255,19317972,665722,541330,3793288,4200522,2739759,3407412,2951278,2726898,1610472,2167979,1107677,778500,467059,454545,0,5040786
54,000153,2018-01-09,-0.010676156583629859,-0.003558718861209842,0.35855177175810454,13019.0,67433.42034743594,552,11208964,6768791,669012,438417,2882448,2809690,1575752,1643357,1675075,1231646,1533825,234081,0,0,0,411600,2872852,0
55,000155,2018-01-09,-0.025396825396825418,-0.020634920634920673,0.12671548886117787,20559.0,236220.53178784356,2477,117378546,68037959,1987755,1722728,13107278,8817120,15211365,11190931,20066851,10339644,9882345,5386686,7950822,6549733,6698120,2630730,42474010,21400387
56,000157,2018-01-09,-0.006437768240343367,-0.008583690987124526,0.09469674543215449,16650.0,180658.20737204084,2434,85132094,68447147,2002878,2107265,10972922,10333695,8198801,10507349,16784551,10617617,10305740,5330682,3067029,4544130,6646503,3567084,27153670,21439325
57,000158,2018-01-09,0.004848484848484658,0.00242424242424244,0.23170122850680844,8225.0,51054.424829450756,1268,19746735,16571381,1343811,2212429,4207338,3103260,6422916,3269920,3597629,5259653,2239938,1971322,1020910,330800,914193,423997,0,0
58,000159,2018-01-09,-0.01279707495429605,-0.010968921389396646,0.2626464453946465,9214.0,50024.326086424924,433,7741934,3315458,443644,342386,1756343,1639754,1454558,826854,2194932,0,1197431,0,695026,0,0,0,0,506464
59,000166,2018-01-09,-0.0055658627087197265,-0.0037105751391465214,0.13066755484754364,10760.0,186997.42832057396,1705,44924908,46567651,1345510,1860022,8533935,5532735,4884270,4666568,5391175,6025397,4040293,3105794,2393596,2044999,459135,943399,17876994,22388737
60,000301,2018-01-09,0.005145797598627766,0.0,0.12326361442628403,23049.0,176099.7302865107,2244,81142744,75777144,1337496,1737122,9654505,10610366,10288361,11517612,15845757,15139286,8427300,8257204,8429301,6089131,3170481,3086534,23989543,19339889
61,000333,2018-01-09,0.02906574394463668,0.021626297577854725,0.9737158057145188,265050.0,892286.2470554754,3525,774091351,920829906,188170,229346,5716193,4104806,13844472,10968237,37384942,33086990,59040888,53669293,51603604,43239974,44655655,44363914,561657427,731167346
62,000338,2018-01-09,-0.012249443207127064,-0.021158129175946727,0.15076809072312078,56128.0,388726.3100880335,3555,317335554,226944863,932829,1012829,19124315,14660125,27020080,21304503,48252654,32429336,31898055,23293360,27485384,14310327,19293191,10760126,143329046,109174257
63,000400,2018-01-09,-0.008948545861297563,-0.004474272930648837,0.3199047100529188,6675.0,101951.04892388683,1757,35089662,30834112,1735764,2149590,5408991,4335115,4417387,6473856,6945238,5574345,3785121,3068762,2063849,1409893,1630300,801000,9103012,7021551
64,000402,2018-01-09,-0.006785411365563876,-0.004240882103477395,0.215748655124454,21168.0,234700.52906583075,2991,148657415,141141025,2557421,2348443,11075550,11681509,9372123,14098379,18163207,22416480,16772466,13463206,11924489,12122529,10716059,11476831,68076100,53533648
65,000403,2018-01-09,0.005725833614011355,0.002020882452004047,1.9795703539587375,14897.5,50506.648903037305,224,4273092,2333775,183304,215471,1061273,1072832,1112378,163880,1038992,335673,206034,545919,671111,0,0,0,0,0
66,000404,2018-01-09,-0.012499999999999956,-0.010937500000000044,0.22454648893854878,12680.0,120623.12402998163,812,26782915,15740873,576692,603793,2999648,3261743,2598383,2050744,4734446,3031987,2268112,2002656,3485994,1362552,2297100,1447574,7822540,1979824
67,000407,2018-01-09,-0.0025062656641604564,0.005012531328320691,0.20066057687088243,16079.0,115916.33299705082,1583,36840725,49304462,936418,1618530,6116259,7299782,5013075,7809119,9818316,9495834,4982439,7420340,2099144,3649440,2455464,2632115,5419610,9379302
68,000408,2018-01-09,0.012591815320042166,-0.008394543546694666,0.44197294205902865,28275.0,185395.12896968907,1860,78249738,64129916,1174531,1323906,9551629,8191043,11199504,9465540,16141261,12327505,13189683,6736668,6421205,5517445,3997336,3089313,16574589,17478496
69,000409,2018-01-09,-0.015050167224080369,-0.01170568561872909,0.17738048108600502,9472.0,45379.0069039183,1137,18456301,8921075,1183093,842495,5232599,3949787,4282922,2399974,3860141,876621,2154342,473657,1092515,378541,0,0,650689,0
70,000410,2018-01-09,-0.022514071294559068,-0.024390243902439046,0.27072682497762424,20780.0,212603.74030374014,1551,54009419,50327492,834545,1180998,5399062,7759305,6177352,6847330,9427344,10089620,5468728,7481815,5531956,5534052,4510983,1395068,16659449,10039304
71,000411,2018-01-09,0.014363546310054431,0.008420009905893977,0.924637493690945,30472.0,247805.43324955736,476,11219724,33509722,236369,244501,554121,2513868,779346,6220855,1851077,2360201,1582260,3138931,1478915,741836,884951,2319878,3852685,15969652
72,000413,2018-01-09,-0.012591815320041944,-0.01364113326337868,0.16970377161164657,46950.0,405746.67717774556,3157,251675946,156402716,1323534,1425517,16373026,12602013,22605019,16632038,39867921,29707212,26719488,16237065,19192397,11846203,11989004,10392021,113605557,57560647
73,000415,2018-01-09,-0.0016666666666665941,-0.0016666666666665941,0.12594288687340657,7140.0,103192.20717066506,2278,31373358,31923816,1354362,4433841,4925104,8586229,4409216,11352771,4316963,3557833,2044229,439875,986234,1254587,479200,0,12858050,2298680
74,000416,2018-01-09,-0.0068399452804377425,-0.005471956224350261,0.41458104299048204,10199.0,35684.17933042312,310,4311548,2205672,319936,286662,1632862,1402269,1084913,346884,835837,169857,0,0,0,0,438000,0,0,0
75,000417,2018-01-09,-0.004938271604938205,-0.004938271604938205,0.21262665845914072,2415.0,63940.39881262049,1452,17799066,11466829,655420,1603633,2612150,3014409,2513555,2437522,3518308,2893697,1880412,460560,1316346,1057008,495038,0,4807837,0
76,000418,2018-01-09,0.09589041095890405,0.09893455098934556,1.3154155104340024,49805.0,416085.53212755395,2497,158126524,192087896,845124,1002444,8825627,14364253,14686744,15064151,22494974,28165500,12873795,17294337,15110181,15118796,7378980,15628405,75911099,85450010
77,000419,2018-01-09,0.0016393442622952836,0.0,0.3632865993650201,12180.0,41331.81131889699,281,3265037,4070526,239989,310382,1224813,1389276,718095,804796,857419,825282,224721,435790,0,305000,0,0,0,0
78,000420,2018-01-09,-0.006249999999999978,-0.0031250000000000444,0.11101947329280862,7827.0,61335.19577787368,832,13268249,9499648,742684,977766,3154465,2842723,2151178,2648841,1541736,1382400,1715217,1005955,1617262,641963,450478,0,1895229,0
79,000421,2018-01-09,-0.004777070063694322,-0.0015923566878981443,0.31134647276160754,7554.0,46369.55191403746,406,5019276,4786691,351887,309761,1439749,1824962,1259396,892727,572501,753385,1028453,1005856,367290,0,0,0,0,0
80,000422,2018-01-09,-0.00704225352112664,-0.011737089201877882,0.16507568214819696,8420.0,112140.92937404166,666,14877072,8111080,641898,525370,3084006,2321160,2015039,1434197,1479511,1260256,1651712,241533,693387,343508,825920,488872,4485599,1496184
81,000423,2018-01-09,0.023089171974522316,0.019745222929936412,1.103421470391073,62880.0,270073.9136420082,3239,176509694,261081347,543158,1331841,11190856,14190279,22206707,24642069,38554600,41494436,26596640,33220972,18400000,20916876,11618633,17661068,47399100,107623806
82,000425,2018-01-09,-0.01855670103092777,-0.026804123711340222,0.08135175379605644,122980.0,539822.411820542,3577,537241690,429444595,473844,453364,10887393,10930978,23374065,24391236,50375329,47905718,56362442,46604396,55348269,43778966,39452961,25988118,300967387,229391819
83,000426,2018-01-09,0.018779342723004522,0.012206572769952961,0.19425699718179457,27585.5,269352.2751670524,3014,160143508,175630569,2478959,1856622,9767015,10583276,13812503,17741631,21167867,20352210,15664596,14855411,17502853,13572308,17110136,11666796,62639579,85002315
84,000428,2018-01-09,-0.004819277108433884,-0.004819277108433884,0.21212616287783986,4130.0,43234.69552305408,382,3527593,2738421,531822,278672,937270,955172,897665,417771,679355,620346,0,0,0,0,481481,466460,0,0
85,000429,2018-01-09,0.0060975609756097615,0.004878048780487809,0.27633075462281287,4920.0,84454.59832140547,880,16076627,9623629,1535620,437170,2418281,1545840,3112231,1271627,2438835,3519663,282210,1860529,335380,988800,0,0,5954070,0
86,000430,2018-01-09,-0.0034522439585730202,-0.0023014959723820505,0.5529886845379816,6944.0,38616.99205090983,246,2717259,1911152,235174,365702,840968,684455,558241,725587,449530,135408,260100,0,373246,0,0,0,0,0
87,000488,2018-01-09,-0.00819672131147553,-0.012568306010928953,0.34166676498495113,49490.0,307418.04054143874,2871,219203613,179827237,1114137,1211978,11291856,12460559,16518841,15132249,29718085,28147766,27038121,22563528,17834027,16703631,16284980,14786500,99403566,68821026
88,000498,2018-01-09,-0.014326647564469996,-0.012893982808023008,0.1651977071789413,12492.0,77775.75597454987,1787,39156492,16047114,1907741,1153999,11829924,5482999,6958270,4237802,5137840,2485566,3344840,278294,679833,713068,1664866,499624,7633178,1195762
89,000501,2018-01-09,0.03191489361702127,0.016548463356973908,0.39071878188042625,18711.0,155588.2726335141,1878,43299005,57446107,1434740,1306992,7449190,10962732,5141709,10034228,8151471,10382581,4158287,5822457,3466770,3470173,1312304,2710338,12184534,12756606
90,000502,2018-01-09,0.0,0.007073386383731117,0.580473373708625,5590.0,35355.91996671519,379,3321736,3392403,553899,181400,935673,1033922,1027874,1009705,0,936571,466790,230805,337500,0,0,0,0,0
91,000503,2018-01-09,-0.011566265060240943,0.0,0.9565387708415908,29176.0,463884.3065613483,1883,149731121,97808613,1287160,1585479,7780423,7858485,7556572,8979907,15232459,11001943,13818860,12726204,5224809,3461782,10249201,7077907,88581637,45116906
92,000505,2018-01-09,0.035550458715596145,0.04013761467889898,0.24934910365498483,14352.0,73998.37003091468,1225,19983050,24748647,997553,1499565,5606623,6050994,3876151,4257028,4442644,5249363,2195334,2696050,634657,1733999,885364,428538,1344724,2833110
93,000506,2018-01-09,-0.0012853470437018677,-0.010282776349614386,0.34223359157167504,7700.0,46882.79075873118,516,7404035,4513155,383407,558115,2274722,1514073,1970887,1443423,1123729,692624,0,0,708194,304920,400400,0,542696,0
94,000507,2018-01-09,-0.0038986354775827348,-0.0019493177387913674,0.21616513221567954,23759.0,129493.8290871673,2254,84072511,62234903,1216294,1221936,11566635,10047203,13910094,10113109,18750952,14251131,9409897,9185243,6214432,1946569,3275795,5714413,19728412,9755299
95,000510,2018-01-09,-0.0174825174825175,-0.0174825174825175,0.2726512503471901,11843.5,81673.78774208468,990,19059872,14046470,758572,1254076,4683632,4308438,3667281,2815421,4378857,1759340,2014142,1189146,913193,0,1312403,471509,1331792,2248540
96,000513,2018-01-09,0.01186819324211097,0.021502373638648375,1.2870015753889918,72910.0,284366.1289451138,3097,229783191,259580009,1576776,759380,11909090,9699254,21215818,17687534,42752759,31198868,26605582,29220170,24083560,23008993,15406404,22952930,86233202,125052880
97,000514,2018-01-09,-0.00422535211267594,-0.008450704225352101,0.14992250819352881,19656.0,132019.7996930089,2248,72328876,56468204,1932788,1333965,11094073,9130382,13274533,8958926,14924627,11161752,9647598,6067280,4932791,5414450,4931417,1870527,11591049,12530922
98,000517,2018-01-09,0.026726057906458767,0.026726057906458767,0.14904350976815042,8298.0,1455371.8461764052,907,114087011,50119041,1868068,0,6366929,0,3534487,0,3947004,0,2728659,0,637563,0,2161168,0,92843133,50119041
99,000518,2018-01-09,-0.008784773060029338,-0.005856515373352855,0.29455785464032497,6840.0,81059.5295587379,537,7697608,4129345,666627,582270,2023390,1567698,1452773,808902,550883,400715,718076,239360,654614,0,0,0,1631245,530400
100,000519,2018-01-09,-0.012307692307692242,-0.0010256410256409554,0.2082463135110818,20338.5,120721.15839328598,2194,63087350,47346007,2147251,1860593,11610087,9450369,11837639,10073365,14211744,9200834,6847681,5455628,4005342,2946485,3573614,482550,8853992,7876183
101,000520,2018-01-09,0.007194244604316502,0.007194244604316502,0.14119679025728962,8380.0,75981.70170449316,873,14031788,11644212,1007040,774384,3246200,3430898,2463767,1726250,2208312,2551291,659326,1416991,749469,725313,417000,482346,3280674,536739
102,000521,2018-01-09,0.009560229445506607,0.015296367112810572,0.20994862051707777,9675.0,95410.99755600259,620,10061333,13898726,532644,486847,2141711,2260647,1782924,1635084,1387451,3061893,2415903,1033356,1044965,1053813,0,2228623,755735,2138463
103,000523,2018-01-09,-0.007317073170731603,-0.003658536585365746,0.38076180858861103,8200.0,55056.74156524012,463,6777676,4525250,443379,627982,2080367,1298405,1754088,1193178,1662891,0,0,987410,0,0,0,418275,836951,0
104,000525,2018-01-09,-0.014454664914586024,-0.013578624616732315,0.5561926788416396,18208.0,144675.50726889953,1686,59078438,43103381,1717292,1117161,6956682,8635571,5398029,5989941,11678517,7263118,7648939,5860076,2784593,2866572,4912225,1832437,17982161,9538505
105,000528,2018-01-09,-0.015765765765765827,-0.018018018018018056,0.18209392063047986,11349.0,112249.39455054713,2381,72107630,35103337,2939602,1225276,11798949,7285763,11120056,6628296,10653460,7454730,6748431,3554003,4267947,2051754,4427020,1799828,20152165,5103687
106,000529,2018-01-09,-0.011396011396011319,-0.011396011396011319,0.2644687690883157,6228.0,36768.21778040495,704,8384301,2781783,1482251,410405,1523035,1261249,1728321,738681,1361917,139293,1653483,232155,635294,0,0,0,0,0
107,000530,2018-01-09,-0.017035775127768438,-0.017035775127768438,0.14918440325850432,11500.0,101798.03219105986,1551,34806488,30085211,838955,1691471,5847728,7429784,4925434,4871306,6394195,5438319,7500254,5083443,3143858,1609537,1360240,837639,4795824,3123712
108,000531,2018-01-09,-0.0024721878862793423,-0.0024721878862793423,0.4565890806667894,10569.0,98423.75995844956,313,6058588,3660052,375794,310400,1300192,1284246,972078,717232,837966,596149,250977,285363,304624,0,0,466662,2016957,0
109,000532,2018-01-09,-0.01128880526810927,-0.010348071495766775,0.5534655276208721,10540.0,75522.62429909818,368,8933504,2999360,349626,259161,1933997,1344637,1234675,613867,1968150,554032,661279,227663,304677,0,0,0,2481100,0
110,000533,2018-01-09,0.012596899224806002,0.0019379844961240345,0.5226803392284928,3108.0,77148.0509279534,389,5738496,4861873,116636,410850,945431,1139360,465833,409391,1459306,1435564,491955,208436,1048610,0,489725,0,721000,1258272
111,000534,2018-01-09,-0.007874015748031593,-0.0035790980672870676,0.871579250914683,11136.0,37985.22704123306,256,3606635,1720639,303380,216169,1631808,715052,727759,184013,458488,286165,485200,0,0,319240,0,0,0,0
112,000536,2018-01-09,-0.0042194092827004814,-0.002109704641350185,0.12863875880658715,7095.0,62333.0213117655,1359,20182078,7595156,5290474,368198,3459508,2517464,2895930,1680965,3132168,1603934,1184126,1424595,664565,0,428065,0,3127242,0
113,000537,2018-01-09,-0.009071877180739762,-0.028611304954640593,0.345413272174462,29683.5,206078.1642504126,1724,80594847,50628154,1156078,878468,10324402,4335264,16189225,6254948,14150284,8811935,8013076,5359023,5089284,1294680,5716106,3198810,19956392,20495026
114,000538,2018-01-09,0.023099133782483072,0.016073147256977727,1.9142834321351612,62490.0,640790.6024678232,2947,231461969,404249802,0,5407,12902451,10915745,23279913,25291893,23493477,40032546,12028381,20734273,10993631,20068372,8726200,14171833,140037916,273029733
115,000539,2018-01-09,-0.004081632653061273,-0.00612244897959191,0.2714356414615098,4870.0,79362.51642523962,325,4616934,1102400,554120,242893,908655,415847,724396,222354,558150,221306,244000,0,300246,0,0,0,1327367,0
116,000541,2018-01-09,0.0,0.0,0.23094212346117518,9370.0,78307.40974011968,1640,29415401,21804098,1853972,1604365,7855900,6589014,4063026,3421982,3728311,4057967,3685629,2162399,346143,364803,1731622,1715678,6150798,1887890
117,000543,2018-01-09,-0.0019379844961240345,0.0,0.16362182344833426,4644.0,69689.59275154404,995,10617978,10626011,778749,1448248,2157481,2111420,1560222,1119187,1800038,1518151,1201521,1778452,308495,1045277,459926,922608,2351546,682668
118,000544,2018-01-09,-0.005270092226614009,-0.01449275362318836,0.5472082719243168,8982.0,63883.752653465875,769,11552178,7722004,839863,1066105,2550357,2858058,1676855,1042765,2020748,1796535,1006843,223500,0,301400,886012,433641,2571500,0
119,000545,2018-01-09,-0.009615384615384581,-0.007692307692307665,0.14512970098484376,13390.0,95080.14325560218,1285,34125084,17842467,981412,1118197,5905794,5488369,6115791,4068753,5297560,4355090,2560317,759140,3401431,665184,1749574,875652,8113205,512082
120,000546,2018-01-09,-0.022504327755337394,-0.027120600115406734,0.44052144015225075,12033.0,95460.39540504629,1551,35616777,20684415,1140444,983239,9472067,3719660,2915642,5563147,6171882,2779760,2088601,2637100,3980939,1439972,949365,455252,8897837,3106285
121,000548,2018-01-09,0.012213740458015376,0.004580152671755711,0.26021257947057125,8502.0,46069.63458070191,633,7415165,9126403,564072,751555,2242123,2406392,1619275,1931552,1580148,2992393,947547,722008,0,322503,462000,0,0,0
122,000550,2018-01-09,-0.009506833036244555,-0.007130124777183444,0.6339966962672411,16680.0,92941.57303570288,704,22170362,11099580,608407,449916,3626248,2114752,2779287,2189089,6498085,2568685,2350785,1813208,1711865,739362,0,456960,4595685,767608
123,000551,2018-01-09,0.0,0.0,0.40461320798085965,10062.0,46679.57475545085,420,6675625,4076079,387021,311001,1987344,1630064,2166006,818658,927258,417941,549896,472869,658100,0,0,425546,0,0
124,000552,2018-01-09,-0.008108108108108136,-0.013513513513513598,0.09743104172808272,4758.0,149983.19114357204,1447,31092411,16395708,1696864,628538,5245538,4283033,3325438,1740617,2796954,3214857,3332967,2293992,998006,1060917,2564812,421800,11131832,2751954
125,000553,2018-01-09,-0.017857142857142905,-0.011904761904761862,0.4269553088490922,18304.0,94019.1754760298,1549,44502321,30993100,919278,1212039,7765402,7290432,8993894,8781753,7916213,5166808,6197318,3329724,2829798,1092298,3223531,403414,6656887,3716632
126,000554,2018-01-09,-0.013937282229965042,-0.0034843205574912606,0.2243845362368672,17220.0,85549.00072655157,1473,39381189,31309263,1189335,1450423,7574860,5915232,6645585,6146693,8987118,6576583,5924801,2879860,2687459,2054860,2781572,2248992,3590459,4036620
127,000555,2018-01-09,-0.0106557377049179,-0.0106557377049179,0.35299565796805715,12160.0,67495.23191154172,1194,24827914,13964692,1075251,930313,6863096,5383089,4648995,2569547,3930966,2864464,3123863,1029040,647767,702484,405748,485755,4132228,0
128,000558,2018-01-09,-0.005791505791505669,-0.0019305019305019266,0.16113490749656478,10390.0,58886.636804569265,1034,16864030,13284828,911916,899722,4529335,3731570,3167318,2933283,3346094,2947223,2190320,1474854,684586,354571,422344,430085,1612117,513520
129,000559,2018-01-09,0.008866995073891548,0.01871921182266001,0.20095770892183626,25737.0,183962.41825364053,2554,92411560,127382998,1366562,1286155,11544309,12542908,11503502,11275380,16873613,17898831,9234563,12237243,8800400,13334505,4372504,8111204,28716107,50696772
130,000560,2018-01-09,-0.0174717368961973,-0.009249743062692661,0.24537025496473933,15456.0,60159.33359859896,1573,33327065,21077791,1523822,1747114,8939272,7070828,6407424,4264154,7512881,4982680,3879319,2069701,2017902,344050,442935,0,2603510,599264
131,000561,2018-01-09,-0.0034883720930232176,0.0011627906976743319,0.3056633178554367,8630.0,44949.704558165664,791,11351977,6288946,1476687,744970,3872530,2665928,1800903,1008464,1084178,1152093,1311406,202091,1310913,0,495360,0,0,515400
132,000563,2018-01-09,-0.006976744186046546,-0.0046511627906975495,0.11288472980403844,5550.0,64271.42870639868,1455,18615620,9676510,2796944,1237967,4193647,2352988,2802334,1979151,3178672,1647098,1972945,1302701,1059788,0,846218,431145,1765072,725460
133,000565,2018-01-09,-0.015894039735099397,-0.0066225165562913135,0.3075483417199229,9821.5,49364.21976331827,602,9713612,5231501,794389,553576,3408743,2244781,2265459,457323,877601,779305,974205,1196516,795465,0,0,0,597750,0
134,000567,2018-01-09,-0.011147811725846446,-0.015276630883567233,0.8183109617927371,14433.0,102909.07815924431,876,23974312,11887973,708495,873148,3974502,3498724,3579256,1676285,4276443,1590054,1974741,1198721,1758253,1320584,459072,484007,7243550,1246450
135,000568,2018-01-09,0.02777777777777768,0.028508771929824483,1.1875165879573593,77429.0,598512.5042735119,3319,310533496,443559886,598452,1133992,12246494,14649106,20270849,24905791,39545939,35147074,30382684,31407232,24563301,25120184,21655717,20976061,161270060,290220446
136,000570,2018-01-09,0.00521739130434784,0.003478260869565153,0.29464558150099746,5800.0,41875.095689673966,380,4045745,3258700,501759,275350,1531197,919565,819713,230719,1193076,810559,0,528620,0,0,0,493887,0,0
137,000571,2018-01-09,-0.015845070422535135,-0.015845070422535135,0.17344859609848512,6720.0,58823.22795971783,1073,19583427,9023898,1183943,623038,3293278,2227780,6860499,1795100,2575037,1418894,2003648,1921122,1374582,1037964,482670,0,1809770,0
138,000572,2018-01-09,0.004264392324093702,0.004264392324093702,0.12675469810526632,7990.0,79222.95612469199,1371,23176053,24813299,1718670,842803,4980398,4187617,4167901,3965247,4574820,4478950,1867806,3280815,2053446,2867866,1812628,3689815,2000384,1500186
139,000573,2018-01-09,0.1060000000000001,0.1060000000000001,0.11922693428064832,21400.0,288705.04303692206,1763,92628751,55614250,1587177,772833,8427085,5392279,9385041,6645659,13695135,10320599,10355932,6601472,6702355,4377848,5804421,3069366,36671605,18434194
140,000576,2018-01-09,0.0017720023626699444,0.0017720023626699444,1.0839363748201116,10193.0,211083.67046994713,243,3353773,15347315,270905,49205,484482,366217,736614,941308,920870,1808013,507750,3999775,0,2287186,433152,0,0,5895611
141,000581,2018-01-09,0.0035985605757697936,-0.007596961215513898,0.461443823770228,50275.0,328774.1484317991,2938,227562256,220187102,1336888,993344,14632406,10653151,19290139,16166343,26850624,28357933,28431936,25879720,21393660,16885637,12529928,8299179,103096675,112951795
142,000582,2018-01-09,0.00800800800800805,0.009009009009008917,0.30987905912956515,10190.0,58082.7650012474,1039,15255869,16197773,711175,857397,5065085,3870199,3421089,2301153,3343234,3951250,867474,2100336,977158,691427,870654,1316252,0,1109759
143,000584,2018-01-09,0.0,-0.004264392324093813,0.5523485192752324,7025.0,88451.56058942871,648,13877164,7949877,955025,308906,2757009,1036208,2705512,1047548,3296056,1122671,775308,1958425,0,0,866454,419497,2521800,2056622
144,000586,2018-01-09,0.013407821229050487,0.012849162011173254,1.2294542672250042,7164.0,161900.59913642774,211,4779195,3651463,290713,117213,804392,382531,595091,955810,542386,179784,0,487118,362000,653517,0,875490,2184613,0
145,000587,2018-01-09,-0.02496532593619971,-0.02219140083217752,0.14953880623767782,32430.0,179626.36134689802,2329,94717442,87475600,1474400,1310723,11664191,13441776,13652429,8205963,14614313,17067379,12873490,8314309,9429818,7397138,3040615,3156509,27968186,28581803
146,000589,2018-01-09,-0.002096436058700135,-0.004192872117400381,0.22545516778555008,7616.0,31992.473009672278,447,3375032,3823455,340584,1112030,1377380,1210272,561118,442199,585325,613404,510625,445550,0,0,0,0,0,0
147,000590,2018-01-09,0.0034036759700477592,0.004084411164057222,0.8510535485650355,8916.0,24774.286561624915,297,2656271,2181048,276312,244493,1553602,1030082,252776,663396,358546,243077,215035,0,0,0,0,0,0,0
148,000591,2018-01-09,0.007017543859649145,0.0052631578947368585,0.14740636223708042,9724.0,104076.76791243735,1497,24304477,28970465,1544366,1421452,5458184,5384151,4475382,4140480,4495452,5000671,1916077,2825065,1638666,2140782,1330575,0,3445775,8057864
149,000593,2018-01-09,0.021164021164021385,0.012698412698412875,0.2685082420103567,13412.0,77116.49389004838,1239,20073590,23072204,1209489,1447650,6266324,6182761,4159276,4163012,2608275,5093737,1881301,1717777,725750,1522731,943225,1404472,2279950,1540064
150,000595,2018-01-09,0.007575757575757569,0.0037878787878786735,0.21043879439931296,8993.0,40795.83869687348,629,7648895,6369387,507186,602711,2838663,2019391,1746029,1771182,1088096,1112772,1057928,238500,0,624831,410993,0,0,0
151,000596,2018-01-09,0.03524034208198179,0.03494544382188147,1.3334444236427223,41820.0,219160.27404428524,2587,98167455,173999028,1576988,1097079,12059441,15618121,14797521,18297773,19357661,20681361,14338351,16282633,7327130,16791817,6059932,13301006,22650431,71929238
152,000597,2018-01-09,0.02393162393162407,0.02051282051282044,0.2999989807373494,17940.0,127033.58364278599,1521,36606147,51647295,645827,1465760,6028136,6996017,5743047,6312154,7648399,10383838,5907029,5805244,1826000,6287661,1363735,2749950,7443974,11646671
153,000598,2018-01-09,-0.0018214936247722413,-0.0018214936247722413,0.14067916744750134,6600.0,97673.10069129926,1525,29394368,13394294,2431641,895885,7146503,2208764,4338634,2136776,2948758,2711304,1812399,1328801,1733133,0,1272783,461709,7710517,3651055
154,000599,2018-01-09,-0.006163328197226536,-0.006163328197226536,0.2730927955911185,6450.0,46304.703047384704,564,7519894,3469099,945418,276435,2758565,894843,1459608,1082818,479919,948618,432824,266385,322000,0,476560,0,645000,0
155,000600,2018-01-09,0.0,-0.002366863905325367,0.17969184959154316,19642.0,155846.3667514837,2214,86132722,61419604,1749458,1827926,10300719,9178625,12574388,8576971,14268174,13034178,9487573,9624302,4354927,6761271,9002747,4106559,24394736,8309772
156,000601,2018-01-09,0.019230769230769162,0.019230769230769162,0.2846195376216007,11160.0,145716.39220073327,654,14203499,20291885,1065844,537728,2247768,2488764,2281148,2276502,2826202,2023381,1446572,1459643,715612,372000,895408,818056,2724945,10315811
157,000603,2018-01-09,-0.000794281175536149,0.000794281175536149,0.40418956700944886,14469.0,102463.5954200592,970,20234578,20529601,649821,641621,5457962,3853477,3994598,3567362,4984255,2824601,1167150,2306842,1045670,1993755,913872,403466,2021250,4938477
158,000605,2018-01-09,0.002623294858342007,0.0010493179433368471,0.5309906329076239,11447.0,48541.93169069893,1288,19724165,14186749,1449513,1460767,6122919,5069573,5051240,3422956,3668035,3199053,1278018,728670,667040,305730,0,0,1487400,0
159,000606,2018-01-09,0.002239641657334701,-0.014557670772676223,0.481682024379208,7920.0,63870.40812644172,343,6174091,3486956,311974,431550,1099764,942977,1601580,1014366,1133962,271388,672592,272800,333140,0,405260,0,615819,553875
160,000607,2018-01-09,0.0,0.004846526655896577,0.22732258712062345,2476.0,29549.187933858855,741,4697651,3678850,791077,465230,1371555,2037144,898099,445790,677257,730686,510680,0,0,0,448983,0,0,0
161,000608,2018-01-09,0.03720238095238093,0.034226190476190466,0.18211426839261638,8268.0,65888.21954893922,1364,21939063,21550202,1952562,1377584,4511213,4448232,4020675,3663033,5890397,5499376,2954287,2714930,1011821,1728634,911644,438608,686464,1679805
162,000609,2018-01-09,-0.004378283712784703,-0.005253940455341555,0.3921094061621761,12540.0,52944.29059523486,848,15871291,9732020,720001,701517,5085779,3139814,3967935,1730220,3241147,2167677,2308089,909092,0,397900,0,0,548340,685800
163,000610,2018-01-09,-0.006677796327211993,-0.005008347245409106,0.7488406684934361,8400.0,49126.43044621159,255,2587413,2833384,272427,275012,1244972,743145,518886,244250,551128,0,0,732210,0,361176,0,477591,0,0
164,000612,2018-01-09,-0.011802575107296098,-0.012875536480686844,0.22617502020498803,9140.0,67553.56046834929,1699,29789950,16028993,1824758,1708548,7137285,5134554,5731669,2400167,7119499,3119968,1228668,1647653,1738605,715699,1309153,1302404,3700313,0
165,000613,2018-01-09,0.00990099009900991,0.014851485148514865,0.29742364575247704,8893.5,90731.7672015863,738,14771647,9486214,700596,778266,3168588,2804846,2203639,1417895,2606938,1327528,1138996,729607,716876,1013258,497132,878218,3738882,536596
166,000616,2018-01-09,-0.0055248618784530246,-0.0055248618784530246,0.10481534918328325,9412.0,91700.65068033137,1196,25947760,17684877,1233952,878361,5085530,4515317,4307189,2110483,3394036,2863752,4530430,1590161,1392434,2466934,1730766,406975,4273423,2852894
167,000617,2018-01-09,0.00417827298050133,0.0062674094707519945,0.5232321222072982,8664.0,40217.62068836629,753,8527917,7863070,724721,560998,2181209,3820798,2571541,1693397,1410643,1326043,510054,461834,642784,0,486965,0,0,0
168,000619,2018-01-09,0.01228501228501222,0.006142506142505999,0.3312698886336765,16379.0,133914.5812401427,603,11713934,27387508,269289,826224,1556717,3685532,1342882,2651677,1923394,4310031,1156031,4158153,1415324,4177506,2077493,3367504,1972804,4210881
169,000620,2018-01-09,0.009316770186335255,-0.006211180124223614,0.16508314011228023,2554.0,34015.72035193987,1524,11838223,8618287,1028048,1775479,4229058,2175946,2727899,2333956,2476939,1082089,493020,710501,371259,0,0,0,512000,540316
170,000622,2018-01-09,-0.006315789473684275,-0.006315789473684275,0.3263296908601128,10450.0,42544.587686292616,211,3455050,1967942,126619,142928,1148983,765448,539538,494118,1147076,357398,492834,208050,0,0,0,0,0,0
171,000623,2018-01-09,0.0,0.002210433244915988,0.5020036371888466,22760.0,133266.62578706568,2030,68819376,71363924,1213287,1456066,10074703,10164877,7277529,9108073,10584039,18161470,8958599,8773431,6535245,7089012,5453115,7644538,18722859,8966457
172,000625,2018-01-09,-0.0015278838808250317,-0.0015278838808250317,0.2729875202628898,15696.0,207940.0165291433,2300,90336855,61934665,1722218,1954948,12289030,9130995,10910389,7181102,13540837,9536439,7555994,7757882,4254132,2634454,4607472,3564537,35456783,20174308
173,000626,2018-01-09,-0.011619462599854802,-0.006535947712418277,0.48731745597721754,15191.0,60410.7981223781,798,16769429,12203256,677004,582371,4171506,3966885,3999541,2217945,4820203,2564883,1675755,561958,684594,1434874,0,874340,740826,0
174,000627,2018-01-09,0.01587301587301604,0.013431013431013605,0.16661838788250835,15750.0,146686.61964169683,2419,58793338,85234897,1811507,2415210,8652343,10564767,8932355,10081346,10116205,12918460,9644195,8063924,5889840,5721544,6156146,5273393,7590747,30196253
175,000628,2018-01-09,0.005889281507655886,0.007067137809187329,0.32259080486452196,13303.5,49685.83328864804,692,10628235,9655490,737662,645763,3055797,3606899,2418089,2226374,2196388,2485209,482759,691245,682563,0,425205,0,629772,0
176,000630,2018-01-09,-0.010135135135135087,-0.010135135135135087,0.060441183743906945,11248.0,259763.96670575996,2427,109341598,53256857,2401563,1811892,10820594,7697654,9873558,5899335,11951871,6528380,6504413,2403163,5972336,2626641,3125860,410050,58691403,25879742
177,000631,2018-01-09,0.09868421052631593,0.09868421052631593,0.10777812145401389,10020.0,369209.1277823497,1792,128532031,29425577,2194985,96119,10293434,1319591,8226122,2595757,9485236,4635695,8962218,2714330,5135954,1737701,4431543,922463,79802539,15403921
178,000632,2018-01-09,0.0048000000000001375,-0.0048000000000000265,0.2830537410615937,6350.0,48074.05203549802,487,5895249,5411412,430999,402686,1216791,1922670,1552446,1289064,1708192,718704,483621,242550,0,381600,0,454138,503200,0
179,000633,2018-01-09,-0.0220661985957874,-0.026078234704112302,0.34816018073800026,13691.5,140065.2141482098,820,25105056,13835705,660942,923861,3752234,3378719,4008496,3066983,4983850,2125828,1820276,1036212,727719,728677,1822739,0,7328800,2575425
180,000635,2018-01-09,-0.01664684898929847,-0.01843043995243754,0.46065986609498094,16490.0,63264.722650310745,1333,27602103,17718162,1708699,1018547,7902595,5457696,6267576,3470691,7201986,3915705,1983563,1926080,689925,330200,0,919443,1847759,679800
181,000636,2018-01-09,-0.023664122137404653,-0.027480916030534264,0.22756164380038116,69282.0,437846.40623042017,3319,351888093,293557411,775706,989855,11558780,13498462,20024405,19721584,40683447,39433864,28426823,27564270,27429794,23592706,19236028,21968181,203753110,146788489
182,000637,2018-01-09,-0.012965964343598091,-0.014586709886547755,0.23430735919627374,10944.0,74546.47851361666,693,17161517,5828433,678587,630514,3203052,2168822,2713413,1432272,3581078,1178142,2315565,418683,1336566,0,422505,0,2910751,0
183,000639,2018-01-09,0.022222222222222365,0.023280423280423346,0.696282636672166,15387.5,123008.09735875088,736,12221463,22777533,919404,597933,2728269,4035774,2173231,1869750,2055454,2856211,1775985,1981694,690190,3576790,416460,852480,1462470,7006901
184,000650,2018-01-09,0.0018552875695734272,0.0,0.15598569996481093,7072.0,85681.00902273497,1195,11245077,13917199,1027472,1736863,2152997,4299860,1654112,2331707,1685479,1839012,778916,1077673,340648,0,469372,413984,3136081,2218100
185,000651,2018-01-09,0.035205364626990754,0.02891869237217115,0.7970277296547417,331228.0,2244762.123478562,3585,1124137747,1634330271,117273,166135,4132749,3755253,10658207,14660479,34770328,45790725,47077246,56688084,47637061,54815385,42658660,54729905,937086223,1403724305
186,000652,2018-01-09,-0.0065502183406114245,-0.0065502183406114245,0.14831275144216122,4104.0,52079.14179362215,955,9388510,7774316,1234746,783976,2346843,2753921,1300322,1352625,2177342,813317,1295879,718214,0,0,406843,438263,626535,914000
187,000655,2018-01-09,-0.008759124087591164,-0.007299270072992692,0.21100583423199754,12939.0,86048.95441238221,1054,24036234,15679559,1031685,730172,5745944,3582369,3493461,3425208,3346075,3380658,2761139,1937314,2736373,642656,408600,430342,4512957,1550840
188,000656,2018-01-09,-0.005802707930367523,-0.003868471953578201,0.10802904951087516,21462.0,280787.66312705504,2299,126786785,116597591,1630571,1141951,10554850,6535302,9283150,9543985,15931202,13351373,11407309,11957845,8794648,9759967,5266126,9931212,63918929,54375956
189,000657,2018-01-09,0.011049723756906049,0.009471191791633693,0.3928111304775757,12750.0,60136.75221677756,1040,17574533,17093676,658822,827432,4394619,4465331,4893532,3642330,4210845,4247480,1777312,2380841,324599,1118424,0,411838,1314804,0
190,000659,2018-01-09,-0.04914529914529908,-0.038461538461538436,0.1410453171363069,18984.0,222127.8127369522,1103,47158245,38850894,662966,1028018,4068629,5718265,4742833,3815207,6029380,5089857,6471400,6330306,2384671,2776758,4048942,4531015,18749424,9561468
191,000661,2018-01-09,0.01764406492111048,0.013572357631623566,3.9097813194097877,52309.5,269897.02689141146,2048,116408367,134946636,9793,10525,10395893,10007247,13297967,14511278,25326373,19034933,8652477,13422776,8710437,10045033,6558570,6220775,43456857,61694069
192,000662,2018-01-09,-0.006020066889632081,-0.008695652173912993,0.7056094584318182,7432.5,39326.137139014885,448,6970841,1978683,646594,223238,2058697,1009639,1381539,347826,1501163,397980,1070998,0,311850,0,0,0,0,0
193,000663,2018-01-09,0.035934868051656466,0.001122964626614209,0.6840904809571317,17860.0,59987.50514374333,677,14976678,9096051,404998,539180,4079899,3618042,4666658,2066816,2580640,994698,1442204,213120,1357758,312900,444521,0,0,1351295
194,000665,2018-01-09,-0.004911591355599154,-0.004911591355599154,0.5028106891073902,4226.0,64409.78088015302,409,7850980,2820751,469916,235369,1123553,838945,1016576,617487,1514293,680264,677752,448686,2135390,0,406000,0,507500,0
195,000666,2018-01-09,-0.002020202020201922,-0.009090909090909038,0.48092272063276575,5873.0,119075.39454821318,1695,26675414,21838500,1507554,3440896,4072871,3986588,2384186,1799831,4173948,3082890,3052260,1921859,1810030,1011448,827947,1749195,8846618,4845793
196,000667,2018-01-09,0.048338368580060465,0.048338368580060465,0.060984263096965696,28413.0,381054.184990814,2980,165542099,231087039,1615734,1964746,11846027,13018965,12732866,13815822,22049636,20506311,14553456,16468393,11316843,21804867,9651089,11219230,81776448,132288705
197,000668,2018-01-09,-0.001965923984272533,0.001310615989515096,0.8025175853983396,12376.0,80825.75323001377,361,7677967,5439238,248289,386261,1409399,1605767,1256108,786069,1436927,1334639,677204,481752,678704,0,1362936,0,608400,844750
198,000670,2018-01-09,-0.02571428571428569,-0.021428571428571463,0.12881823540027196,25215.5,134699.09591523,2960,111818006,82420459,1776462,1994795,14414596,14118055,17609206,15360128,24310932,19137387,17764032,9659299,9105397,5504617,5335581,3125028,21501800,13521150
199,000671,2018-01-09,-0.0034285714285713365,-0.010285714285714231,0.15300695633171255,51119.5,349307.44672767055,3288,268910262,271958695,744873,1381154,12368753,15860574,16106309,18274209,34372519,33408165,23511585,27294224,24325551,24615924,17780248,18993944,139700424,132130501
200,000672,2018-01-09,-0.009295120061967532,-0.022463206816421444,0.22350529086501092,76320.0,466498.9038501789,3345,350747417,288368536,841302,740781,14677380,9905721,24342187,19309106,48845200,35963856,34456352,24797982,24255589,23889658,20520846,20117098,182808561,153644334
201,000673,2018-01-09,0.007535795026375247,-0.00904295403165023,0.4980691551948152,13150.0,130051.27973711345,710,18211931,18897535,720340,260956,3868644,1898390,2280309,2118214,3665004,1984151,1615547,4652706,662515,3433531,837453,3376737,4562119,1172850
202,000676,2018-01-09,-0.009565217391304337,-0.00782608695652176,0.3579543905005148,3707.5,34612.16775820085,1032,7999313,7220382,701508,1049939,3023575,2708397,2507431,1111518,1136435,1449529,217549,0,0,0,412815,900999,0,0
203,000677,2018-01-09,0.004878048780487809,0.0,0.22244294604656095,4090.0,24231.880364725213,339,2382486,2022495,387954,337030,1001094,693572,635955,429605,357483,356288,0,206000,0,0,0,0,0,0
204,000679,2018-01-09,0.019525801952580135,0.01673640167364021,0.4168515994462907,10785.0,43299.885392900556,295,3837403,3977739,288663,254457,1356418,1281170,910184,983093,1020786,818613,261352,0,0,640406,0,0,0,0
205,000680,2018-01-09,-0.013487475915221592,-0.003853564547206201,0.1300112298404049,15540.0,114545.68869017581,1597,36248077,24774863,1387600,924056,6522041,9985617,4379548,3000673,4465753,2452727,3738568,2610610,3522970,977581,1398547,411567,10833050,4412032
206,000681,2018-01-09,-0.035430988894764814,-0.0370174510840825,0.41472041795372894,18380.0,79709.65440417024,2085,44017525,16057885,1337238,833072,19774163,6813973,4794025,3592412,2879355,1329894,1345780,768307,2464033,1485322,439621,479106,10983310,755799
207,000682,2018-01-09,0.00845665961945019,0.00845665961945019,0.19515834077692737,8194.0,40275.59400211226,587,6694837,6225326,690029,562509,2772987,2290888,971526,999666,1417075,949121,453130,1423142,390090,0,0,0,0,0
208,000683,2018-01-09,-0.009771986970683932,-0.006514657980456029,0.07601369067684689,13725.0,134657.7985084702,1641,49091161,31634664,1242727,1557892,6759316,7660297,5794456,5033879,8585814,4866646,4190483,2820161,3106496,4243600,1304100,2330346,18107769,3121843
209,000685,2018-01-09,-0.007626310772164024,-0.010486177311725409,0.28937922686404216,5240.0,71019.40134593895,1314,21351612,11587154,1550356,1233968,4895933,2941605,1271632,2415162,4097904,2476848,2419986,1194621,1118121,1324950,883082,0,5114598,0
210,000686,2018-01-09,-0.00222717149220486,-0.006681514476614803,0.21944937562153524,10800.0,177140.0324175369,1675,60613780,33682182,1536583,1404467,6285974,6837844,5514412,4638875,6896907,6435560,6289022,3587950,4774529,3434527,4023397,3535651,25292956,3807308
211,000687,2018-01-09,-0.0063348416289592535,0.0,0.3628262874695473,11080.0,78139.49103329226,927,18106588,11943159,767854,990729,3691918,4720741,2661154,1906396,3897048,2529280,1498452,494713,1633432,330000,1352572,0,2604158,971300
212,000690,2018-01-09,-0.011049723756906271,-0.006629834254143652,0.1988254378598608,12655.0,182032.6678237235,2073,81768364,38329908,2851989,761764,11155347,5325809,9872410,4785637,13563348,7670534,7678020,4524098,4124379,1765434,4998003,2649898,27524868,10846734
213,000691,2018-01-09,-0.015604681404421394,-0.022106631989596948,0.33012371456213224,9893.0,62930.741606302334,542,8262455,6857866,516954,534164,2050667,2320095,1837008,1504228,1700669,1297930,231344,1201449,0,0,944063,0,981750,0
214,000692,2018-01-09,0.013565891472868241,0.011627906976744207,0.23967647454341715,6825.0,51523.43249266038,463,5413024,5233565,384600,423605,1591965,1650681,1251685,1373210,494554,1346263,540220,439806,0,0,419200,0,730800,0
215,000697,2018-01-09,0.027457927369353374,0.03188662533215236,0.6594994891388816,23310.0,154065.42351575222,1172,39453916,51135938,589517,674233,4742572,5577622,5347986,5246772,7357979,9927660,4960035,5504841,4239439,3893846,2715408,5010424,9500980,15300540
216,000698,2018-01-09,-0.015999999999999903,-0.01760000000000006,0.20684800838133305,12340.0,119385.07347123622,913,30142790,12933150,1234785,572338,4932440,2610201,3470338,2089329,4314722,2954837,1965365,756435,3331875,336736,961876,1849690,9931389,1763584
217,000700,2018-01-09,-0.0068728522336769515,-0.0068728522336769515,0.21929751249458346,7546.0,74083.32901022049,704,11765090,6392293,617600,846535,2052892,2804224,1888878,1100623,1516228,1108102,1325035,205674,331751,327135,468060,0,3564646,0
218,000701,2018-01-09,-0.01175318315377094,-0.012732615083251742,0.28998919841891024,3035.0,67547.32090903567,1241,15989110,6306439,1482176,1020965,2411266,2221337,1500471,1512181,2332696,1347330,902205,204626,303900,0,2619360,0,4437036,0
219,000702,2018-01-09,0.0028011204481792618,0.004201680672268893,0.29184149481064187,3585.0,41558.717965926226,598,5972823,4252078,259160,676285,1087350,1869647,1726329,346001,1171933,1009992,654621,0,1073430,350153,0,0,0,0
220,000705,2018-01-09,0.00363196125907983,0.002421307506053294,0.38520298611259524,5824.0,49433.00415652603,459,6070327,4604070,616905,453702,999555,1455062,1650799,1031100,1054427,733864,1003641,529452,332000,0,413000,400890,0,0
221,000707,2018-01-09,-0.022950819672131084,-0.013114754098360715,0.26913389330439863,6030.0,55164.855124758265,513,9107009,3522332,621654,435514,1900726,1186776,1608469,826050,1661259,785634,938925,288358,1378661,0,480800,0,516515,0
222,000708,2018-01-09,-0.011804384485666009,-0.010961214165261302,0.4175745118661367,11770.0,67047.8124704619,806,18183590,10200490,657441,766826,3853626,2902995,3376046,1906717,4408611,1601332,2779230,1642485,1018621,337799,851835,407933,1238180,634403
223,000709,2018-01-09,-0.007299270072992803,-0.007299270072992803,0.08053363626179579,19584.0,274746.34368265053,2620,135586511,94197335,2312723,1508721,12738536,8883427,13841899,11377305,14021708,11067117,13788066,7981468,5217135,4497804,5298431,6550716,68368013,42330777
224,000710,2018-01-09,0.007933579335793306,0.0075645756457563,1.7912904064707467,16380.0,67679.96515305014,915,17797582,14234880,587619,713330,4876500,4317729,3799102,3233568,4904683,3968197,882082,1215762,704346,342657,0,443637,2043250,0
225,000711,2018-01-09,-0.0007824726134585402,0.012519561815336422,0.4032366850983917,12720.0,90459.94513282845,1004,14419356,21690399,743647,1022360,4157278,4629605,3173601,3117628,3143347,3223992,1834579,1515944,952842,1375944,414062,1258557,0,5546369
226,000712,2018-01-09,-0.018203170874926733,-0.016441573693482203,0.43162067491142725,16800.0,210253.06593992832,1557,63671055,28101028,1274068,1394736,6552140,6300042,7066423,5488870,9856993,5433140,6270623,2877390,4355799,1729586,3112249,0,25182760,4877264
227,000713,2018-01-09,-0.011477761836441891,-0.008608321377331363,0.30372692653445454,3460.0,53575.58986862287,526,7368332,3678097,537848,505504,1088654,1347096,1231975,613912,1344717,876935,1718898,0,345000,334650,477480,0,623760,0
228,000715,2018-01-09,-0.012332990750257067,-0.014388489208633115,0.5900607708940918,9660.0,62382.19656204297,271,4221002,3117596,296870,279323,1694176,727896,792361,436716,988105,589417,449490,244545,0,0,0,0,0,839699
229,000716,2018-01-09,0.0,0.011608623548921893,0.12089886211704229,16713.0,240311.36667692458,2498,79571666,94708289,1983101,1690040,10138515,9998139,9417843,9528185,13825886,16204975,5838299,11675839,8605697,8853585,4342813,3497032,25419512,33260494
230,000717,2018-01-09,-0.022826086956521663,-0.02826086956521734,0.15607941269483033,74371.0,562104.4058707674,3482,403762512,377728629,1131657,1237476,13291916,12999419,19650766,21729041,33783353,42829778,30296665,35555775,31085530,35241745,26733612,22940480,247789013,205194915
231,000718,2018-01-09,0.020000000000000018,0.016363636363636358,0.0953687188258721,64859.0,597971.0439071016,3353,346648437,413209630,953393,1324984,10528640,12991976,15665569,19919667,30991928,32365658,31840392,29393916,29034977,31215845,23293793,29646234,204339745,256351350
232,000719,2018-01-09,-0.002148227712137629,-0.0032223415682063328,0.3130632137232616,3711.0,29429.2591710301,884,6599337,4781502,911536,645930,2500518,2220143,1154508,1156750,887611,550843,703446,207836,0,0,441718,0,0,0
233,000720,2018-01-09,-0.015452538631346657,-0.01103752759381893,0.21040971758085988,8940.0,87511.31228264036,463,9081328,3543423,570444,458376,2191956,1442345,1027033,987288,832553,655414,1028508,0,303513,0,852100,0,2275221,0
234,000721,2018-01-09,-0.00702987697715296,-0.0035149384885765356,0.2680002404642371,7700.0,30613.842572208327,450,5015069,3798852,536913,426704,1681841,1267153,1087288,1324256,1459805,780739,249222,0,0,0,0,0,0,0
235,000722,2018-01-09,-0.005434782608695565,-0.0010869565217390686,0.3881354357940996,9250.0,49589.34271100806,561,7567246,5483150,575841,492481,2463321,2290889,1116130,1277136,1097179,750014,745046,276600,1008234,396030,0,0,561495,0
236,000723,2018-01-09,-0.008695652173913104,-0.017391304347826098,0.15544795115422588,16296.0,128058.3306926527,1973,65120230,44656576,1325448,1435608,7795695,9285815,9333256,7553019,10474182,9104991,8378872,3402559,7659513,2739073,2649536,1302508,17503728,9833003
237,000725,2018-01-09,0.08288288288288292,0.06486486486486487,0.09267030503390303,782333.5,3857583.4068183824,3602,2947462526,4567102736,36929,39091,1283766,1261337,5584154,8488625,21736285,27872696,35058578,41005608,34843700,43711031,44519038,47128744,2804400076,4397595604
238,000726,2018-01-09,-0.0009049773755657187,0.0009049773755656076,0.31238058545863945,6678.0,63383.50016147275,1251,13634260,14177273,1888219,1155950,3825440,3593408,2270944,2336514,2046685,2337964,750115,1418812,366630,706864,486851,453232,1999376,2174529
239,000727,2018-01-09,-0.003984063745019806,-0.003984063745019806,0.0672792108535806,3984.0,84273.81916375435,1402,19242772,12960444,1869865,729891,4144686,2162314,2423042,2052099,3113804,1480012,501079,1631909,1411026,689222,1489020,850750,4290250,3364247
240,000728,2018-01-09,-0.01067615658362997,-0.006227758007117501,0.2596629054779954,22320.0,189523.29871805003,1874,87618275,48962731,1027941,1106899,10457093,7394478,10349192,6882505,15764631,8916514,6559650,7075504,7355579,2388229,5243845,883615,30860344,14314987
241,000729,2018-01-09,0.0013966480446927498,0.006983240223463749,0.12634724901536715,20967.0,131559.34056779373,3223,90978034,100922806,2022302,2127933,16834343,14558485,16881888,16715615,17205537,18973725,8040042,10940467,4804399,7408257,6933950,6706745,18255573,23491579
242,000731,2018-01-09,-0.01726263871763256,-0.009864364981504337,0.22222950780910714,16249.5,97680.86081890266,1332,40176308,24109488,1079038,1171938,7451261,5364005,6915597,4711697,6046147,4754994,6519623,3203531,2486708,1760463,1281516,1318131,8396418,1824729
243,000733,2018-01-09,-0.008736559139784994,-0.008064516129032362,0.4581798243143705,17670.0,96156.9884563222,1054,32897463,16977980,514050,1077702,5335654,4999849,6294002,4391665,6537136,4129764,3554236,1746633,1044229,632367,917285,0,8700871,0
244,000735,2018-01-09,0.006353240152477735,0.0012706480304955914,0.20910735268475672,16590.0,247518.78727633454,1417,45540355,49950792,1295543,1207320,6685634,6173067,5350230,4414011,9233437,7831516,6501307,4746967,2227830,2109109,2267239,2571733,11979135,20897069
245,000736,2018-01-09,0.030429594272076255,0.05608591885441516,0.4552635995238629,19349.0,99115.542098178,1357,34827785,38068171,1223997,749711,6874876,5572040,6854871,5995896,9375634,7816000,3348716,3835772,2830180,5303506,412542,3569177,3906969,5226069
246,000737,2018-01-09,-0.008179959100204526,-0.006134969325153228,0.1926624651292939,4880.0,41333.398193108296,644,7839529,4952792,542834,711167,2182776,2139463,1809535,658771,1150526,970290,1691186,473101,0,0,462672,0,0,0
247,000738,2018-01-09,0.008419689119171014,0.008419689119171014,0.4575957963868484,10881.5,85611.9467456218,1138,19244574,19666757,1072002,1037773,4001916,5587754,3018251,2761775,2939967,4177634,1222668,1413488,985226,2303445,459020,1839938,5545524,544950
248,000739,2018-01-09,-0.010542168674698704,-0.010542168674698704,0.3214615023923289,13190.0,47267.89664213693,426,8705774,3126955,301053,512776,4715097,1392159,906767,578919,967964,433118,533770,209983,333904,0,947219,0,0,0
249,000750,2018-01-09,-0.005952380952381042,-0.005952380952381042,0.13641973009434696,9557.0,102512.95958097886,1367,25602712,22628601,1007383,1136325,4990598,4627717,3085033,3042079,4448769,4794517,3169052,2095857,620374,1663481,1341296,1357381,6940207,3911244
250,000751,2018-01-09,-0.0018018018018017834,-0.0018018018018017834,0.10761573108930554,28101.0,200698.74289333395,2668,114296614,124762572,1553989,1393408,12066833,10772194,13469819,14935823,25580225,19125011,11982126,13756430,11193480,10784053,8851356,10279708,29598786,43715945
251,000752,2018-01-09,-0.014630577907827291,-0.01024140453547917,0.6190182412616316,10848.0,78107.64741189395,487,10002346,4640839,501678,476241,1905797,1922741,1561688,1302668,1966027,653486,1143392,285703,1055494,0,0,0,1868270,0
252,000753,2018-01-09,0.0,0.0,0.1686921459695181,7860.0,71805.16672869559,537,6739457,8077660,568002,649284,1854653,1700432,2062686,1363101,919300,970119,0,280672,0,1343398,0,416536,1334816,1354118
253,000755,2018-01-09,-0.004680187207488307,0.014040561622464809,0.2739892861163558,7752.0,60055.86226594954,547,7517890,7645315,585127,645326,1577244,2178803,1474549,1379166,1185469,1651140,1283100,954036,332886,337146,416000,499698,663515,0
254,000756,2018-01-09,0.061594202898550776,0.02463768115942022,0.2927590117583313,7045.0,66205.02344015865,2222,24405197,39866927,1179907,3217499,7070389,8868419,4153434,7057329,4639183,9749903,2246318,5598433,1040928,1286855,923171,1326816,3151867,2761673
255,000758,2018-01-09,-0.005988023952095856,-0.0029940119760478723,0.14372310960815318,13818.0,163524.12607860236,2164,64983412,51435407,2153964,1602852,9929490,7705546,10272779,8127902,11000846,9086136,5710957,6017987,4480627,3538489,939384,893784,20495365,14462711
256,000759,2018-01-09,0.024896265560165887,0.026970954356846377,0.19756263175496394,23664.0,107353.17053453984,2384,65933423,76071111,2297447,1513914,12621222,9901493,14573888,11898714,14583205,17843037,8778795,12852163,5340841,3431194,3625196,5403579,4112829,13227017
257,000760,2018-01-09,-0.057103064066852394,-0.05292479108635095,0.15282388203474648,16975.0,334433.86206089525,2217,91165043,82131177,1147451,2123119,6764998,10202730,6964050,9670748,12097323,15575149,8772994,11718267,7335183,6538131,4858642,5249654,43224402,21053379
258,000761,2018-01-09,-0.009208103130755041,-0.011049723756906049,0.12628772800339322,5918.0,114162.39540310501,1853,38763556,31011805,1277676,1044222,4672536,8479704,4806598,5517749,7410781,3901590,4083070,3678315,2874336,2745581,3142267,1807335,10496292,3837309
259,000762,2018-01-09,-0.0073710073710073765,-0.004299754299754266,0.32548456168360074,37007.0,147138.24663444277,2503,110412152,93186090,1349792,1482880,11729455,12903411,17163786,13622708,23852563,21173252,17123031,10993830,9690059,10143329,8809560,4865210,20693906,18001470
260,000767,2018-01-09,0.0033112582781456013,0.0,0.13585788040321986,7283.5,94064.2359296567,494,7182943,8780636,452895,445575,1913745,1439666,782848,959970,1439358,1204182,272700,730963,303000,1738396,827304,892972,1191093,1368912
261,000768,2018-01-09,0.004705882352941115,0.002941176470588225,0.3723849365870464,17110.0,95809.999171559,2084,51945869,48744486,1289935,1265225,12769541,10762822,8927908,9520131,9932494,10395888,6283798,4060231,3754869,3819872,893839,1749903,8093485,7170414
262,000776,2018-01-09,-0.00731570061902076,-0.009003939223410251,0.321590661079078,47763.0,374423.2244715509,3055,262112491,248419551,962596,1742021,10742642,12226888,15777909,17646017,24854727,35340414,20848258,20727724,21139226,18024605,18946718,15370060,148840415,127341822
263,000777,2018-01-09,0.005593536357986428,0.0006215040397763438,0.46494890646649806,14471.0,79431.92579319279,1197,25379629,16510559,1423389,863345,6144062,5024068,5318926,3254748,3379658,4703091,751965,1462663,2004055,764980,841450,437664,5516124,0
264,000778,2018-01-09,-0.016129032258064502,-0.010752688172043112,0.12643518346081398,14378.0,109361.622224278,1952,59226722,40233448,1864637,1278181,8222675,8175174,7586405,6802755,9142935,7420122,8825233,4778715,5418997,1657867,3934611,2751915,14231229,7368719
265,000779,2018-01-09,0.008040935672514626,0.00877192982456143,0.7388226723732026,9744.0,43858.80617249188,342,4880722,3265276,397282,281206,1398616,1585449,884341,687811,1133551,710810,276000,0,368193,0,422739,0,0,0
266,000780,2018-01-09,-0.0038986354775827348,-0.0019493177387913674,0.18158985249645035,3591.0,64484.7925495599,798,11166498,7436148,620624,569832,2508274,1904943,2012219,587715,3103486,1714106,1528569,741749,675190,308485,0,0,718136,1609318
267,000782,2018-01-09,-0.008739076154806402,-0.0074906367041197575,0.47374408978253024,12704.0,33913.002161575605,285,4549230,2445835,295804,268935,1644968,1335992,1477408,404152,668510,436756,462540,0,0,0,0,0,0,0
268,000783,2018-01-09,0.001242236024844745,0.00248447204968949,0.1888583582886241,16180.0,193685.05446922485,1818,60517467,71230416,1605646,1839233,8984466,7146098,8413297,6463206,7137698,7574915,5872602,4755274,2388277,5232723,3584837,4583300,22530644,33635667
269,000785,2018-01-09,0.03652517275419531,0.02764067127344516,0.36729758191047945,21588.0,164032.29419975192,760,19461873,46033229,445330,324421,2610644,3365054,2613293,3658146,3864444,5270894,3214849,8459532,1380670,6481704,2282719,2932989,3049924,15540489
270,000786,2018-01-09,-0.009375000000000022,-0.014062500000000089,0.4460924527133829,60216.0,300195.7352057248,3297,275580953,224269185,746919,865013,13718782,14002683,20013058,22720524,36010239,34123495,25103234,26785115,20225358,20197278,17995147,15637984,141768216,89937093
271,000788,2018-01-09,0.015927189988623525,0.012514220705347023,0.38257515637394457,10584.0,39386.48920932728,527,5338494,7973155,553859,713594,2022664,3019619,1267600,1824137,940590,1430718,207548,985087,346233,0,0,0,0,0
272,000789,2018-01-09,0.011997177134791759,-0.007762879322512295,0.24212093192185813,116362.0,688626.3750637029,3436,523386841,519681577,758432,626720,10310956,10509589,19736259,17239590,43232019,42000238,34337979,34043047,40153168,35755338,35951187,29067770,338906841,350439285
273,000790,2018-01-09,0.0013966480446927498,0.0013966480446927498,0.21868617178933,12070.0,68738.77240634276,1072,19592777,16093868,984988,1054979,5010569,4608326,4071281,2872193,4983141,2889627,2316644,918669,1766202,390016,459952,476952,0,2883106
274,000791,2018-01-09,-0.001242236024844967,0.0,0.22777655481127337,12059.0,181832.49740171968,1249,31546010,17646906,1788989,959414,6067315,5235255,4809523,3823463,6305305,3291170,2786689,707264,1055210,1691680,817724,0,7915255,1938660
275,000792,2018-01-09,-0.0067069081153587895,-0.0046948356807512415,0.25831530790800655,100980.0,465775.7037551361,3334,380140455,375487264,624822,637708,10903179,11549406,18634421,22648050,43160375,46930118,39937880,39441035,35709224,34961689,31073512,24511913,200097042,194807345
276,000793,2018-01-09,-0.030333670374115385,-0.023255813953488413,0.2322916347724282,26765.0,272978.3684794019,1814,139226440,74183956,890005,2008873,6705184,8603576,7953302,7672805,13147028,9907534,7893207,10002137,7592167,4760386,10147090,6895536,84898457,24333109
277,000795,2018-01-09,0.027070063694267565,0.028662420382165488,0.1356558064578789,25000.0,169826.61328011125,2147,75981299,91176458,1181875,1546447,9937162,8306631,10850635,10021817,18847343,18508591,9296364,9840901,8260600,7219648,3996724,8445869,13610596,27286554
278,000796,2018-01-09,-0.006378454996456395,-0.0049610205527994555,0.37322404869866926,14240.0,69883.755832763,1429,29366137,23825677,1027867,1452868,6072001,7790327,6029129,6750710,6866797,3778537,3856664,2576121,2049876,668845,1341461,808269,2122342,0
279,000797,2018-01-09,-0.001777777777777767,-0.003555555555555534,0.2922562768304772,17984.0,85145.63235292614,1483,39887367,26540077,1196571,652281,7701892,5521646,8082132,5719710,10397723,6558350,3716178,4012514,3218126,2036440,0,0,5574745,2039136
280,000798,2018-01-09,-0.0034843205574912606,-0.010452961672473893,0.4327621817032006,7713.0,43783.23109069048,395,3583743,3564695,391829,408016,1740646,1313776,524816,778030,670553,353513,255899,0,0,0,0,0,0,711360
281,000799,2018-01-09,0.010018552875695752,0.008905380333951829,0.48540151357049144,49104.0,196729.78504438483,3083,159165277,171534011,1124737,982057,14787729,14386011,17856811,20304626,31774939,32590462,33883225,27260779,11563454,16936200,8922656,10744966,39251726,48328910
282,000800,2018-01-09,0.003676470588235281,0.007352941176470562,0.23109946408333493,32715.0,190864.32605854602,2218,94204791,103050075,1201303,995229,10797866,9898067,12973613,11889935,17028818,16758145,11202060,11177016,8421331,12435975,5465530,7483758,27114270,32411950
283,000801,2018-01-09,0.01018675721561979,0.00679117147707986,0.21487950947824375,7092.0,42139.53385814911,751,7130327,8183241,597849,917655,2670839,2750195,1862827,1238493,1204580,1272536,474012,1086493,320220,0,0,416879,0,500990
284,000802,2018-01-09,0.0007283321194464509,0.0029133284777858037,0.43209836544204927,13790.0,49778.533767374574,1009,17252226,13091095,650153,1283935,4887323,4388386,4270471,2712146,3972503,2783695,2052226,1608516,323830,314417,0,0,1095720,0
285,000803,2018-01-09,-0.007877461706783384,-0.018380743982494563,2.588300024084078,18008.0,30810.510329321824,77,1393011,326149,49492,40563,582729,188965,387225,96621,373565,0,0,0,0,0,0,0,0,0
286,000807,2018-01-09,-0.0018518518518519933,0.004629629629629539,0.1849182150770615,83622.0,437610.13998528454,3417,352411128,354072632,725015,1270298,11081329,12562007,19883129,22729158,40457226,43766910,36949101,39875960,27219806,39669388,21466561,19789795,194628961,174409116
287,000809,2018-01-09,0.0051948051948051965,0.007792207792207684,0.19185628459801354,16296.0,79570.78322790824,402,7628049,10389161,246741,313787,1654876,2119350,1323904,1276683,2397622,2796173,823306,1738115,729632,0,451968,478081,0,1666972
288,000810,2018-01-09,0.004172461752433909,0.004172461752433909,0.20097550124233893,2864.0,32075.471142647348,1280,9020657,8459789,1616451,738322,3250990,2776341,2047050,2008459,1044588,1680823,707653,765384,353925,0,0,490460,0,0
289,000811,2018-01-09,-0.009661835748792313,-0.0036231884057970065,0.21572559808274613,18436.0,187569.5034424417,1474,48506135,54713355,969023,1482302,6305325,6447732,5468709,5478371,9916939,9255667,4714674,7049062,4060308,5556877,5321354,3031710,11749803,16411634
290,000813,2018-01-09,0.018120045300113352,0.01925254813137034,0.26136190495631356,15984.0,96846.99431082419,1142,25013520,27430429,974796,1039754,4404058,5522515,3768464,5090392,3391868,6902369,2986585,3332060,724644,2356496,1346987,918836,7416118,2268007
291,000815,2018-01-09,0.0322793148880105,0.03623188405797095,0.45910883326046353,15775.0,65335.75467516286,1094,16326804,23200310,769314,1059853,5268852,5962453,4525478,4488744,3655499,4170066,979261,2980577,646710,964446,481690,1392888,0,2181283
292,000816,2018-01-09,0.002958579881656931,0.00591715976331364,0.08721271222369412,7502.0,99176.13556714395,1508,27765922,24088780,1394187,1318992,5172615,5968922,4459052,4569449,3637333,4775153,2904277,2156845,1336608,668445,2978117,1302777,5883733,3328197
293,000818,2018-01-09,0.005351681957186605,0.004587155963302836,0.34147558514648463,19515.0,152044.47005050207,1468,39746314,36053059,1045344,732086,7262259,7657250,5991891,8829318,6998847,6051757,5372290,3667192,3450681,759900,1332202,842240,8292800,7513316
294,000819,2018-01-09,0.005490196078431486,0.007843137254901933,0.5844970373779504,10336.0,34992.742579982725,475,5149074,4363412,393841,455351,2313822,1765665,1661131,720330,780280,916463,0,0,0,0,0,0,0,505603
295,000821,2018-01-09,-0.02933985330073341,-0.030969845150774167,0.32526201823382184,17150.0,130790.50872378149,1424,48763395,25153452,856953,1037699,9097989,6692048,6010589,2653019,6866645,4704155,4402868,1758130,3542469,2132580,2569141,434160,15416741,5741661
296,000822,2018-01-09,-0.025380710659898442,-0.018274111675126825,0.1927301498097066,23352.0,138663.0525418244,2615,94348090,68309319,1885051,1781986,10190928,13302720,14255237,14774028,19003148,16295994,11444991,6575939,5876724,5822079,4933944,2669701,26758067,7086872
297,000823,2018-01-09,-0.006644518272425293,0.0006644518272425071,0.3612876618903604,23832.0,178079.96238620186,1736,76043708,59120450,1238747,1088848,9574820,6612750,9379539,5915986,12704205,11149248,8832657,9086403,6765109,3877256,4364077,4157928,23184554,17232031
298,000825,2018-01-09,0.0038535645472059787,0.0,0.09902558422252879,18684.0,205888.90318332767,2759,93602018,108738729,1508435,1899082,8503320,15972524,7819874,15289223,11331623,13970207,6865042,11556684,8592514,5644964,4827430,9557913,44153780,34848132
299,000826,2018-01-09,0.0009025270758122872,-0.0006016847172082285,0.8454945571166539,16670.0,150600.6581109743,1545,50585778,46619104,1474951,1688873,6604521,6997593,6011725,6173824,8006111,11275847,5456542,3384076,4104793,2287320,2318079,2639114,16609056,12172457
300,000828,2018-01-09,-0.002669039145907437,-0.001779359430604921,0.4692180928230818,11240.0,53442.66872202486,573,9971985,6082501,312776,425601,2720988,1673676,2382903,2577887,2344911,897473,1036867,507864,393750,0,0,0,779790,0
301,000829,2018-01-09,-0.0064102564102562765,-0.0032051282051280827,0.3185385082585467,9310.0,43903.237450426706,863,13435750,5545288,1050640,816800,5009588,2135372,2458123,1105196,2530394,632272,499710,548640,1344871,307008,0,0,542424,0
302,000830,2018-01-09,-0.007027027027026955,-0.018918918918918948,0.3161826021817598,65448.0,428268.3334094816,3426,384897549,257351317,906631,960880,14001849,13356483,24095857,19720661,40452977,33076600,33079908,25617899,23864908,19396973,24410337,19065756,224085082,126156065
303,000831,2018-01-09,0.03378921962992765,0.03620273531777962,0.24465509255165122,41919.0,259744.16320906367,2584,143071279,165381665,906141,1196731,11315136,12249963,14134414,14873941,23100740,22679789,15235907,19129686,10600914,12693623,8720154,12444487,59057873,70113445
304,000833,2018-01-09,-0.004310344827586188,-0.005747126436781658,0.30069916257674517,7634.0,37857.2701789999,535,6829140,4434174,630661,485664,2334898,2066462,1087367,1030508,1463781,513356,618741,0,693692,338184,0,0,0,0
305,000835,2018-01-09,0.002430133657351119,0.0012150668286754485,0.3136078308209002,9882.0,160343.6531308839,688,13914893,18454450,605761,756836,2123522,2925393,1767772,2692132,2039105,3251583,946864,3122001,1339070,660867,929397,478500,4163402,4567138
306,000836,2018-01-09,0.005747126436781658,-0.009578544061302652,0.10130080410920148,19129.0,227194.045911754,2669,86977648,93306172,1981011,1691824,11886164,9850906,13879146,11820874,18300927,16821811,8361824,10693024,6347396,7580359,6176286,3575216,20044894,31272158
307,000837,2018-01-09,0.006399999999999961,0.011200000000000099,0.21273454591148222,14536.0,80312.70160859899,863,17023823,21932844,621503,973072,3464298,3978568,3052089,3239920,5188433,4256846,2793935,3203163,1026832,3393523,876733,913283,0,1974469
308,000838,2018-01-09,0.04051863857374394,0.024311183144246407,0.1277064786928376,21540.5,146748.3329213338,2340,72247276,85126026,1555410,1591498,11310518,10822983,10943796,11485437,13763019,15620899,10788565,9722594,5227620,8363561,4036473,3075757,14621875,24443297
309,000839,2018-01-09,0.001097694840834329,0.001097694840834329,0.16749587507779495,36520.0,208792.74849599003,2962,137841551,148155899,1694744,1612220,14493054,13445371,19800088,16895403,25122727,25784651,15952270,15585521,8865646,14612962,13564710,14813283,38348312,45406488
310,000848,2018-01-09,0.049473684210526336,0.05157894736842117,0.18611483136831275,19660.0,147378.9474898252,2609,68316575,100629843,1821077,1988881,10282836,12111296,10147157,14360824,14319415,17719845,8465569,12315072,4903882,9842101,4957148,7735785,13419491,24556039
311,000850,2018-01-09,0.0,0.0,0.27824521345977277,7639.5,54446.44202102691,276,4824732,2227264,284213,339482,1122238,566408,947941,475724,1260980,845650,0,0,707628,0,0,0,501732,0
312,000851,2018-01-09,-0.0068259385665527805,-0.0068259385665527805,0.39277442432011783,11375.0,61010.94846692149,500,10151631,5088552,608224,377148,2558196,1741614,2145293,1637322,2028143,931302,934007,0,993703,0,0,401166,884065,0
313,000852,2018-01-09,-0.017840375586854362,-0.011267605633802913,0.21676476325727487,31619.0,200374.51350910013,2419,96658704,86229852,1039306,1387720,18515595,10849916,10608508,10168618,14647967,14250029,9706949,6962096,5416062,6872811,5437365,5415777,31286952,30322885
314,000856,2018-01-09,-0.03615447822514373,-0.039030402629416594,0.43050302471307844,74688.0,363787.36792881397,3200,305547396,221355656,746127,951586,11207358,12066620,19708349,20664959,42203115,35330056,34286581,28116392,28841563,21281392,17683260,15497480,150871043,87447171
315,000858,2018-01-09,0.04490291262135915,0.03191747572815529,1.3806957080239306,349016.0,1231953.4437876095,3562,1017137734,1421186380,154082,171531,2699335,3807684,10806584,14538056,32826989,37820935,47054042,48660051,52429788,42535755,47064709,51715150,824102205,1221937218
316,000859,2018-01-09,-0.01363636363636378,-0.01363636363636378,0.14869791852723868,12774.5,84161.70798668498,876,17018878,15956855,651634,856058,3985638,3784601,2683691,2930802,1726189,3330737,3112453,3083184,1325610,0,869000,499703,2664663,1471770
317,000860,2018-01-09,0.008762886597938335,0.013402061855670278,0.44075303767503954,15624.0,141199.1503877474,1938,48343455,56755107,1784227,2150733,7285107,8241575,6271086,5661209,9181779,10028377,4507348,5995151,3803874,2526236,3502070,2619695,12007964,19532131
318,000861,2018-01-09,0.018927444794952786,0.018927444794952786,0.09140445839983846,8411.0,94032.33592927504,1210,19961567,23685221,976734,1073801,4028375,5059347,2337742,3095148,4129135,4676460,2612307,2539454,2456224,2740466,0,1358935,3421050,3141610
319,000862,2018-01-09,-0.013806706114398493,-0.00591715976331364,0.2418113950252508,5070.0,100684.63754809054,439,7167130,2696747,381899,555960,1236357,1554960,604582,151382,1270139,434445,503499,0,763055,0,500000,0,1907599,0
320,000863,2018-01-09,0.0053956834532373765,0.0017985611510793476,0.1465040785176,13440.0,68651.7039993852,1444,32277078,26484573,966431,1220338,4770965,6098855,6565468,6209777,10675639,6566258,3421925,2883329,3815089,1643105,1328521,1862911,733040,0
321,000868,2018-01-09,0.06621004566210043,0.06621004566210043,0.1482636652591307,76221.0,543831.9622376007,3505,344697004,427681273,851912,707932,14556798,13632318,25251828,21862040,46098087,40801619,33685962,28881835,22222454,28750615,20123761,16192311,181906202,276852603
322,000869,2018-01-09,0.017055430147980832,0.011788312014045843,0.8621693332287015,32144.0,157055.01861161977,2139,74098622,81103422,1293902,1019669,12973050,11245148,11838770,12640611,12284730,18799032,9929141,10846521,3619299,3490796,3430879,3873218,18728851,19188427
323,000875,2018-01-09,0.0,-0.0025316455696202667,0.13732191669700683,7552.5,69859.96226668432,828,13100105,12159365,459087,1357959,2195949,2643041,1378238,2822884,3440180,2652487,737267,1178437,1680656,1090597,1303811,413960,1904917,0
324,000876,2018-01-09,0.0025412960609909607,0.003811944091486774,0.14543718557897514,23640.0,111233.38518170016,2937,76502345,79099217,992974,1910462,19460772,18027514,13273514,18644393,12942423,12908398,5831632,7848127,3195201,4390352,5466210,2815940,15339619,12554031
325,000877,2018-01-09,-0.03116883116883129,-0.029437229437229373,0.21047968618561946,41514.0,277703.88058560545,3015,202248946,127546663,1424508,956711,15692123,11510971,19964432,14323802,35206286,28609120,24309758,18589214,19982023,12199932,12627036,8331119,73042780,33025794
326,000878,2018-01-09,0.0020661157024794985,-0.010330578512396715,0.28322906877895015,32112.0,202954.8140530307,2631,145744832,111210617,1776624,978824,12927195,11155073,14150764,11853234,22990607,21430571,15066947,13414926,10747741,10589794,10257883,4745028,57827071,37043167
327,000880,2018-01-09,0.0094736842105263,-0.0031578947368420263,0.6033000322222316,9450.0,60719.71444285564,247,3331822,3396106,324598,261487,1296160,381242,1157084,491050,553980,553686,0,285600,0,0,0,919011,0,504030
328,000881,2018-01-09,0.009036144578313365,-0.004518072289156572,0.4211006186723515,14487.0,61169.50394000718,994,21882410,13150756,762917,863417,5302907,4090280,5063998,2978549,5080639,2348421,2418805,558806,1719119,1771303,865910,0,668115,539980
329,000882,2018-01-09,-0.00967741935483879,0.0,0.11963174773700325,5270.0,63387.98226816607,672,8924046,5939549,1062328,549328,2294056,1412497,1410471,1267868,738070,1271954,507600,430035,1009723,0,443610,403367,1458188,604500
330,000883,2018-01-09,-0.004166666666666541,-0.004166666666666541,0.12937578474366493,5246.0,57989.62108914343,1379,16109969,12877978,1476864,1170467,3664189,4835185,1670504,1585391,2178378,874009,2181476,2093306,1769528,1414043,1328228,905577,1840802,0
331,000885,2018-01-09,-0.002785515320334331,-0.012813370473537589,0.3513148623391585,35460.0,161145.40496354995,2613,120007691,97791678,1331460,1241665,13516719,12094600,18416004,14919066,24187076,20119947,15999045,13597474,9398341,8941742,8432356,4300710,28726690,22576474
332,000886,2018-01-09,0.004143646408839796,0.006906077348066253,0.2532405693712981,7996.0,133250.48083232009,817,22420641,16055566,724704,761480,2789561,2199754,2865607,2545731,4100845,3359522,2902586,1425006,3040791,2124320,869375,856185,5127172,2783568
333,000887,2018-01-09,0.009803921568627416,0.01089324618736387,0.4831832960265742,18250.0,131883.82165565534,1444,34362715,47487851,1210096,924999,6017696,7371125,5791980,7018624,6260614,5302022,4472772,3251717,2275595,4647271,2097478,1267323,6236484,17704770
334,000888,2018-01-09,-0.017985611510791255,-0.012589928057553879,0.4051155184671534,11020.0,43075.31768679325,753,12534560,5986417,563540,1359665,5447209,2439307,1602999,932426,1913681,965719,1498689,289300,644600,0,863842,0,0,0
335,000889,2018-01-09,-0.00894187779433675,0.005216095380029762,0.7366555253823033,13270.0,58637.21512627745,331,5219952,5600346,317576,231736,1692023,1283493,1177229,747052,852837,1578682,499488,1359783,680799,399600,0,0,0,0
336,000890,2018-01-09,0.002954209748892156,0.002954209748892156,0.4873427870390543,11195.0,34575.16809832374,192,3000951,1472563,260388,120414,1025891,483301,596584,329154,1118088,539694,0,0,0,0,0,0,0,0
337,000892,2018-01-09,0.005201560468140354,0.0039011703511051543,0.4201987043384175,7720.0,54304.326279916786,334,4870784,1518882,383766,257828,1479429,826064,996931,434990,774686,0,0,0,0,0,463972,0,772000,0
338,000893,2018-01-09,0.005494505494505475,0.00219780219780219,0.3107974217527382,11843.0,111307.004881108,857,15453542,12582655,959869,749976,4786238,2701295,2825448,1461304,3260412,1701277,1687117,1367885,746960,708458,0,0,1187498,3892460
339,000895,2018-01-09,-0.010857763300760048,-0.014115092290988063,0.5104493126897521,30134.5,285174.56395799026,2932,167212345,164564846,823587,2364412,11174731,16040172,13154718,14364480,20262962,27950723,16388649,16944523,12686499,11327737,9761875,9329604,82959324,66243195
340,000897,2018-01-09,0.0027548209366392573,0.0027548209366392573,0.09760848608210705,7310.0,72086.39320959286,1388,22164723,15731441,1670685,1011169,5616375,3859699,4305477,3553639,3501093,4151546,2051280,775114,628805,1451145,1412394,929129,2978614,0
341,000898,2018-01-09,-0.016296296296296364,-0.01777777777777778,0.1292695449937566,21216.0,234169.62524848914,2734,157129917,87096675,2220857,979001,19182417,7992312,10727271,10470264,20710772,13494511,15337102,9478637,6948106,7689928,12499235,6235309,69504157,30756713
342,000899,2018-01-09,-0.008361204013378032,-0.0050167224080267525,0.3192721633429922,5990.0,64887.17679813675,350,4292530,4185106,320394,633726,1263174,1050838,720912,556860,483321,916484,217534,673768,355215,353430,0,0,931980,0
343,000901,2018-01-09,-0.011166253101736912,-0.008684863523573227,0.6679376393008224,16894.5,90870.72026600658,1310,35213537,22500987,1147760,885738,8351029,5800483,5432510,3541138,6846419,4573217,4505452,2499088,2736047,1358449,2678853,945794,3515467,2897080
344,000902,2018-01-09,-0.012428298279158811,-0.020076481835564097,0.3072970064257574,5220.0,82544.24050935348,1159,19356864,9048670,1240831,940450,3198495,3490383,2439500,1396549,2862189,2061784,1790034,0,2010469,701016,0,458488,5815346,0
345,000903,2018-01-09,-0.005586592178770999,-0.011173184357541888,0.09037995081988086,1068.0,83617.94540646384,1575,18514963,7012650,1596256,706354,3602930,2637687,2662128,1412163,1760605,848132,1492275,228196,1045905,386950,0,0,6354864,793168
346,000905,2018-01-09,-0.012499999999999845,-0.012499999999999845,0.36098364763132795,11120.0,54636.88847139646,962,19787392,8646560,1012996,620755,5550450,3329009,3836370,1471108,4056758,1627592,3572367,923436,381416,0,1377035,0,0,674660
347,000906,2018-01-09,0.0013333333333334085,0.002666666666666595,0.3505570975210086,7510.0,41018.75373452391,457,5488181,4372184,427577,391236,1815767,1543377,1737985,838478,784158,460898,722694,455098,0,683097,0,0,0,0
348,000908,2018-01-09,0.025559105431310014,0.022364217252396346,0.21079043577114304,12640.0,65274.17329216908,882,12200145,14966769,876424,761139,3405579,3832479,2710876,4012775,1813646,2788619,1339884,429715,374369,1307624,0,1328018,1679367,506400
349,000909,2018-01-09,-0.0009165902841429263,-0.007332722273143966,0.4594946091965277,10840.0,43781.12731223943,563,8696739,4597458,536578,487980,3035770,1765571,2146280,1094793,1712795,881574,681036,0,0,367540,0,0,584280,0
350,000910,2018-01-09,-0.012307692307692353,-0.018846153846153735,0.5150968025128848,12855.0,161192.69815096882,2553,82698310,46870978,4014777,602147,12841087,5238345,24139380,5829211,7300848,4240105,4308389,5773056,4678377,3450580,4032611,916815,21382841,20820719
351,000911,2018-01-09,-0.00640341515474907,-0.007470651013873897,0.31175106360351257,9360.0,57697.407826756185,903,16965523,7718130,962156,1089112,4422213,3125363,2907211,2613364,3855242,512551,2001653,0,395675,377740,0,0,2421373,0
352,000912,2018-01-09,0.043939393939393945,0.043939393939393945,0.16140161912254725,10035.0,183429.67464215774,1675,33739310,33297204,1548893,1499850,6232419,6672510,5607939,5491145,4330242,4700665,1955763,4744759,1766563,2151376,2219470,875094,10078021,7161805
353,000913,2018-01-09,-0.011038635223281412,-0.014550928248871053,0.8479008761761045,9847.5,88241.39169049416,552,12882888,6084837,508874,777023,2036298,1871447,2269409,1118249,2060519,1154558,204880,0,1129246,759710,1786803,403850,2886859,0
354,000915,2018-01-09,0.024232633279483107,0.017770597738287597,0.8478189777657233,28287.0,132430.34022805773,1333,42539513,45182979,963044,880239,5269454,6813251,6748609,6896871,13327970,9453655,4145499,3000112,3730642,2388961,4013374,494393,4340921,15255497
355,000917,2018-01-09,-0.004494382022471988,-0.0011235955056179137,0.2696518976730135,14224.0,136098.58362234043,1089,32746701,23330793,1103029,1201099,4425809,4950470,4175638,4596049,3979190,4433058,1486664,2590722,981810,314170,1771162,1383939,14823399,3861286
356,000918,2018-01-09,0.04570637119113585,0.04432132963988922,0.14923037713375895,28763.0,470823.867409744,2350,171526482,127743328,1454297,1648507,9326047,9831844,11192158,13081302,15288016,16684259,10074020,12244511,10980257,14650016,5770155,13038967,107441532,46563922
357,000919,2018-01-09,0.00222717149220486,0.0033407572383072903,0.40448577159683197,8980.0,32651.626520911315,492,4517185,5014770,434346,680394,1448229,2344487,1192259,1068687,703400,921202,738951,0,0,0,0,0,0,0
358,000920,2018-01-09,0.0030060120240480437,0.002004008016031955,0.331089623866997,7984.0,51556.21240382882,908,10390215,10232698,713322,1125238,2814555,2745905,2340775,1866694,2052497,2912869,1061066,1116758,0,0,499000,465234,909000,0
359,000921,2018-01-09,0.014784946236559016,0.015456989247311759,0.3200177313595557,15040.0,106614.21278578043,2163,38024180,66416563,1040521,2309191,9393821,12937602,6556091,7966799,8569963,13568401,4934742,7009181,1656988,3756362,1243889,3580663,4628165,15288364
360,000922,2018-01-09,0.029268292682926855,0.01585365853658538,0.2831945640682182,14886.0,103225.11461004635,838,14240007,20963176,702735,898807,3145791,4033926,3344129,3976402,3425753,4974611,1173642,3144871,343191,646658,1323206,0,781560,3287901
361,000923,2018-01-09,-0.011020408163265327,-0.005714285714285783,0.6027348854538472,21955.5,71074.74690245886,1652,46951033,29321953,1393692,1169043,9359143,7348313,9878054,6250440,13923154,7399003,5859397,3575294,2517965,1286000,1827196,1779653,2192432,514207
362,000925,2018-01-09,0.003236245954692629,0.005177993527508029,0.5708085745851327,7712.5,82085.60039127948,732,11814775,10093365,515622,1136135,2625980,2240916,1554318,2174798,1704657,1249445,218112,897477,628100,1385189,915572,465900,3652414,543505
363,000927,2018-01-09,0.0021834061135370675,0.004366812227074135,0.1381736839711121,11475.0,86380.61824876009,1100,23843786,24579231,1238490,800032,4815169,3369994,3100309,3973695,5193110,5732630,5402980,2046788,2081110,4721246,932888,434567,1079730,3500279
364,000928,2018-01-09,-0.015647226173541973,-0.01849217638691325,0.17257677495425783,16560.0,193059.76626020894,1661,59079953,42443894,1401948,1229781,7998281,5340079,10090760,6205747,12200362,7276870,6946109,5069670,5571128,3631082,4820523,2236640,10050842,11454025
365,000929,2018-01-09,-0.007506255212677226,-0.005838198498749003,0.5873241270180503,9644.0,43036.18641839164,416,5826690,3036097,415889,435043,1748498,1265146,1704553,527301,1475748,120998,0,204003,0,0,482002,483606,0,0
366,000931,2018-01-09,-0.016216216216216273,-0.013513513513513598,0.2202816438142698,10234.0,45765.714329640214,1129,19245076,10108182,1132034,1165657,5718092,4165297,3485289,2405317,5256301,801790,2424712,1201151,695784,368970,0,0,532864,0
367,000932,2018-01-09,-0.010695187165775333,-0.013903743315507922,0.1894186105894146,32217.0,260287.1007948536,2440,143001493,114006212,1974445,1257674,10595544,8701734,14700484,11472491,19926977,21363476,15691515,14089160,15814715,10808618,8835861,8254663,55461952,38058396
368,000933,2018-01-09,-0.014856081708449431,-0.00928505106778088,0.18302924977428806,105900.0,476420.4274898873,3469,444911463,403473480,754680,514057,10318014,11698640,18022359,22649900,46619312,42700557,43528367,39420227,36669041,39406377,27938178,26922453,261061512,220161269
369,000935,2018-01-09,-0.024468085106382986,-0.024468085106382986,0.3788148206263055,27780.0,144106.6501230715,2465,95021501,70580012,1703561,1348946,15191801,9970239,15280005,9889507,21908286,17844874,12993019,9985422,6879206,4795128,4910186,4917496,16155437,11828400
370,000936,2018-01-09,-0.0029850746268657025,-0.004477611940298498,0.22937077954680382,13340.0,57559.518025905556,853,16066762,12883363,727241,713132,3972441,3667634,2904645,3009019,3384831,2966703,3185267,1584065,1055244,336330,837093,0,0,606480
371,000937,2018-01-09,0.004769475357710773,0.0,0.14277768427851784,12580.0,103682.07634635048,1944,51400285,43229320,2018146,882827,9613490,4262702,9556551,7090717,9475508,10453434,5473872,8187896,5832781,3320448,2142334,3077840,7287603,5953456
372,000938,2018-01-09,0.007162297665090911,-0.00014324595330184042,1.4444984445061901,48461.0,132333.73921794404,2336,115554176,67044907,982553,1074437,15985533,11046911,20461082,13401161,20787283,15151010,14311031,9845790,9015028,8052679,9273464,2223496,24738202,6249423
373,000948,2018-01-09,-0.018604651162790642,-0.01116279069767434,0.5423810003079036,10630.0,62753.6417256048,392,6752270,4387070,239635,251883,1851541,1329907,1484121,801122,1395704,2004158,503215,0,366414,0,0,0,911640,0
374,000949,2018-01-09,-0.023809523809523836,-0.012987012987013102,0.1603938956785425,6885.0,65908.15378580999,830,13521235,4179011,1411294,495882,3644609,2029377,2367835,817699,2535563,536461,1167937,299592,0,0,889198,0,1504799,0
375,000951,2018-01-09,0.005608524957936067,-0.0028042624789679227,0.45202446120411816,14176.0,159592.5374726425,1556,43697886,32352819,1667475,1073230,7334070,5583779,7634471,3772323,6501645,8005494,2736804,4300012,1758561,2059486,1348321,1276899,14716539,6281596
376,000952,2018-01-09,0.010053619302949013,0.016756032171581836,0.41456102688057106,19318.0,73219.18359188577,1295,20169769,30741315,815988,1126594,5222254,10635416,3664402,6963566,3501298,4725358,2237914,2191878,1080090,1361509,902491,2232597,2745332,1504397
377,000953,2018-01-09,0.01662404092071612,0.021739130434782705,0.30969190154399867,9528.0,49967.715295087146,637,6533144,9640873,668033,688405,2420015,3162404,1679776,1934633,700834,1415389,659936,712604,0,328680,404550,857250,0,541508
378,000955,2018-01-09,-0.0117647058823529,-0.01911764705882346,0.2954061631352184,6740.0,100201.55729216305,532,12106968,8139196,304123,697690,1445101,1268883,2110542,689336,488101,1051144,1038736,783816,5248468,0,932697,0,539200,3648327
379,000957,2018-01-09,0.006113537117903967,0.013973799126637543,0.24423073187574484,22770.0,166274.28803152972,2200,82848230,81279385,1346337,1189627,13000644,8790972,12171753,7759093,14007281,9685597,7017970,13063448,9471005,8544974,4018718,7667663,21814522,24578011
380,000958,2018-01-09,0.005484460694698434,0.007312614259597838,0.12225740220557112,19460.0,136934.48500022845,2007,58521397,72896385,1274543,1417999,7849288,9023769,6298207,9961656,9992436,13055584,12254617,10233552,4553046,8473619,3660826,4353765,12638434,16376441
381,000959,2018-01-09,0.0,-0.003252032520325243,0.1338077596093884,2456.0,64966.822836827356,2120,15658799,30212508,1906065,2415808,3868838,2972294,2561139,1601783,2522400,6845265,1414727,1691217,2466904,12858394,918726,933380,0,894367
382,000960,2018-01-09,0.005908419497784312,0.0036927621861153614,0.2649948692307757,26960.0,198114.30121020487,2613,122249584,117563347,1122165,999799,10775493,17030811,11342837,12713750,21281899,17486973,14288955,12555758,9072715,10058577,9250439,8329620,45115081,38388059
383,000961,2018-01-09,-0.004126547455295615,-0.0013755158184318717,0.1414455145241827,32625.0,269446.01146768744,2648,154396248,129883595,1524698,1279197,12692171,8911489,16186436,12338851,23592567,19345539,18296288,12960615,12008391,14696044,9252366,10751172,60843331,49600688
384,000962,2018-01-09,-0.011560693641618491,-0.010404624277456587,0.3229143037387478,9471.0,56773.38602782416,717,12336789,8798296,610904,877487,3276656,2822015,1946544,1606035,2391299,2541297,1654596,646668,1735230,304794,0,0,721560,0
385,000963,2018-01-09,-0.0013968919154880854,-0.0061114021302601795,1.222599570690956,22744.0,200365.1462974909,2197,97104610,81391560,616028,1680606,8067630,11877461,9034218,8234957,21337800,13023286,12415360,10070548,6634856,6988777,3675304,3049276,35323414,26466649
386,000965,2018-01-09,-0.00328947368421062,-0.00328947368421062,0.16240315925001486,14053.0,87498.86800745691,1403,34053753,28712685,1439581,919388,7001670,5370101,6309009,4888878,7487282,6114107,3686879,2679367,1329189,2962252,2090259,3176123,4709884,2602469
387,000966,2018-01-09,0.0,0.0025188916876572875,0.20733226295942872,6766.0,37606.09654289294,366,4276626,2697129,345110,812173,1289630,731846,977171,327190,866951,825920,479364,0,318400,0,0,0,0,0
388,000967,2018-01-09,-0.013541666666666563,-0.01041666666666663,0.3164564366164677,10444.5,96458.39963409265,920,24638007,9682763,1104699,792938,4059626,3608908,3458795,1550473,2819109,1531312,1346814,724373,2868076,352382,1870980,480999,7109908,641378
389,000968,2018-01-09,-0.015328019619865074,-0.014714898835070378,0.41958546249863476,17831.0,89953.87034900676,1513,46433578,22668498,1045187,1534953,8123893,6777066,11425030,4350071,9182040,3405071,4656315,1956930,2528797,1737144,1881130,921516,7591186,1985747
390,000969,2018-01-09,0.0033296337402886067,0.004439511653718142,0.2562027437899825,15147.0,121138.60171215594,1237,34806546,31619413,1142210,1057303,5065903,5035933,4871593,4254332,6918201,5937480,2950699,4842428,2691227,2919692,2330668,1349378,8836045,6222867
391,000970,2018-01-09,0.005490734385724005,0.01029512697323276,0.2769745413093068,44733.0,255486.53168650813,2769,179593301,157441866,1050765,1069535,12639106,12043764,18977811,15912732,28401838,25102941,19916742,15779213,15449734,14379975,12791100,10076612,70366205,63077094
392,000971,2018-01-09,-0.08348134991119005,-0.0858496151568976,0.3287232098861895,32235.0,246437.32622353203,2659,91376487,116238728,1200810,1908253,10762293,14200525,19466358,16156052,19532058,18997169,13542424,10151326,6401623,6396089,4708480,5721918,15762441,42707396
393,000972,2018-01-09,-0.006993006993007089,-0.004662004662004726,0.22941220976045673,11984.0,81132.75626814453,349,8256755,2795516,378557,208625,1649036,1072687,1169297,637144,1722544,606992,933946,270068,0,0,1337900,0,1065475,0
394,000973,2018-01-09,-0.0032206119162639935,-0.004830917874396157,0.20393909448915665,7488.0,59890.69830101353,927,15709876,7964695,1054101,643856,4331013,2531126,2392761,1897483,3568212,1257596,1388614,502798,665625,0,931912,0,1377638,1131836
395,000975,2018-01-09,-0.01134751773049647,-0.0028368794326240065,0.42951555463025426,7010.0,133346.54372889583,1077,26274802,21461886,837686,1233176,3223465,3035135,2184030,2043781,5266037,2742944,2183503,2045602,2363806,1437613,2146679,1738987,8069596,7184648
396,000976,2018-01-09,0.010935601458080146,0.010935601458080146,0.3024339468116567,8310.0,167950.47306665542,740,15697277,9367645,898398,639049,3229199,2828592,2228989,3113330,1501433,1164176,550462,620422,674795,341499,841794,0,5772207,660577
397,000977,2018-01-09,-0.0010683760683760646,-0.0010683760683760646,0.3603010496305602,39018.0,201269.2273009751,2700,145879143,118362439,1021382,1535079,12694047,14186902,16359857,16747546,24856244,24357544,18685138,15431969,14772569,12204788,8826305,5012302,48663601,28886309
398,000978,2018-01-09,-0.008284023668638896,-0.005917159763313529,0.358496522316842,8410.0,34585.391908424914,555,4514036,5968875,636631,963469,1190666,2180631,830088,917209,1158157,1440270,698494,467296,0,0,0,0,0,0
399,000980,2018-01-09,0.010726072607260884,0.012376237623762387,0.2526266078424131,21672.0,129047.9498520877,2303,69051638,76102145,1292163,1424370,10017246,11211343,10956133,10495438,15331988,14356990,10742854,9511005,5252021,7106227,2550485,6192462,12908748,15804310
