,code,date,pchange_whole,pchange,change_std,amount_median,amount_std,length,sumsell,sumbuy,sell_vol_0,buy_vol_0,sell_vol_1,buy_vol_1,sell_vol_2,buy_vol_2,sell_vol_3,buy_vol_3,sell_vol_4,buy_vol_4,sell_vol_5,buy_vol_5,sell_vol_6,buy_vol_6,sell_vol_7,buy_vol_7
0,000001,2017-11-27,-0.025874125874125964,-0.032167832167832255,0.23986135878727288,228770.0,1214891.915555507,3562,1120248344,1059593699,257733,271504,8607752,6224434,15369550,16323942,33911486,44413472,32740051,42947073,35469423,36680339,37121551,51822821,956770798,860910114
1,000002,2017-11-27,0.0022257551669315756,-0.018441971383147848,0.5386212757708344,135875.5,713505.719716419,3414,655419805,542638223,581844,848210,8286400,10023644,18013674,17539009,37059679,45117863,33877634,38915475,32165293,37438219,34374429,34556090,491060852,358199713
2,000005,2017-11-27,-0.011820330969267268,-0.007092198581560294,0.18180952086397278,5866.0,31191.875070962888,541,4718970,4415253,441325,582033,1900651,1961546,1179815,868766,543120,726968,654059,275940,0,0,0,0,0,0
3,000008,2017-11-27,-0.017793594306049876,-0.023724792408066353,0.2200955624195735,4973.0,88620.01002428767,1470,26467129,16158234,1182599,2252210,3329579,4208332,2894203,2622006,2370422,3457767,3321522,967635,2411234,1052186,2993849,919483,7963721,678615
4,000009,2017-11-27,-0.01059602649006619,-0.0013245033112582183,0.19140471577389842,10570.0,71154.5006186839,1557,31253746,17982685,1947888,1114848,8172495,4333759,6710107,2980318,3471137,3851266,4524845,610791,3114693,1071186,1319781,1418491,1992800,2602026
5,000010,2017-11-27,-0.04469273743016766,-0.022346368715083775,0.13821631796262837,10600.0,62339.81555459877,1512,33509708,16804178,1354660,1174338,6027679,5316304,5241858,4183739,12698172,3072203,4275749,1688912,994743,1368682,1270809,0,1646038,0
6,000011,2017-11-27,-0.013253012048192958,-0.0066265060240965346,0.5911367605802789,13191.0,53472.97815843978,788,13369623,8004849,827784,881155,3834423,3780970,2978960,1336180,2951696,1508844,781490,0,675270,0,495000,497700,825000,0
7,000012,2017-11-27,-0.027896995708154515,-0.011802575107296098,0.1752847097150138,46250.0,345359.22541436536,2833,218324269,190606087,1378101,1369143,12488183,10477957,16835326,15959511,29111972,25560310,22236025,21007309,17409669,13199661,13760839,12983127,105104154,90049069
8,000014,2017-11-27,-0.027602523659305933,-0.019716088328075698,0.40203954741029735,8757.0,77628.77940018076,995,14890557,10497496,967245,1060158,4636787,3221559,2803799,2296642,3323620,1356725,873338,1078600,0,374700,495510,0,1790258,1109112
9,000016,2017-11-27,0.006399999999999961,0.014399999999999968,0.1859733400832946,12860.0,140506.338838603,1131,30091120,26683735,961540,869822,5081855,3704555,5016193,4390505,5129031,4501440,4061103,3443464,3496967,1902641,1270567,2692266,5073864,5179042
10,000017,2017-11-27,0.003007518796992459,-0.004511278195488799,0.4011937339602927,6620.0,33941.108621345906,274,2743913,1891303,381676,263330,886117,788423,378986,332836,766634,305714,0,201000,330500,0,0,0,0,0
11,000018,2017-11-27,0.0,-0.010014306151645225,0.1968140647512605,2094.0,41924.63447926975,1263,9699140,8560936,701187,1760752,3123983,2823745,2045374,1267614,1441663,1581959,453482,448546,726828,0,0,0,1206623,678320
12,000021,2017-11-27,-0.03521878335112061,-0.022411953041622135,0.19887167406055292,14736.0,131221.0459469991,2224,71258556,53964773,1034954,2742444,8316960,9515206,9656551,9145265,12755425,10209220,3956595,6829863,6813284,5080570,5397846,2255094,23326941,8187111
13,000023,2017-11-27,-0.012931034482758674,-0.005603448275862011,1.5751976593097963,11552.5,28025.65879044944,216,2711357,1503713,191854,200976,1217232,963211,789155,0,284327,339526,228789,0,0,0,0,0,0,0
14,000025,2017-11-27,-0.0017500000000000293,0.000500000000000167,1.1632401244985957,12090.0,55356.215369339385,1182,16820855,17725829,1336924,1184312,6326062,5935655,3880761,3036658,3215141,1898601,441900,2598497,1620067,311080,0,863935,0,1897091
15,000026,2017-11-27,0.0028571428571428914,0.008571428571428452,0.6379670741145824,10570.0,35828.05054252783,270,2784960,2879316,159465,214373,923912,1243190,718240,384009,983343,787820,0,249924,0,0,0,0,0,0
16,000027,2017-11-27,-0.0033057851239668423,-0.0016528925619834212,0.1907397339503511,6644.0,55667.30492790032,1006,8529452,7633196,961084,2510648,2033218,1555669,1793279,1260906,1149330,886375,933781,248655,396660,0,0,484799,1262100,686144
17,000028,2017-11-27,-0.0017094017094017033,0.01692307692307704,2.073355752428446,14720.0,64552.8154581238,796,8370382,18102408,574439,846310,2070818,6300045,1269922,2106427,1448925,3976751,734456,1518614,609637,1965934,422739,1388327,1239446,0
18,000030,2017-11-27,-0.013580246913580174,-0.013580246913580174,0.2535936066233954,4016.5,80235.99452130008,1020,17267951,7786552,1001579,1097354,2950235,2231158,2482553,1482834,2580591,1613046,1266391,693180,1045407,668980,840158,0,5101037,0
19,000032,2017-11-27,0.022301516503122176,0.011596788581623496,0.4125066333038346,11380.0,54100.58108298294,738,8296987,10096606,668767,499427,2933749,4124322,1320967,1877696,1642480,1037506,511664,228200,321727,761470,897633,857603,0,710382
20,000036,2017-11-27,-0.02094818081587646,-0.009922822491730932,0.2637495962449237,18060.0,159953.63280549887,1183,40012579,23327678,1088561,1139685,6389396,6804250,5819629,4082549,8128790,1754160,2909288,1549986,2142362,1754487,2251731,839215,11282822,5403346
21,000037,2017-11-27,-0.007177033492822837,-0.005980861244018976,0.5455726563345232,11620.0,101312.93003847548,234,3125739,4729644,174968,254146,720388,1204106,988776,939305,530811,546615,249316,0,0,0,461480,416000,0,1369472
22,000038,2017-11-27,0.026591107236268563,0.020052310374890858,0.4778693517404978,25751.0,125731.7135210641,2310,60656818,72862556,1334139,1558877,12280176,11379181,10581361,13266682,14272579,18195676,8770490,7568150,5158894,4912667,2802717,4015491,5456462,11965832
23,000039,2017-11-27,-0.023065094823167764,-0.012301383905689467,0.40207689245039985,17433.0,155475.61740120105,2357,87644823,52463957,4466546,1106637,10829496,7310919,11639224,10842740,11274824,11115869,10193118,5218653,7641169,6807153,2720656,3166108,28879790,6895878
24,000040,2017-11-27,-0.03749098774333093,-0.02811824080749814,0.49238808595850336,13700.0,221088.91398191953,794,28717784,27284896,660583,642591,2781792,2951867,1341843,3100908,4240337,4267637,1890489,3548397,3970179,1355455,3421686,858132,10410875,10559909
25,000042,2017-11-27,0.015894039735099286,0.01788079470198678,0.8467910724971928,9216.0,52601.171385561924,317,3077646,4549493,453613,154983,1572493,804124,311935,690476,350744,966524,0,1126265,388861,301448,0,0,0,505673
26,000043,2017-11-27,-0.000970873786407922,-0.001941747572815622,0.5423873382476384,15375.0,91036.09742816302,360,7065755,7256418,208208,198974,1057643,2477480,892689,1632254,1419770,1878197,676631,658313,312396,0,454376,411200,2044042,0
27,000045,2017-11-27,-0.003917727717923647,0.005876591576885248,0.4030290066213628,10340.0,44545.20580295953,641,8336919,7869889,517497,600031,2973267,2562992,2815303,1498180,1034532,1920152,682670,646296,313650,0,0,0,0,642238
28,000046,2017-11-27,-0.027812895069532217,-0.024020227560050622,0.268556343256459,5442.5,120458.82666301075,868,13997341,4811798,1231573,647913,3462732,1407893,1683348,962815,1168038,331027,507404,437467,611094,321123,446522,0,4886630,703560
29,000048,2017-11-27,0.0021249468763280266,-0.0008499787505311662,2.113930259847576,11730.0,28928.110473580597,123,789155,979889,109248,91682,431555,466727,140344,164800,108008,256680,0,0,0,0,0,0,0,0
30,000049,2017-11-27,-0.012254901960784381,-0.011140819964349347,0.9243195367192862,28298.0,203762.7013572562,2363,93640328,105323353,1102972,1506717,9614333,15385491,7887980,13121544,18012958,18721127,13020636,13673306,11628933,7089790,6429548,6585814,25942968,29239564
31,000050,2017-11-27,0.005576208178438735,0.019516728624535462,0.38642561679544724,53304.0,233232.92988587322,3105,166558869,196652192,712535,1205613,12488243,13564959,13764974,26055390,33856922,34842209,29067852,25811048,14303057,22365206,11246210,15556089,51119076,57251678
32,000055,2017-11-27,0.003039513677811412,0.004559270516717451,0.25898897139153587,8554.0,36616.69109433222,645,8533411,5500077,641213,537212,3268295,2078416,1872771,1635870,1445991,782340,1305141,466239,0,0,0,0,0,0
33,000058,2017-11-27,-0.03131749460043187,-0.017278617710583144,0.22740430856276767,18280.0,87643.41019997539,1660,39802037,33450073,1419818,1371561,8539762,7101602,9047457,7331786,10158466,5814385,2777464,3444503,2455358,1372979,1361468,1726445,4042244,5286812
34,000059,2017-11-27,-0.006024096385542244,-0.007028112449799173,0.24980317151832387,10010.0,129416.0019435459,1590,50140143,33137758,1398693,2010620,6167553,5086139,4975798,5048286,8685082,8255481,7824037,5487720,4722614,2118896,3994699,2224650,12371667,2905966
35,000060,2017-11-27,-0.009469696969696906,-0.005681818181818232,0.21232316840566662,21210.0,147331.23446021933,2476,82244034,89879137,1672059,1774371,10446607,9711067,9644471,12479919,14508944,15601669,9655886,10324843,8494276,10578949,3090472,5292142,24731319,24116177
36,000061,2017-11-27,-0.0039215686274509665,0.0039215686274509665,0.34185972327842307,6156.0,44610.56332689038,500,4301613,5106863,497096,577172,1727686,1542091,636648,678014,561387,586436,878796,516167,0,769500,0,437483,0,0
37,000062,2017-11-27,-0.019425675675675658,-0.01520270270270263,0.8218930486875475,11620.0,79468.25319862102,830,15116218,8282945,741243,817997,4352715,3205019,1776833,1524445,1680016,1802594,1892404,235000,382800,697890,0,0,4290207,0
38,000063,2017-11-27,-0.0960273612207313,-0.07655880031570628,0.634089394691322,504242.0,2434064.2759167156,3597,2352528179,1967399717,64363,46380,2378874,2206717,10874940,8915568,39371370,31700711,43301582,31534013,44154627,43206998,46031458,42277378,2166350965,1807511952
39,000065,2017-11-27,0.0021459227467810482,0.011266094420600892,0.5373907407565895,15112.0,50455.03699343595,1203,16463524,18760910,894274,1031785,7044324,6543300,2546996,4627144,2843422,3276238,976571,1783725,1025705,1071050,430982,427668,701250,0
40,000066,2017-11-27,-0.03333333333333344,-0.01594202898550734,0.1555842059101992,20490.0,134983.30236115245,1970,70006836,35563117,1531080,1355866,12095674,6303018,13509887,7743466,12962340,6302051,5761067,3593634,5079503,3709648,2282085,2371686,16785200,4183748
41,000068,2017-11-27,-0.019332161687170557,-0.01405975395430581,0.2951625690380292,8415.0,99149.48432379717,371,9842807,2929815,282809,264836,1102414,1377563,1112809,602553,1787521,225562,756400,459301,336600,0,2117532,0,2346722,0
42,000069,2017-11-27,-0.014301430143014215,-0.014301430143014215,0.17202861138600406,24259.5,195356.17398238904,2802,132027116,102835539,2153695,1442925,15045589,11433791,12322278,14476251,17063908,13463329,13324911,9283328,9084246,8679660,10864476,6220754,52168013,37835501
43,000078,2017-11-27,-0.0017667844522968323,0.005300353356890497,0.13406257059906623,6828.0,86535.17175077762,1786,26807169,23430535,1068349,2838523,7867478,4311085,4319663,3814125,3986358,4305893,1601229,4157926,2105660,1145154,863515,0,4994917,2857829
44,000088,2017-11-27,0.0,0.0024752475247524774,0.3056910131310177,9743.0,69968.60394103851,698,10468945,11155186,726011,896414,2791136,2986396,1901295,1803783,1985651,1460278,1723253,2068907,393007,654109,0,486599,948592,798700
45,000089,2017-11-27,-0.003409090909091028,0.013636363636363447,0.2678460043515713,18627.0,81534.91898372187,1079,21556745,22117654,1051139,771970,5021625,8827250,2827692,3604522,3936887,2796010,1898384,2441009,2007191,1017918,1362460,441500,3451367,2217475
46,000090,2017-11-27,-0.01679841897233203,-0.011857707509881354,0.28077489136806066,7992.0,56120.03717339247,1301,18876784,9759367,2107165,961257,4344443,5002120,2509088,1757012,2823191,399038,1873917,400796,1796486,317724,0,921420,3422494,0
47,000096,2017-11-27,-0.006864988558352381,-0.006102212051868783,0.9271503042520014,6550.0,20484.934260625054,199,1803693,731591,328991,206437,942490,287391,339220,116492,192992,121271,0,0,0,0,0,0,0,0
48,000099,2017-11-27,-0.02378490175801451,-0.014477766287487093,0.36613338393463324,9550.0,49670.05869779122,697,10146601,5367353,896605,849367,3900299,2318224,1902260,466199,1194955,454824,925511,208626,0,0,1326971,429299,0,640814
49,000100,2017-11-27,-0.004807692307692402,0.0024038461538460343,0.07239439210186141,41918.5,448010.5697383637,3328,269056077,293317944,1642845,1786770,11726512,15851411,14716295,19309726,26908457,28375769,25410097,27190138,15293661,16013915,17390881,17092786,155967329,167697429
50,000150,2017-11-27,-0.002138275124732636,-0.0024946543121882048,1.391230153823436,13955.0,49796.48741339406,407,6913440,5172316,456071,164823,2343139,1311127,1700648,720402,2055182,1518282,0,720572,358400,331110,0,406000,0,0
51,000151,2017-11-27,0.003831417624520883,0.010727969348658828,0.4550904969270617,10576.0,50110.01275674125,822,8563045,12560971,419830,882995,2644590,3926956,2002490,2833848,2556584,2117857,260000,1665982,679551,358995,0,0,0,774338
52,000153,2017-11-27,-0.002547770700636942,0.002547770700636942,0.38541618750100304,12672.0,37913.61596832648,414,4978399,5143417,268273,510003,1749306,2344871,1443129,1506307,559307,782236,476740,0,0,0,481644,0,0,0
53,000156,2017-11-27,-0.0037509377344336903,-0.005251312828207122,0.4606692591086245,6665.0,51511.23830724714,837,10043395,7299079,1383357,674436,2889304,1886896,1664301,1420057,1310752,920479,1295225,944915,993542,310986,0,474810,506914,666500
54,000157,2017-11-27,-0.002272727272727426,-0.002272727272727426,0.10237005628927816,6146.0,84186.77366744238,1855,31129498,22041898,2535391,1118220,6267371,5323511,5024250,3334369,4096949,3097498,1958060,2591454,1396886,1414530,4827817,445410,5022774,4716906
55,000158,2017-11-27,0.016847172081829065,0.02166064981949445,0.21819485134344968,16960.0,111833.97383711473,1452,29155974,36367391,1072543,1366984,7067354,7058231,6511150,6048179,4855703,6154295,3085065,4046802,1686192,1084707,874014,2265899,4003953,8342294
56,000159,2017-11-27,-0.017793594306049876,-0.01067615658362997,0.2417182036717189,10026.0,37215.184710135465,540,7011590,4807345,543115,365731,2567706,1851694,1523541,1230784,1313949,1077636,715711,281500,347568,0,0,0,0,0
57,000166,2017-11-27,0.007104795737122638,0.005328596802842034,0.12784281915867932,11875.5,131452.9165935459,1944,44688008,42361619,1983120,979898,10175637,8960772,8469194,4214291,7877160,3575053,2342192,1517557,3362796,300642,893376,410916,9584533,22402490
58,000301,2017-11-27,0.006611570247933907,0.0016528925619834212,0.14164111292454787,14567.5,147589.00477248497,1828,42220132,42071809,1559518,1477419,8875133,7681124,7481563,7655481,7779411,6009217,4229668,3066366,2334408,4195498,450448,1804773,9509983,10181931
59,000333,2017-11-27,-0.014232209737827684,-0.02059925093632964,0.902135863170628,207720.0,853842.4135275087,3507,885996030,669399085,306105,94590,8744374,4726883,23654766,12056416,49147242,33901290,56044582,37852093,57319394,42277082,44476126,41164054,646303441,497326677
60,000338,2017-11-27,-0.03791469194312802,-0.026066350710900354,0.14564679353158694,53755.0,303595.3706786932,3367,271476394,189868741,1218085,1205226,19636828,12892027,29910180,21940415,37264704,28580775,26671382,18679228,23639103,17550454,23204015,13647369,109932097,75373247
61,000400,2017-11-27,-0.020547945205479423,-0.010273972602739767,0.4032386342532992,14410.0,144832.2054575104,1311,40966608,15672685,1148719,976513,6965928,5543684,3532337,2802675,5361145,2085249,4199933,2695370,3128401,701616,2265651,867578,14364494,0
62,000402,2017-11-27,0.0035842293906809264,-0.0026881720430107503,0.22853589803357643,17808.0,86220.77036396424,2387,60358614,40587992,2729430,666888,16192234,9157544,13592385,5860365,10455231,7982109,5018948,4157218,3813154,3000156,1294173,5706962,7263059,4056750
63,000403,2017-11-27,-0.0011986814504045817,0.0008990110878035473,1.566312435983277,39924.0,264031.42648659286,453,27853948,27976167,190612,200989,1440127,1905513,1606260,3162219,4258284,5405039,2024085,2663433,1408124,2733720,2730071,2488509,14196385,9416745
64,000404,2017-11-27,0.0,-0.0015723270440252124,0.33714758540787426,12660.0,42976.91025447034,355,4913743,4340928,337066,325353,2200831,1135306,1157877,803247,1217969,1395252,0,227520,0,0,0,454250,0,0
65,000407,2017-11-27,0.019556714471968828,0.027379400260756137,0.25046651840839385,16059.0,93710.83838025457,938,19914316,23060716,1042035,571904,4490900,3996286,5225627,4088268,2866978,5533373,3116585,2206326,1751492,1686546,0,903686,1420699,4074327
66,000408,2017-11-27,-0.006857142857142895,0.00742857142857134,0.4145629185383873,13832.0,121356.24491340647,1786,41555602,43572910,2336303,604762,7709062,5962708,7440534,6306969,7586915,6391064,4562195,3093597,3703937,4224852,1260197,3618831,6956459,13370127
67,000409,2017-11-27,-0.001612903225806428,0.006451612903225712,0.2787943205533617,7505.5,29115.342811422295,494,4047487,5135062,524083,431313,1934732,2010797,888836,1218191,699836,989449,0,485312,0,0,0,0,0,0
68,000410,2017-11-27,0.04498714652956304,0.04755784061696655,0.203149005503147,12968.0,102404.04333791202,1468,25545912,39436829,1371314,1512211,5123693,6481016,5191102,6814073,5520427,6416170,2811006,5618368,1033620,3802785,2136642,1253246,2358108,7538960
69,000411,2017-11-27,0.010643689812468438,0.011657374556512945,1.0475445755269102,17811.0,101536.17026778535,354,4874342,10724809,165133,524597,1015673,1918042,556934,2348520,618635,2355462,983830,989551,0,1099587,475372,400600,1058765,1088450
70,000413,2017-11-27,-0.008537886872998945,-0.004268943436499417,0.18169603276697707,30706.5,186006.13264208194,2662,119307601,123733178,1513704,2085762,10658485,13001278,15008318,17958392,19836432,20769524,11567265,12155458,12270968,11379191,8949782,10297221,39502647,36086352
71,000415,2017-11-27,-0.015000000000000013,-0.00666666666666671,0.13378676649152935,5990.0,85177.55542253457,2016,25459007,28462761,937355,1841470,5339562,9866462,4159793,3120759,4947265,4760718,2470390,3779233,994120,963799,426000,912222,6184522,3218098
72,000416,2017-11-27,0.011180124223602483,0.004968944099378758,0.26846057040663596,12150.0,44331.43537604472,899,15623134,10257865,801224,907345,4903355,3435961,4199537,2807031,3338274,2182730,2034594,924798,346150,0,0,0,0,0
73,000417,2017-11-27,0.0037037037037037646,0.0012345679012344402,0.2829570701066004,5656.0,54028.423389867065,819,10944042,4748080,1672032,357285,1939580,1262508,1841641,1071329,2351906,1017270,742092,485400,701863,0,889928,0,805000,554288
74,000418,2017-11-27,-0.016620498614958512,-0.01073407202216059,1.8040834553084848,11580.0,122254.16196861936,1026,21131824,20745524,890807,608761,5001515,4330079,4041629,2995662,3857886,3832134,1749136,1683136,366722,1020125,416582,456400,4807547,5819227
75,000419,2017-11-27,0.0016666666666667052,0.006666666666666599,0.34887195241827984,12100.0,62442.35617066615,295,3436849,5267010,225726,247021,1160066,1557411,812441,1255168,962156,409873,276460,256199,0,323338,0,0,0,1218000
76,000420,2017-11-27,0.00887573964497057,-0.002958579881656709,0.09189102863249536,6048.0,114291.47061072479,1359,21353588,18867767,1047362,1014409,4380365,4801176,2600269,2611295,2655928,4831398,996702,1801629,2354808,2372105,960039,847555,6358115,588200
77,000421,2017-11-27,0.006230529595015577,0.004672897196261738,0.23051793020956718,7254.5,81132.79866218068,776,11010114,10116183,576463,982162,2427841,3093116,1933984,1612816,3404288,1503618,485266,460845,939048,0,0,0,1243224,2463626
78,000422,2017-11-27,-0.004683840749414414,0.0,0.16558160019671267,9890.0,55690.58836803795,665,7851377,10027963,485242,644463,2592022,3571092,1604624,2306435,1022835,1526951,768300,292149,337756,667680,485498,0,555100,1019193
79,000423,2017-11-27,-0.001916626736942928,-0.006867912474045723,1.438748714008012,31055.0,156800.80119310194,1893,83016756,62881947,1122692,1103395,10322900,9461023,11141089,9504791,13681875,9230070,10578031,6615883,9695326,5065709,5479666,3125632,20995177,18775444
80,000425,2017-11-27,-0.018867924528301883,-0.010781671159029615,0.07183710989778701,15088.0,133155.14653625764,2691,76210303,57419803,1718735,2174267,9771784,12287795,16114914,8998492,13676816,11736537,4584650,4798529,4458555,4268636,4308835,4774965,21576014,8380582
81,000426,2017-11-27,0.00427350427350448,0.02029914529914545,0.19723878098697567,9975.0,118814.82559824572,2263,48241954,43210726,1736202,2787558,9855503,6604575,4692830,6220161,8809944,8412163,3923645,6084346,2746238,1285818,4380350,4196438,12097242,7619667
82,000428,2017-11-27,-0.0024999999999999467,-0.0024999999999999467,0.20777373805060356,3985.0,48635.90879372703,370,3192771,3845989,200799,413862,1189264,878001,1060350,527821,456674,1046009,285684,0,0,360696,0,0,0,619600
83,000429,2017-11-27,0.0025188916876572875,0.005037783375314797,0.26606421669045555,5593.0,62995.24659648767,890,11015660,6204288,1809578,438896,3809864,1756598,2233925,587493,1756334,852806,959731,0,0,0,446228,0,0,2568495
84,000430,2017-11-27,-0.008928571428571397,-0.0078125,0.5494678923796558,8890.0,56731.00499375021,265,3567655,2215164,290655,400060,1088520,695242,814715,384482,772887,0,222500,0,378378,0,0,0,0,735380
85,000488,2017-11-27,-0.02707581227436817,-0.019855595667870096,0.34673763911455846,19088.0,145078.53903405572,2298,94003909,61136709,2321973,1456706,11565374,9338600,10614611,7894348,16748555,10209756,8591677,8114387,9397824,6655821,6009314,5491006,28754581,11976085
86,000498,2017-11-27,-0.024390243902438935,-0.018292682926829174,0.1759518566336278,5208.0,31718.02695579762,1392,16432724,7980503,1664900,1244662,6249012,2184878,4452696,2450596,2832696,1685712,1233420,0,0,0,0,414655,0,0
87,000501,2017-11-27,-0.017889087656529523,-0.003577817531305816,0.5321037462972775,8345.0,36238.94903479528,994,13611386,6268220,1329230,1307663,4988751,2933220,3680378,1460374,1603923,566963,737898,0,306360,0,449317,0,515529,0
88,000502,2017-11-27,0.0009017132551847329,-0.01172227231740297,0.6061445710315911,9882.0,46859.95467428479,334,4998744,2068351,354488,317418,1412127,1336121,1082794,54950,746078,154536,499295,205326,313742,0,0,0,590220,0
89,000505,2017-11-27,-0.010245901639344246,-0.0051229508196720674,0.48277133871972444,13132.0,54363.296743191975,408,6979336,5759353,608714,300664,1654794,1909913,1515009,1620710,1839679,1652552,682140,275514,0,0,0,0,679000,0
90,000506,2017-11-27,-0.011349306431273631,-0.0012610340479192184,0.3307933672888852,4791.0,40171.75021919294,574,5846712,3837004,493056,576644,1917061,1851810,1223953,579030,1537982,341390,0,488130,0,0,0,0,674660,0
91,000507,2017-11-27,0.006128702757916216,0.009193054136874546,0.21848841703062077,18734.0,85641.23218311166,2009,37704199,49180484,1870226,2040128,11386039,9842016,8613958,9516357,6331519,8860209,3889520,4689297,3109731,3019566,1769886,3968443,733320,7244468
92,000510,2017-11-27,-0.013819095477387022,0.002512562814070307,0.33673287281352915,7980.0,56267.26509645132,558,8675351,4858288,540549,711778,2294449,1873766,1386105,1216169,1025209,1056575,1235700,0,1345600,0,0,0,847739,0
93,000513,2017-11-27,-0.014769230769230646,-0.0018461538461539417,1.3381882170826085,45206.0,332030.8849020467,2365,188086328,139013066,961969,866173,8547225,10311492,13781591,14162773,23063086,19113789,20366272,15044280,27766608,12203253,8535490,7478021,85064087,59833285
94,000514,2017-11-27,-0.016793893129770865,-0.009160305343511421,0.2706708974945951,7117.0,35253.71770772484,585,6409823,4083178,636976,672769,2752493,1679367,1204003,960281,1016677,556591,251424,214170,0,0,0,0,548250,0
95,000516,2017-11-27,-0.004115226337448652,-0.002057613168724437,0.17864623367955165,7759.0,68227.73660497066,740,15418875,5768729,912607,694007,3595658,2323434,2205573,1032672,2743285,706026,1391308,702021,378430,310569,2163919,0,2028095,0
96,000517,2017-11-27,-0.0025510204081632404,0.0025510204081633514,0.13239561151069804,6288.0,24933.62510550467,878,6410018,7129349,1625611,427007,2076626,1287804,1353102,5308341,1354679,106197,0,0,0,0,0,0,0,0
97,000518,2017-11-27,-0.012307692307692353,-0.003076923076922977,0.3675090064508422,5176.0,25306.45102107385,312,2895820,1808574,303330,270411,1122357,750533,936347,590074,533786,197556,0,0,0,0,0,0,0,0
98,000519,2017-11-27,0.0,0.012195121951219745,0.21943326362372456,9174.0,45310.526944754136,1397,17392198,17585643,1353338,1624703,6032651,5227806,4133207,3927166,3649149,3826645,1169552,1362379,1054301,667716,0,411110,0,538118
99,000520,2017-11-27,-0.009009009009009028,-0.0022522522522524513,0.18494006627268111,8860.0,75993.00867164075,576,11222904,7524340,451349,669533,1934423,2467293,2038303,455618,1102114,982205,1016596,1150811,2522185,1379300,855360,419580,1302574,0
100,000521,2017-11-27,-0.001941747572815622,0.005825242718446422,0.2402057107332094,7709.0,47168.23605414535,459,4612889,6080462,385587,548856,1585710,1285583,1134134,1137680,1043574,841018,463884,724885,0,1542440,0,0,0,0
101,000523,2017-11-27,-0.005966587112171906,0.0011933174224343368,0.4134306558518567,8365.0,50026.96161696695,410,5118447,4083699,590159,312780,2046932,860838,835743,532825,278548,1027567,252600,1044787,682254,304902,432211,0,0,0
102,000524,2017-11-27,-0.0068846815834767705,-0.005163511187607495,0.5760906409635888,5199.0,22673.48319770862,406,2959691,2005408,384418,421675,1416073,649356,595750,527385,362770,406992,200680,0,0,0,0,0,0,0
103,000525,2017-11-27,-0.006843065693430739,0.008667883211678662,0.5816256632942364,11050.0,72143.79028046773,1422,26411526,20655456,2505522,612283,5864686,4533172,3711989,3592027,4400801,5952638,4128690,3490976,1070748,1050900,1264332,0,3464758,1423460
104,000528,2017-11-27,0.002590673575129543,0.007772020725388629,0.1771302069888552,10088.0,44968.26222718963,1904,17636238,25656141,1546959,1664226,6095341,11705340,4879354,4556572,3125637,3160302,1426888,1844590,0,763132,0,0,562059,1961979
105,000529,2017-11-27,0.0,0.005641748942172065,0.39101380679891157,7115.0,50713.32211608229,328,3077901,3201479,390568,302777,1248726,928041,493439,535399,547160,744791,0,0,398008,0,0,0,0,690471
106,000530,2017-11-27,-0.008620689655172376,-0.0034482758620688614,0.26400713544520993,6385.5,67554.76384129123,482,6196986,6018876,481551,466969,1927712,1369983,992754,883647,511822,1397546,741960,200913,330616,0,0,0,1210571,1699818
107,000531,2017-11-27,-0.0071258907363420665,0.0011876484560569,0.3911582515338908,10056.0,84955.86265603964,463,8530102,6759374,513593,390335,1714135,1911709,2119463,1393671,1374396,847013,988119,718948,303120,310898,0,0,1517276,1186800
108,000532,2017-11-27,-0.013043478260869601,-0.002608695652173809,0.5680430852658942,11430.0,40184.537458662366,409,4878991,4332696,301787,368467,1751323,1598301,1179912,1160424,818649,634304,504700,571200,322620,0,0,0,0,0
109,000533,2017-11-27,-0.00612244897959191,-0.008163265306122436,0.5878330847585557,9730.0,55082.86454400008,277,5270871,1904423,387318,273675,1406777,501450,1468473,439037,386004,333170,768111,0,359396,357091,494792,0,0,0
110,000534,2017-11-27,-0.014573213046495503,-0.017349063150589816,0.9788417506622337,9905.0,47277.52775150932,216,2749435,1945456,198660,149570,1013751,336286,643979,350548,893045,396352,0,284600,0,0,0,428100,0,0
111,000536,2017-11-27,-0.0020703933747411307,0.0041407867494822614,0.14561389763943236,8712.0,45919.85209665307,1102,10154411,8387573,2479407,1654187,2264921,3741132,711272,978058,1775476,273206,490620,480142,390720,373550,1324344,887298,717651,0
112,000537,2017-11-27,-0.011029411764705954,-0.008088235294117618,0.4288734204909046,17810.0,145575.45204260736,1006,31835158,24152409,774747,700900,5014853,4415391,4880443,3701185,4172557,5275939,4305682,3755317,3785193,1028812,2203374,2208693,6698309,3066172
113,000538,2017-11-27,-0.016463414634146356,-0.01392276422764227,1.9682774740054885,38840.0,378472.06578022405,2503,155890285,145992334,2551594,1360899,18123999,10668227,15288997,14694486,16700687,12884295,12553370,13453397,8768437,8691557,8733415,5875440,73169786,78364033
114,000539,2017-11-27,-0.014028056112224463,-0.006012024048096198,0.25676390380779,5456.0,71358.099985399,377,5133790,2097396,485915,219787,1935413,802101,927491,81508,257400,0,298485,0,0,0,491536,0,737550,994000
115,000541,2017-11-27,-0.015306122448979664,-0.010204081632653184,0.1885393627950428,25453.0,157526.51886348907,2706,116799404,93108410,2373463,1535026,12672028,11127356,14252503,11170595,21325946,19113825,16338820,12322642,10081007,7357537,9165082,7579621,30590555,22901808
116,000543,2017-11-27,-0.009784735812133238,-0.005870841487279899,0.16130165380510386,7605.0,118054.34017544174,1004,20963774,11477641,500255,1997506,3894673,3507014,1396720,1990056,2953577,2090635,1225686,1181580,1396041,305400,1823056,405450,7773766,0
117,000544,2017-11-27,-0.00846432889963733,-0.009068923821039854,0.8170013418984333,13119.0,45172.190919700035,409,5938817,4258500,316661,369276,1818166,2162141,1310752,1377764,886920,0,524319,0,672999,349319,409000,0,0,0
118,000545,2017-11-27,-0.01619433198380571,-0.012145748987854366,0.16986940676829224,6881.0,50701.93049435108,846,12589956,8145029,510512,1215347,2408795,2849967,5084361,2353598,1650711,844340,852151,513527,343000,368250,420910,0,1319516,0
119,000546,2017-11-27,0.09108781127129739,0.054390563564875594,0.352068326460435,26239.0,126476.73150101793,1888,49902001,71726652,975224,1642896,6539017,9793701,9648555,9417595,13775389,16131602,6013248,7255662,3879537,4879828,2603054,3572836,6467977,19032532
120,000548,2017-11-27,-0.006269592476489061,0.0,0.2526678963198946,6420.0,279981.86426411505,638,19266518,6464738,447548,950554,1645564,2436625,923096,955278,466137,1041543,465450,434070,971608,0,474980,0,13872135,646668
121,000550,2017-11-27,0.0005851375073142595,0.00702165008777067,0.5815258399700499,5193.0,43044.16022267575,863,8966348,8599986,1324375,550930,3191812,2407812,2242558,1801798,1449141,1824814,248112,417806,0,699076,0,897750,510350,0
122,000551,2017-11-27,-0.0011990407673860837,0.0,0.5182626188128665,8360.0,33119.75941763727,258,2671982,2904645,222205,372887,897980,893954,1093956,702723,251596,935081,206245,0,0,0,0,0,0,0
123,000552,2017-11-27,-0.005714285714285672,0.0,0.07689786834507507,2106.0,39762.12940385696,2088,9932806,14340274,1077424,3205221,2822607,3095935,1582871,1589073,942539,3159363,1187615,1351670,701351,1013552,423306,402246,1195093,523214
124,000553,2017-11-27,-0.012224938875305624,0.011002444987775029,0.3936772295349483,26495.0,95701.2024002495,1728,40588044,57520629,909924,1114278,7299682,13351858,8556449,9908171,7696219,13650575,6255372,6569901,3208173,2496628,4023156,1867748,2639069,8561470
125,000554,2017-11-27,-0.014669926650366705,-0.007334963325183463,0.3018389846245693,10673.0,77288.4718831801,734,15000273,9011857,572844,925677,3013844,2901400,3027300,1661618,2941725,1392790,1919257,983501,0,736872,2126433,409999,1398870,0
126,000557,2017-11-27,-0.014432989690721487,0.0,0.17111299094648458,4880.0,44644.69555219047,804,9215606,5711747,657559,1297891,2187287,1785798,2092419,1541241,2136802,778842,240000,0,383520,307975,427608,0,1090411,0
127,000558,2017-11-27,-0.014814814814814836,-0.0037037037037037646,0.1796770143601801,9423.5,51680.68885867117,904,11443170,9809904,960207,834621,3580272,4512114,1975033,2117696,1387117,1577249,541765,768224,673752,0,461472,0,1863552,0
128,000559,2017-11-27,0.004975124378109319,-0.0019900497512439497,0.25554316250960557,14182.0,86965.08749522893,1547,36977292,28488586,1315758,809177,8292312,6035082,5698229,4655832,8004542,4036475,3789493,3177225,2901828,1359915,1801261,4868487,5173869,3546393
129,000560,2017-11-27,-0.031016042780748543,-0.024598930481283476,0.2752245640094121,13799.0,76255.00881273793,1155,26209047,18019352,974041,1219932,5274940,4780767,5565707,3579800,4594960,3911309,3234953,2226129,1678372,1378510,1786361,922905,3099713,0
130,000561,2017-11-27,-0.01773049645390079,-0.01654846335697402,0.2735326909405771,8330.0,58571.18627762805,957,12085025,7604759,1349426,953503,3887641,3195122,2026387,1595996,1040498,1146760,1544117,713378,0,0,822396,0,1414560,0
131,000563,2017-11-27,-0.013015184381778844,-0.008676789587852451,0.11890353248608646,4560.0,129699.22512543469,1507,24699955,17536566,1030234,1898644,3565057,5386916,3414127,2877211,3069799,2081053,3058179,2707254,1812537,1348953,880880,0,7869142,1236535
132,000564,2017-11-27,-0.0020876826722338038,0.0020876826722338038,0.12995130289842957,8245.0,92141.20281699508,1361,25340689,22916796,970038,2779293,3696357,4431392,2727703,2957194,4430236,2769762,2706106,2846326,4958624,974636,4310610,916576,1541015,5241617
133,000565,2017-11-27,0.009549795361528002,0.017735334242837686,0.34269629832907517,6642.0,43755.435574379015,457,3322801,4304682,364574,700265,1250358,1474853,524646,1072897,231278,359983,0,245672,370260,0,0,451012,581685,0
134,000567,2017-11-27,0.0017050298380221207,0.0017050298380221207,0.9796464555446677,11945.0,70270.31984901939,573,9013739,7119827,542884,488770,2603680,3273661,1665809,1128523,1251197,1059185,255960,260728,373350,0,1389859,0,931000,908960
135,000568,2017-11-27,0.00031796502384739966,-0.0050874403815580616,1.1029005085044876,76716.0,384602.3056885145,3261,326368152,321614503,459363,483602,12982006,14236625,22968545,24435197,32160476,34609980,29905260,33473997,24861585,33931436,20787079,21903781,182243838,158539885
136,000570,2017-11-27,-0.008503401360544172,-0.00340136054421758,0.3546431999114509,5870.0,27045.56830176184,274,2180368,1781423,203226,373792,790527,1116970,333269,290661,386533,0,466813,0,0,0,0,0,0,0
137,000571,2017-11-27,-0.01038062283737029,-0.01038062283737029,0.16227767948824795,3458.5,45776.960874522476,1270,11104976,10797207,699322,2120567,3024057,2758300,2324196,2768965,2155147,1702431,907271,509636,624756,390564,498895,0,871332,546744
138,000572,2017-11-27,-0.013157894736842035,-0.00877192982456143,0.1593762814611201,9040.0,60920.87788296165,819,12388901,7944179,896046,847564,3244214,2813371,2054054,2041262,949846,783951,1505651,1458031,1723085,0,450905,0,1565100,0
139,000573,2017-11-27,-0.016227180527383367,-0.010141987829614618,0.2099796017805596,8712.0,46319.4725925264,551,7282688,6670272,449270,733727,2267984,2223877,1034560,959776,1626498,1439090,1904376,978258,0,335544,0,0,0,0
140,000576,2017-11-27,0.00363196125907983,-0.000605326876513157,1.0989256023526672,8250.0,33377.440851719824,225,2761267,1455336,455787,185890,1060980,488121,614398,80899,630102,453077,0,247349,0,0,0,0,0,0
141,000581,2017-11-27,-0.030876109610189162,-0.013508297954457849,0.5102707351435329,28325.0,201924.59216888342,2579,150011640,81026513,1393736,765487,15626669,10405133,14476422,11780395,23108073,16054346,20975963,8953271,8472241,5845058,9485193,3533934,56473343,23688889
142,000582,2017-11-27,-0.0047755491881567025,0.002865329512893977,0.35184007623009245,10550.0,66936.33699603836,885,12621953,12082577,672472,948501,3641599,4107637,1968563,2311663,2071132,1701665,940909,1625782,326861,962164,0,425165,3000417,0
143,000584,2017-11-27,0.0006930006930006005,-0.0034650034650034467,0.4245210857937482,23072.0,104088.53228179316,1155,27949016,22247387,569676,313997,12962288,4626565,6172608,4090760,4889796,2919129,1185510,1520019,1004799,693520,412419,434700,751920,7648697
144,000586,2017-11-27,-0.04470463012240555,-0.034060670569451834,1.2312195522962748,14560.0,73636.49029878556,233,5109183,4206872,228941,118782,1123535,466612,783397,763099,1839430,751476,763080,1801143,370800,305760,0,0,0,0
145,000587,2017-11-27,-0.012269938650306678,-0.016871165644171682,0.1967747840040352,12920.0,86211.77324182096,1100,27017406,21533439,661930,1221072,3641996,5093756,4394288,2157130,7801836,5119844,4048148,4717372,3302870,2743090,405042,481175,2761296,0
146,000589,2017-11-27,0.002136752136752351,0.008547008547008517,0.2255133150683582,4730.0,39526.06549186044,430,3610225,3890486,372429,497852,1296200,1360978,988913,786065,719183,412471,233500,299052,0,0,0,0,0,534068
147,000590,2017-11-27,-0.0174825174825175,-0.0062937062937062915,1.075272174786862,12789.0,47886.587651478796,176,1995389,2362824,114580,115212,967472,440633,544876,394476,0,700853,0,711650,368461,0,0,0,0,0
148,000591,2017-11-27,-0.04654654654654666,-0.022522522522522626,0.1337070324510684,13060.0,132825.94827450957,2489,73919811,40775325,1932150,1326756,11409288,8370681,8475018,6971155,13122524,7940511,7830113,4949557,5701651,4065762,4341111,2633317,21107956,4517586
149,000593,2017-11-27,0.030444964871194635,0.0562060889929743,0.23133416440912297,8820.0,149785.82275189678,1367,24612085,28079054,1606837,1060995,5082260,4178240,3263565,5248022,5117237,4326007,540908,1561620,2066562,1233102,1750824,1363477,5183892,9107591
150,000595,2017-11-27,0.0,0.007575757575757569,0.1735651944695243,10450.0,51577.060103232085,926,12827979,11798586,741190,793055,3381883,3726596,2849171,3673817,2188950,2257494,1675261,990244,344470,357380,405450,0,1241604,0
151,000596,2017-11-27,-0.011328189131505462,-0.0019701198489574523,1.2654230306055705,35448.0,155336.75321117498,2321,104961578,96742444,1840863,710528,12417579,9640669,12788815,8520271,21430891,17765380,19571599,17141496,11152174,16804822,7978506,4861557,17781151,21297721
152,000597,2017-11-27,-0.0174603174603174,0.0031746031746031633,0.2598067351035566,21267.0,190202.94994399094,2357,97833405,90024907,4252708,625563,11683926,7144067,10705787,9330294,18450929,14750656,11639888,9979738,5900542,10581427,7192986,3564084,28006639,34049078
153,000598,2017-11-27,-0.0036832412523019054,0.0018416206261511192,0.16527641974750718,6528.0,120357.18797567957,1080,22175002,15928229,839075,1640977,3673516,2617513,1779080,1658285,4750287,1752701,2277418,3034776,1025675,329245,485442,831363,7344509,4063369
154,000599,2017-11-27,-0.011945392491467643,-0.0068259385665528916,0.2843285381458034,6115.0,46226.488065983016,424,5209531,2943408,509342,517466,1246415,1347049,852117,400583,1230617,142590,790460,233600,0,302120,0,0,580580,0
155,000600,2017-11-27,0.00728155339805836,0.01577669902912615,0.18622314445977564,15846.0,106343.55108915287,1960,38241884,52400321,1779826,1611593,7827269,9611533,6961742,8343045,9052481,9335822,6686219,6488882,3168159,3798171,990688,1792180,1775500,11419095
156,000601,2017-11-27,0.0,0.008064516129032251,0.27895194166886333,7420.0,96069.68961717542,711,14506396,11083619,843682,622747,2954426,1899343,1424680,1250002,2417162,1633862,1215160,1004915,1127966,1617092,483220,417450,4040100,2638208
157,000603,2017-11-27,-0.010942760942761032,-0.004208754208754217,0.37658722432768504,3576.0,41209.058615634225,995,9908737,7655872,1522360,709199,3106214,2617774,1785939,1115895,1614211,1838119,1391793,748020,0,0,488220,0,0,626865
158,000605,2017-11-27,0.009875259875259834,0.015592515592515621,0.5433550487142045,17253.0,68358.50526178317,1254,20387853,24001696,1294103,1207693,6176903,5969307,4508554,4616334,4689009,4831129,1944647,2909381,323036,1046070,891664,456089,559937,2965693
159,000606,2017-11-27,-0.013157894736842035,-0.007675438596491113,0.48019264957918345,9050.0,72690.00872565278,360,6333257,4465437,328018,570248,1501812,1293885,630766,712749,1003999,0,1688316,234522,0,739980,465170,914053,715176,0
160,000607,2017-11-27,-0.005952380952380931,-0.008928571428571397,0.2868793177054894,7364.5,46529.64163483605,548,8458064,4632264,566255,640733,2198629,1649862,2291267,1221710,1251696,616347,963336,503612,679486,0,0,0,507395,0
161,000609,2017-11-27,-0.01642335766423375,-0.005474452554744547,0.4821301813287487,10910.0,49636.82692099598,516,6108056,6434172,485162,455874,2380922,1608874,1498413,1210434,558160,969700,753181,1044470,0,676120,432218,468700,0,0
162,000610,2017-11-27,0.0015748031496063408,0.0015748031496063408,0.7848378380438641,5076.0,43198.41012716934,261,3087967,2186686,447029,83890,675143,498534,951456,381462,503099,452232,511240,770568,0,0,0,0,0,0
163,000611,2017-11-27,-0.012640449438202195,-0.001404494382022392,0.4928374530056124,8249.0,38165.59102564043,208,2737959,1621773,248362,148042,793329,578816,528612,528332,627372,366583,209916,0,330368,0,0,0,0,0
164,000612,2017-11-27,-0.020345879959308144,-0.00915564598168872,0.3125489442744688,9870.0,100439.9872409504,990,12617381,14423736,739130,1193736,3540155,5138107,2109268,1776394,2702118,1322468,775654,1068592,662683,326370,982000,903862,1106373,2694207
165,000613,2017-11-27,-0.018115942028985366,-0.007246376811594013,0.3813484363198114,9108.0,42398.64298969293,471,5599078,4963279,594936,449346,2124924,1587300,1587392,1311810,1075458,499064,216368,229355,0,369733,0,0,0,516671
166,000615,2017-11-27,0.07502569373072965,0.07502569373072965,0.2789711366079363,20920.0,794643.8767327459,1217,200282669,39032009,1555815,51073,7948493,598929,8323355,1711385,11802969,3516591,9717051,2640651,5643251,3739333,8149962,2756326,147141773,24017721
167,000616,2017-11-27,-0.013513513513513598,-0.008108108108108136,0.12130481766258212,6624.0,57665.55596667176,932,10893313,7650958,1319060,2124724,1668660,1746650,1089065,1113623,2952519,873017,1202830,717784,342411,0,885408,446384,1433360,628776
168,000617,2017-11-27,-0.03050847457627115,-0.027118644067796627,0.5385968642892588,10059.0,23890.299647569525,750,5153112,4814317,689733,594894,3117790,2428005,464008,736475,636781,764368,244800,290575,0,0,0,0,0,0
169,000619,2017-11-27,-0.005095541401273884,-0.001273885350318471,0.4700700266194254,7850.0,31772.868037622335,278,3345863,2279901,193446,361004,1419866,938677,580602,851190,683136,129030,468813,0,0,0,0,0,0,0
170,000620,2017-11-27,-0.013266998341625258,-0.0033167495854063977,0.2530756003070526,6600.0,23465.691560249015,567,3759381,2704347,1251072,486550,1006148,1328532,571391,889265,377808,0,217562,0,335400,0,0,0,0,0
171,000622,2017-11-27,-0.013157894736842146,-0.007518796992481258,0.3654982633079414,7950.0,49329.536473404885,211,2746927,2409435,155714,177365,786190,677941,734292,560207,298042,733692,0,260230,359514,0,413175,0,0,0
172,000623,2017-11-27,-0.004698846646732147,-0.005553182400683476,0.48667570052394715,27972.0,212332.53444727018,2314,119407345,90079109,1499927,1162781,12665049,10777010,11642547,9633927,18247089,14552439,17157319,11642752,9774393,6905522,6275122,4521217,42145899,30883461
173,000625,2017-11-27,0.00681302043906129,0.004542013626040786,0.25743982658896863,22508.0,115303.01426534331,2634,88007252,60531969,1467812,957914,24272528,8469322,19365500,8226479,15757981,7345020,9572527,5806177,3107365,4075602,3937085,2691953,10526454,22959502
174,000626,2017-11-27,-0.02045633359559418,-0.008654602675059131,0.4242262800286904,7605.0,50001.9313577945,898,11291132,8118209,1006720,622067,3508620,2806599,2815516,1237235,1495004,2092014,1375497,203520,0,0,400350,410210,689425,746564
175,000627,2017-11-27,-0.03645833333333326,-0.01458333333333317,0.19219919829951548,28500.0,194616.81045756597,2499,131121922,91591061,1867527,1685742,10247386,10106022,14288847,11837486,20935682,19461442,16040780,12509676,10947037,7532024,11016495,6511719,45778168,21946950
176,000628,2017-11-27,-0.03076923076923066,-0.02637362637362639,0.40118229223232327,8860.0,47353.16539439505,514,6308053,4674554,707725,660648,2022455,1680946,1295898,792818,1304158,764169,287064,450965,0,325008,0,0,690753,0
177,000630,2017-11-27,-0.014388489208632893,-0.010791366906474753,0.0573019355389814,8587.0,152832.01711754708,2382,56138964,46655669,2249805,1654680,9767455,7318158,5824931,5920110,9223672,4813260,6374102,4963191,2337884,2066917,1263344,496785,19097771,19422568
178,000631,2017-11-27,-0.013698630136986245,-0.006849315068493178,0.1193508648804687,8740.0,48168.07685084232,1351,13360077,15796961,1716073,1137912,5424693,5686908,2237006,2481739,1914000,2290019,1245327,938745,377568,706911,445410,888513,0,1666214
179,000632,2017-11-27,-0.017628205128205177,-0.0064102564102563875,0.39751023833722854,6270.0,96049.26297917592,246,3981123,4263225,203789,221598,500951,841621,587465,438979,1110758,180420,735352,454250,0,355385,842808,454272,0,1316700
180,000633,2017-11-27,-0.04157303370786525,-0.035955056179775347,0.3435175465760789,8820.0,41473.898208176026,671,10975792,4899311,694925,728221,3373744,2093735,2749292,1284012,2126413,793343,1263682,0,767736,0,0,0,0,0
181,000635,2017-11-27,-0.023968042609853524,-0.012649800266311573,0.6129545277225347,11896.0,35010.87802345523,600,7262281,5166876,446671,619735,3193584,2787551,882852,796442,1553719,733688,788815,229460,396640,0,0,0,0,0
182,000636,2017-11-27,0.08186619718309851,0.10387323943661975,0.19878376979947698,80316.0,1038049.0934390238,3279,496306396,375189789,963620,818123,14039285,8512369,22177202,13727704,45090987,34634065,41591462,23023564,34594570,25654363,20149307,15691179,317699963,253128422
183,000637,2017-11-27,-0.006908462867012077,-0.003454231433506094,0.3010787980785898,6346.0,37550.61571358879,369,5344913,2966551,276032,340921,1395034,1196906,1612020,362003,2061827,721721,0,0,0,345000,0,0,0,0
184,000639,2017-11-27,-0.023280423280423124,-0.02063492063492045,0.6566658460311723,11267.5,39713.566129880775,828,13949132,6294385,769425,736018,6568528,2455452,2462731,1696017,2306765,839847,667835,567051,697884,0,475964,0,0,0
185,000650,2017-11-27,-0.0018416206261510082,0.0,0.2331079118189248,6657.5,56170.700044708596,542,8060930,4745786,461590,439357,1935772,1613481,1750044,1144795,965144,1225561,1219696,0,0,322592,0,0,1728684,0
186,000651,2017-11-27,-0.020244716351501713,-0.021802002224694195,0.754388726020924,281856.0,1155021.674136084,3551,1218330482,1036647105,304943,198618,4803716,4423819,18474317,11238615,49384447,40595514,46680998,42447807,52606616,42973193,45064450,37539635,1001010995,857229904
187,000652,2017-11-27,-0.00638297872340432,0.0,0.17348293240754306,4730.0,57102.703599632645,734,7630132,7615323,701132,967129,2414619,2264390,1456052,899263,1119348,1342479,530611,1679502,338870,0,0,462560,1069500,0
188,000655,2017-11-27,-0.012195121951219523,-0.008130081300812941,0.24063724333169562,12580.0,67031.61443623494,942,17129426,13259245,803827,878265,4751078,3280716,2720082,3002270,3096396,2668140,1359943,1661242,2426404,647577,472221,0,1499475,1121035
189,000656,2017-11-27,0.004385964912280826,-0.00877192982456143,0.13992008492578775,4067.0,74109.14368110072,1064,14125326,8362153,1706450,861404,3482735,2417467,1698187,961782,1547404,1807952,225500,523403,642038,0,1260197,1790145,3562815,0
190,000657,2017-11-27,-0.024800000000000044,-0.015999999999999903,0.4512181845142012,11214.0,52286.06133509442,767,11267031,6734947,585901,795722,3683320,2705858,2738111,720269,2821594,672638,222855,555149,343750,712233,0,0,871500,573078
191,000659,2017-11-27,-0.005291005291005346,0.0,0.2101051149831467,9425.0,61549.60625823484,323,5719471,3916473,307130,314053,1572573,1097123,951161,563259,1334754,856302,231101,715453,686200,370283,0,0,636552,0
192,000661,2017-11-27,-0.019589387611036013,-0.003588446379198862,4.207022689556743,50796.0,278302.51727214083,1635,104065592,110555908,14843,12688,7317659,8345915,9316790,12765251,12296836,13602635,7608091,9712776,5554986,11098180,6851963,6235064,55104424,48783399
193,000662,2017-11-27,0.0,-0.004040404040404066,0.5659512444001348,14825.0,83976.6705076036,688,22679595,8983523,537190,428486,3088103,3155488,2960637,1960625,6857853,2204788,3632887,1234136,1413596,0,1329900,0,2859429,0
194,000663,2017-11-27,0.0,0.007803121248499245,0.7183931298416941,10062.0,53432.51451574145,538,5554120,7774666,334595,755151,1873052,1915674,1677820,1322584,1249653,985306,419000,666297,0,692195,0,895699,0,541760
195,000665,2017-11-27,-0.0029354207436400603,-0.0009784735812132794,0.5215940675100215,13325.0,95712.79063822486,383,10039744,7807945,196157,276901,1348164,1414430,933736,1555502,2843951,1259269,2081762,223818,1616615,1066317,0,462396,1019359,1549312
196,000666,2017-11-27,0.01845991561181415,0.015822784810126667,0.44277967182740424,9550.0,83870.01940318655,1834,30926987,40029407,1206369,3074290,6323847,5917265,5336391,6031179,5605933,10443864,2703813,5248083,3110910,3446609,1863576,835224,4776148,5032893
197,000667,2017-11-27,-0.0033112582781458233,0.0,0.11439847367809876,6040.0,42705.256002652706,698,7998172,5417908,613011,781440,2492895,2135067,1272643,996657,1290572,941665,1095983,563079,314382,0,918686,0,0,0
198,000668,2017-11-27,0.019256308100929598,0.004648074369189903,1.0957326726774368,14379.5,50056.73639396806,188,2213670,3475102,169000,120487,752824,1155885,389630,518569,659656,859976,242560,513585,0,306600,0,0,0,0
199,000669,2017-11-27,-0.002926115581565414,-0.004389173372348232,0.5554275119737091,9527.0,41758.77111170748,605,6625775,7173460,449165,603192,2966581,2180893,1490926,1261975,833173,1971709,479730,507586,0,648105,406200,0,0,0
200,000670,2017-11-27,-0.08333333333333337,-0.03166666666666673,0.12416017903415878,18135.0,87622.02215890818,2342,64934618,41839024,1727388,1822323,11928544,10357015,10550431,9226427,13646324,10246347,10927976,5932801,3895370,1958799,1270902,411048,10987683,1884264
201,000671,2017-11-27,-0.015337423312883347,-0.0030674846625766694,0.15887488887668713,13160.0,138290.39588887928,1687,56142174,47550620,1408803,1310795,5952602,7004926,5340465,5992860,10763035,7790552,6619179,6898159,6660238,2938046,4456575,4898539,14941277,10716743
202,000672,2017-11-27,0.0011337868480725266,0.007936507936507908,0.20418435977496102,17880.0,82033.99678178414,1867,39773136,48526489,1798862,1767888,7242677,9251636,8964502,8741408,9923771,13180083,3908075,4840349,4140568,3045485,1748836,4544520,2045845,3155120
203,000673,2017-11-27,0.01152482269503552,0.006205673758865382,0.43708197158441375,11345.0,122109.55005713145,666,10527600,17240123,628899,501488,2445211,3188924,2030435,2152099,1928491,3341751,1947448,949488,684880,707935,0,457970,862236,5940468
204,000676,2017-11-27,-0.01373390557939913,-0.006866952789699621,0.4360290223451329,11510.0,45251.86614365855,714,9988468,6972375,644989,601155,3499559,2825963,1479047,1186423,2411996,988252,1183829,952110,305448,0,463600,418472,0,0
205,000677,2017-11-27,-0.022499999999999964,-0.01749999999999996,0.20640616011479246,6320.0,32496.914395753025,375,4031712,3006879,347581,395009,1368084,1206410,1211080,816267,1104967,275193,0,0,0,314000,0,0,0,0
206,000678,2017-11-27,-0.006501950585175664,0.0013003901170349774,0.41772767168193015,7660.0,24441.183987068147,338,2984319,2464512,355384,475422,1205445,1056645,989414,455775,434076,476670,0,0,0,0,0,0,0,0
207,000679,2017-11-27,-0.07187894073139967,-0.03530895334174011,0.24401624826944163,18124.0,143473.49848178827,1057,26748143,34239328,673783,995275,5595515,3992725,5225191,4193226,6606738,5371608,3554764,3365459,721356,1685463,0,872635,4370796,13762937
208,000680,2017-11-27,-0.004192872117400381,0.002096436058700357,0.17112164639025904,7185.0,61186.45385735082,777,9009837,9206325,929272,922648,2894055,2555982,2175771,1681810,1710621,1073865,936107,642358,364011,0,0,445075,0,1884587
209,000681,2017-11-27,0.010462555066079293,0.013215859030836885,0.5549086586010654,9300.0,61155.564748422265,1074,17298008,17910928,2416020,768615,3862429,2723276,3855286,7578449,3405880,2284782,1618573,2452560,1035308,708070,0,0,1104512,1395176
210,000682,2017-11-27,-0.03470715835141003,-0.008676789587852451,0.22398669494610482,5927.0,52006.25416901638,423,4877649,3770602,517690,433787,1593378,1654501,943238,299653,685937,337060,454906,513863,0,0,0,0,682500,531738
211,000683,2017-11-27,-0.0035087719298246833,-0.0035087719298246833,0.08968301486455554,7384.0,101933.04579320649,1014,18047956,12997762,761561,967016,3761447,3434719,3881775,1957642,2143527,1553598,1230953,1199686,2146951,0,0,929385,4121742,2955716
212,000685,2017-11-27,-0.010700389105058328,-0.009727626459143934,0.3114748191940561,7154.0,86876.31683855348,1089,24363379,14414790,379046,1252685,3625015,3252226,3232991,3335300,4183446,2447782,1214116,1814032,1959089,988015,2709864,0,7059812,1324750
213,000686,2017-11-27,0.0043290043290042934,0.0043290043290042934,0.2681944507858795,15674.0,102716.54698165176,1187,33161766,20919674,1257478,748887,6869184,4560195,4324859,2656116,4462627,3381815,4040994,2479618,3054941,7093043,2764717,0,6386966,0
214,000687,2017-11-27,0.021295474711623852,0.037267080745341685,0.26938614044060505,18840.0,71303.7248892573,1752,32800736,42838466,1235498,1061798,9254048,8389423,8048867,8031555,7636300,10241179,4860598,5996143,1765425,3674982,0,1377638,0,4065748
215,000690,2017-11-27,0.03041825095057038,0.02408111533586821,0.2026354551618275,16768.5,306850.42475394584,1518,56680884,73354572,1345741,1141997,7169192,6000602,6377768,5660705,8890703,7496078,5431831,4662785,2746828,3124964,3610802,4880686,21108019,40386755
216,000691,2017-11-27,0.013717421124828544,0.008230452674897082,0.2951419178626716,13311.0,86305.58587413079,610,12568729,9273561,533697,521775,2859488,2670212,1630182,2144527,2857359,1813171,927492,933831,1040989,0,0,441045,2719522,749000
217,000692,2017-11-27,0.005940594059405946,0.013861386138613874,0.23740952417236763,7560.0,35886.170440751615,452,4011516,5161678,338422,469846,1288455,1603133,977811,1646535,1188803,829780,218025,256032,0,356352,0,0,0,0
218,000697,2017-11-27,-0.01697072549851497,-0.0016970725498515193,0.663269649038316,14172.0,78818.76326990467,1263,28720587,18835014,1491263,1070446,6226303,5349809,4214138,5278309,5964447,3855886,4115792,2146120,1735051,367692,1432527,0,3541066,766752
219,000698,2017-11-27,0.0,0.0052631578947368585,0.2622035807069852,10839.5,55962.93338093047,472,5507031,6709227,349801,387453,2510609,1620197,1338665,964679,1307956,1713095,0,784389,0,666270,0,0,0,573144
220,000700,2017-11-27,-0.030201342281879096,-0.01845637583892623,0.15814197529124943,11760.0,82408.27114996342,1422,31806473,19253748,1235204,1227810,5954380,5811414,6839036,3975245,6003700,4243382,3663040,1528062,2740611,1031159,904814,477712,4465688,958964
221,000701,2017-11-27,-0.004730368968779652,0.0009460737937558861,0.3845409060605135,4244.0,27253.347931680288,755,6118544,4802376,729937,512964,2441862,1976671,1697223,785405,1249522,1315936,0,211400,0,0,0,0,0,0
222,000702,2017-11-27,-0.02614379084967322,-0.007843137254902044,0.3150624304927404,7610.0,23775.894327427377,589,5426984,3153333,1446940,528539,1789208,1713061,1558009,283319,632827,169480,0,458934,0,0,0,0,0,0
223,000703,2017-11-27,0.007237635705669598,0.01326899879372756,0.3377573310149763,31844.0,241896.2923669395,2418,122072779,104369171,1133770,1041268,14617083,9641970,12843341,15709280,23337127,13040665,8519483,8307104,14376763,8246395,7856076,6356213,39389136,42026276
224,000705,2017-11-27,-0.005747126436781436,0.0011494252873565092,0.3421722252804799,6069.0,24509.624181628118,646,4431919,3609969,631410,1330213,1731689,1422026,760151,469229,783616,388501,525053,0,0,0,0,0,0,0
225,000707,2017-11-27,-0.006525285481239762,-0.0032626427406198255,0.3619806053888605,6080.0,36877.915826651464,286,3069880,2630076,282342,227219,772006,910838,786020,910809,991327,244610,238185,0,0,336600,0,0,0,0
226,000708,2017-11-27,0.011073253833049357,0.01192504258943794,0.3891474299745101,13139.5,102666.51805029827,910,18957702,20866995,703734,679973,3681562,3598594,3555435,3704321,4739517,5472017,2956505,2146786,1661649,988990,855300,417690,804000,3858624
227,000709,2017-11-27,0.007500000000000062,0.004999999999999893,0.07958679233044902,20099.0,277872.3040349926,2541,92831736,115815081,1831279,1614194,12562752,11674303,9506981,11185808,11754117,10958048,7381752,13592099,2603864,4107853,6004850,7893210,41186141,54789566
228,000710,2017-11-27,0.003380091262463969,0.014872401554841819,1.3291976470467313,18279.0,100521.18344367434,1985,62674080,36980309,485141,868363,17661464,7274840,9219968,5551319,13753727,9176062,4715436,4494459,9152961,2018270,1338643,887996,6346740,6709000
229,000711,2017-11-27,0.0,-0.0007692307692307443,0.36083258374428845,14322.0,85322.95082734677,1301,27878244,23499597,1251279,918052,7695564,5188761,5452405,2528230,5372659,5555181,3288507,3364792,1105200,3747355,0,469936,3712630,1727290
230,000712,2017-11-27,-0.002388059701492473,0.0,0.4559654599702383,11753.0,100582.51342081891,1350,28718712,23173571,1202344,791829,5580190,4851411,3422452,3148654,6818119,4598759,2392156,3681740,2085261,2026690,450900,1862410,6767290,2212078
231,000713,2017-11-27,-0.00557880055788007,-0.002789400278939924,0.36129473600740997,7876.0,41376.567294466266,393,3932201,2600245,1366641,191504,870060,771205,651985,704810,134757,932726,271700,0,0,0,0,0,637058,0
232,000715,2017-11-27,-0.002178649237472685,-0.0032679738562090277,0.44588418406387764,1838.0,23614.587656559586,423,2545393,1418418,451400,221068,1059076,727589,419059,87400,332518,382361,283340,0,0,0,0,0,0,0
233,000716,2017-11-27,0.00365630712979903,0.005484460694698434,0.18566963677526682,7202.0,77518.89701064679,868,10883299,10374323,727417,1139786,2967585,3099280,2077308,1310738,1550933,2525104,0,2299415,389006,0,468350,0,2702700,0
234,000717,2017-11-27,-0.021621621621621512,-0.011891891891891881,0.1608352613268818,78862.0,917004.2305923358,3319,427511271,513291996,1031297,949577,12292072,11938881,18420462,18217411,31758076,33723855,35973195,36990111,28128678,27908774,23090133,18109997,276817358,365453390
235,000718,2017-11-27,0.0020618556701033075,-0.00412371134020606,0.13868548434225106,3856.0,39392.85890746974,1226,10140638,11875115,2221691,576944,2783111,2050572,1355232,5817986,1677045,1331553,1305121,1731942,343413,366118,455025,0,0,0
236,000719,2017-11-27,-0.012499999999999956,-0.007291666666666696,0.421525016953221,5742.0,33269.75111099614,518,6426432,1651532,926436,296889,2606067,932650,943345,421993,976457,0,496627,0,0,0,477500,0,0,0
237,000720,2017-11-27,0.019559902200489088,0.022004889975550057,0.18449697486716324,8200.0,42209.19300483185,491,5382300,5164750,515979,546051,1902733,1977912,1011363,665445,652924,1155507,891301,473741,0,346094,408000,0,0,0
238,000721,2017-11-27,-0.01358234295415961,-0.006791171477079749,0.27092354096599786,5865.0,53786.78905770103,472,5423926,5109238,372809,591767,1481512,1492223,1024333,1130296,1397712,233016,285940,727536,338140,350400,0,0,523480,584000
239,000722,2017-11-27,-0.0010309278350515427,0.004123711340206171,0.5141972201346556,6839.0,46973.72369127695,355,3570449,2906100,393896,533323,1044865,1507136,785820,115729,107892,264412,675956,0,0,0,0,485500,562020,0
240,000723,2017-11-27,-0.0013315579227696217,0.0026631158455392434,0.19407720137938883,7540.0,52785.95115097067,1499,12278705,14750185,1036618,3757702,3204427,4416877,2707564,2042439,905445,2002195,1041980,897637,1060949,372444,0,423376,2321722,837515
241,000725,2017-11-27,-0.05945945945945952,-0.04504504504504503,0.09270744338834669,995626.0,9075790.338385653,3602,5525486173,5074043968,0,11287,134964,46268,361678,1034049,15710303,15418170,33058100,34710387,41596758,54811304,66248338,55691786,5368376032,4912320717
242,000726,2017-11-27,-0.014814814814814836,-0.005555555555555647,0.2243495423009982,3427.0,45188.094551483395,2318,20288092,9704587,5063978,804964,5831354,2849191,2670740,971530,2838015,1750644,1235742,905475,346445,392928,409512,411550,1892306,1618305
243,000727,2017-11-27,0.012096774193548265,0.012096774193548265,0.06579845437673038,4250.0,87787.36383433924,1430,11269434,24707242,846606,1619285,2633686,4356339,2283753,3244245,1887100,2980438,760250,1606140,340881,1811416,0,1451642,2517158,7637737
244,000728,2017-11-27,0.004922067268252617,0.004922067268252617,0.2860038293314873,20604.0,100099.86872231611,1817,48651808,50129343,1574192,1122136,10739158,7478076,7635749,6317078,9898465,9885346,4709086,8046377,4425092,5125295,3639191,4923805,6030875,7231230
245,000729,2017-11-27,0.0016891891891892552,0.0033783783783785104,0.12241927520233983,3738.5,67414.7336384217,2352,17503244,22092638,2460031,3128837,3244918,6190187,3416124,2350050,2286925,3108230,724497,296500,1734281,986095,883264,438372,2753204,5594367
246,000731,2017-11-27,0.024657534246575352,0.008219178082191858,0.2716263036363137,5519.0,90189.57845297271,722,10684884,10181624,673127,501855,1872538,2009021,1747059,1825425,2210352,1572069,452040,1669088,0,1304548,0,0,3729768,1299618
247,000732,2017-11-27,0.005501222493887514,-0.003056234718826434,0.5859168954441716,11424.0,47187.24307106806,779,9936637,7565252,973891,703118,3758695,3138698,2190853,1503749,1860082,734675,754597,225906,398519,0,0,422088,0,837018
248,000733,2017-11-27,-0.010431154381084884,-0.006954102920723293,0.4803737529490152,12847.5,57927.000433514324,896,15244504,9247717,745314,918619,4694094,2911777,3431571,2162996,3414479,952014,572230,1199791,0,657050,851106,445470,1535710,0
249,000735,2017-11-27,0.02092050209205021,0.02092050209205021,0.16186183220327213,20580.0,164544.9372199231,1965,54582017,80036855,1353528,1668965,7362979,9381976,6801491,9212874,11910086,15479712,11104410,9419349,4788213,8071867,923298,5153420,10338012,21648692
250,000736,2017-11-27,-0.008275862068965467,-0.011034482758620734,0.7913482965998736,8574.0,33838.35486801221,335,3179217,2845156,322058,360949,1242137,1437633,823084,208304,546458,279940,245480,214650,0,343680,0,0,0,0
251,000737,2017-11-27,-0.0019920318725099584,0.01195219123505975,0.19496790283759763,8449.0,44610.200039999414,663,7643734,7347297,435206,646968,2037746,2392855,1879481,2291276,1410172,943590,1527629,235712,353500,328000,0,0,0,508896
252,000738,2017-11-27,-0.003043213633597164,0.0073037127206330155,0.4643396217997318,8167.0,52505.28831474939,1252,16165788,14512571,1309937,1291184,4419338,4169728,3259134,2101257,3551400,3811876,2310732,754536,666970,1302857,0,495405,648277,585728
253,000739,2017-11-27,0.0015037593984961184,-0.010526315789473717,0.245432424588797,19860.0,34493.0210656939,734,11321191,5891633,505026,655796,7333896,2121290,1171976,1560410,1689083,864817,213465,281960,0,0,407745,407360,0,0
254,000750,2017-11-27,0.003831417624521105,0.005747126436781658,0.15628814529542717,10460.0,90229.71340837245,1117,23214734,21525462,1182377,641038,6152785,2649149,3247312,2247583,3640095,1630192,2095021,1676825,1617261,2460252,2235759,9687983,3044124,532440
255,000751,2017-11-27,0.0,0.0040567951318459805,0.11844563992779301,10227.0,75379.4395982735,1736,31633643,30931886,1564279,1647157,7113065,7245863,5216720,4488170,5296231,7549442,4915476,3044611,2771704,2194995,1403561,2753232,3352607,2008416
256,000752,2017-11-27,-0.011485451761102605,-0.004594180704441064,0.709568166033765,11637.0,47563.47809523561,338,5386942,3222099,298678,280293,1814018,965962,916366,695215,1186229,964972,833656,0,337995,315657,0,0,0,0
257,000753,2017-11-27,-0.002590673575129432,0.005181347150259086,0.19381590660336534,3890.0,28032.18166946351,396,3254392,2748380,281961,424598,1368447,1067240,415067,800475,1188917,456067,0,0,0,0,0,0,0,0
258,000756,2017-11-27,0.0028901734104047616,0.005780346820809301,0.3983174436132366,11096.0,93925.87151906732,1208,21353457,20786925,1185451,788491,6654654,4188264,4456595,2160945,2921485,3440303,1567418,1926476,670360,1051155,864125,841362,3033369,6389929
259,000758,2017-11-27,-0.018154311649016708,-0.010590015128593033,0.16545056837782302,11880.0,119249.20227028464,1599,37493721,34080203,960609,2089696,5018090,6396327,5570984,7003936,6250923,6412770,4970645,3986775,3784353,3589720,1829788,0,9108329,4600979
260,000759,2017-11-27,-0.030057803468208077,-0.023121387283237094,0.29690352923447116,6768.0,52423.90141785275,849,9073287,8287722,686187,1351485,3493593,2056784,1675370,849273,1712383,1440754,481616,762276,0,979150,0,0,1024138,848000
261,000760,2017-11-27,-0.01571428571428579,-0.010000000000000009,0.2417434177870354,7733.0,45234.20085638599,839,11843671,5854882,887623,652179,3713643,2912306,3022384,1087995,1259556,944471,780833,257931,1062688,0,420000,0,696944,0
262,000761,2017-11-27,-0.007259528130671544,-0.007259528130671544,0.12660542267891736,11100.0,152597.44268935153,1899,50128265,52678647,1695311,1326484,7699973,5923024,6495657,5225196,8490221,7430059,6331739,5463349,3175046,3950462,6642752,4428099,9597566,18931974
263,000762,2017-11-27,-0.03435582822085892,-0.025766871165644134,0.3055858993256008,40212.0,296063.17602334777,2852,188261855,155391203,1337601,1463223,11750502,13149646,15523462,13685660,23034026,26526268,22975882,17835731,20621012,16258771,13121088,14433831,79898282,52038073
264,000767,2017-11-27,0.0033444816053511683,0.0,0.150009074926352,5681.0,55182.5352854624,397,4711366,3785904,401813,420804,1108809,1030434,855635,736300,644567,150192,491556,609300,674076,0,0,838874,534910,0
265,000768,2017-11-27,-0.003510825043885224,0.0052662375658278915,0.3897980827304772,20880.0,150591.79396719325,1923,71378483,61772492,1601741,1158722,9347994,7916412,11313047,7195942,13019910,10767522,9741341,7522864,6215737,7367661,5422420,5559606,14716293,14283763
266,000776,2017-11-27,0.0016713091922007095,0.0005571030640669772,0.3414504436882944,48222.0,401159.1973352139,2765,230229291,212875319,1946367,816413,10822420,9766395,17753185,15619854,24605850,33040193,15375059,12918468,16188615,11047674,11179122,7773482,132358673,121892840
267,000777,2017-11-27,-0.01595405232929159,-0.00574345883854499,0.6001670825658352,9372.0,49655.53809789186,681,10951180,5851255,717128,858430,3036052,2560584,1882559,1162805,2353614,1269436,1431796,0,340326,0,452980,0,736725,0
268,000778,2017-11-27,0.01284403669724754,0.022018348623853212,0.11223085097602531,16770.0,167709.57661731195,2365,46470908,97372643,1399904,1662813,9466955,10310264,9148579,13009928,11257720,13691439,3693965,8640444,3362809,7120004,3117797,3631563,5023179,39306188
269,000779,2017-11-27,-0.03564608529598989,-0.020369191597708447,0.534292122629984,9366.0,61999.07117947474,865,13512237,6612276,1301735,410658,4431396,2589355,2496217,1203679,2515548,508009,1229741,0,0,630975,459600,0,1078000,1269600
270,000780,2017-11-27,0.012793176972281328,0.01705756929637503,0.16499902666340965,3087.5,99936.48464622216,808,4537021,12336356,450963,1062211,1596189,2821139,559166,1875672,726754,1112268,1203949,921052,0,377454,0,434240,0,3732320
271,000782,2017-11-27,-0.0023255813953487747,-0.0034883720930232176,0.46663184144472164,8610.0,101298.01160124625,339,6946529,3015605,215188,479240,1762137,1578407,396278,283209,836753,674749,0,0,350172,0,428000,0,2958001,0
272,000783,2017-11-27,0.009060022650056565,0.007927519818799578,0.20376857312720245,10608.0,117137.50453345486,1880,31560721,43520405,1538745,3702864,7344127,7822196,3958710,2752091,5419889,3715210,2285591,3483675,3314838,1005403,3105790,2576557,4593031,18462409
273,000785,2017-11-27,0.021428571428571352,0.003061224489795844,0.7110385726104267,14640.0,41375.97687485093,189,3607372,2180651,189689,171179,842711,816604,1089322,890666,1285570,302202,200080,0,0,0,0,0,0,0
274,000786,2017-11-27,-0.011504424778761124,-0.005752212389380618,0.40812241710372515,50138.0,331649.2409919541,3074,223139007,243098125,1281914,1364172,10469023,14093371,15426813,19206733,25992210,28601995,18093604,28041554,20226129,17136805,15098034,14770245,116551280,119883250
275,000788,2017-11-27,-0.014447884416924572,-0.021671826625386914,0.3400538246433077,12506.0,61169.31013214575,812,16150136,8453408,815775,750364,4251809,3131395,3320984,2294540,3000457,1407736,1252481,438141,1021010,0,480000,431232,2007620,0
276,000789,2017-11-27,-0.02564102564102566,-0.018737672583826526,0.20596989040377775,30334.0,167005.12783878468,2433,122482064,94517556,1250960,1144687,12414909,9104925,12844857,9709697,24156444,18113019,17583873,12641518,9589569,10440312,8894524,5818205,35746928,27545193
277,000791,2017-11-27,-0.03874999999999995,-0.03125,0.17427449645854767,15760.0,139926.9972372571,2111,57857081,50557602,1425617,2051247,8608768,11600153,7498159,7425645,9498368,10786731,6150918,3976711,6456028,4767019,2205758,1400504,16013465,8549592
278,000792,2017-11-27,-0.02583798882681576,-0.0188547486033519,0.24644594560314206,105225.0,1160830.0476470836,3383,566852471,662735921,770900,882776,9301529,11242636,17474556,21129337,32971756,40925105,32784515,32765137,25154021,31417998,27578786,28085908,420816408,496287024
279,000793,2017-11-27,-0.032287822878228734,-0.03321033210332103,0.22808843925533473,43542.0,267047.7655059725,2261,125697626,135215320,1456095,628043,8889588,10224834,14379034,9603352,20139863,33111183,10136819,13757392,9227488,13617904,6984432,8886366,54484307,45386246
280,000795,2017-11-27,-0.011475409836065431,-0.0016393442622950616,0.16262748281742828,11061.0,63616.07381509016,1408,25600881,17008863,1322919,1227721,5779928,5696906,4153701,4562974,6538137,2647923,1923232,997012,1756521,1024115,1335556,852212,2790887,0
281,000796,2017-11-27,-0.02661290322580645,-0.0024193548387098085,0.43636791995007296,12370.0,49173.85320942618,807,12393154,11170147,662327,784103,3553188,3338565,2604471,3003393,2274900,2706507,1498042,915080,1329026,0,471200,422499,0,0
282,000797,2017-11-27,-0.014866979655712043,-0.009389671361502261,0.43729330835635977,19102.5,96900.18832875628,854,25335965,15800329,470453,562303,5212575,3461782,4190407,2386667,3985148,5128920,4239998,1571070,2669898,358422,894401,483225,3673085,1847940
283,000798,2017-11-27,0.004813477737665384,0.004813477737665384,0.5096213771263994,5831.0,31763.00060104255,265,2521793,1316993,261833,275244,773870,842840,545895,198909,569569,0,0,0,370626,0,0,0,0,0
284,000799,2017-11-27,-0.024257784214337552,-0.01701665459811741,0.525885735450352,27605.0,113696.20943325212,2760,96388646,79408902,2163320,1126681,14073667,12750949,16519023,14034828,22926684,19925490,15599411,11970331,7763926,8481686,4446143,2566203,12896472,8552734
285,000800,2017-11-27,-0.011538461538461608,-0.01057692307692315,0.2741423106899347,16672.0,162179.78160178987,1440,41071336,46324076,730876,1096110,5415471,5947162,5821353,6863075,7837808,7926531,7604808,5423307,2762607,4455278,1845966,1793339,9052447,12819274
286,000801,2017-11-27,-0.015267175572518998,-0.007633587786259555,0.2377294124539628,11024.5,39411.17603343446,760,11920995,5508062,641317,648703,4821970,2121804,2782386,1417085,1981451,1320470,294095,0,1399776,0,0,0,0,0
287,000802,2017-11-27,0.007656967840734996,0.013782542113323082,0.39879023696231336,13310.0,65932.75943918411,1072,13924780,19546735,762966,973837,4878219,6145370,3940024,4538744,2568951,2157506,1018238,1684521,322102,329925,434280,893235,0,2823597
288,000803,2017-11-27,0.011829652996845352,0.0019716088328076697,1.850806919572879,12775.0,35177.47223924239,187,2827953,1900620,109653,148138,793348,837866,997331,480939,927621,231990,0,201687,0,0,0,0,0,0
289,000807,2017-11-27,0.006659267480577213,0.005549389567147678,0.15743742351987564,92300.0,601719.4200840977,3284,411054088,448893710,689043,1116696,9935624,12193917,16829456,17636804,33272705,44096731,38048046,34551801,30888444,29688793,25673840,29884977,255716930,279723991
290,000809,2017-11-27,0.019230769230769162,0.0219780219780219,0.1783345401487305,12243.0,86631.97555431708,416,6688526,10287025,175826,427581,1594255,2075530,1230803,1614646,1749779,2210187,527891,1010638,316350,1385477,0,0,1093622,1562966
291,000810,2017-11-27,-0.025109170305676942,-0.018558951965065518,0.3287835874939771,7184.0,34205.86112394564,776,7184878,4573466,1555056,761442,3019955,1449078,1235268,1172700,948279,498646,426320,0,0,0,0,0,0,691600
292,000811,2017-11-27,0.01344743276283622,0.012224938875305513,0.2980003141527257,14597.0,101051.21341028466,753,13005210,16954928,849480,643165,3958695,2978933,2484520,2745021,3154519,2649393,468449,980379,325600,1659682,429018,1369444,1334929,3928911
293,000812,2017-11-27,-0.0012690355329948444,-0.015228426395939132,0.36290333581386236,13932.0,76766.92296733278,471,9534848,7815653,315412,557336,1693558,1546738,3070704,1902140,1761147,1529339,270824,742588,308450,1068912,0,468600,2114753,0
294,000813,2017-11-27,0.04729729729729737,0.056306306306306286,0.19379765408628127,19866.0,103245.40749336651,2105,45837637,60804275,1442274,1698574,8686677,11007600,9343215,11104102,11911403,14078112,4827865,7209640,3081875,4479981,3021745,4153868,3522583,7072398
295,000815,2017-11-27,-0.037735849056603765,-0.037735849056603765,0.6395438558714232,13507.5,67730.31007692424,748,16991364,8238242,647204,667415,3582174,3050937,2454724,1525645,3762804,1668085,2211977,1009960,2059952,316200,418930,0,1853599,0
296,000816,2017-11-27,-0.0051948051948051965,0.0,0.09313017614246126,10808.0,59667.240215454025,1716,21605282,27104101,1230693,1934226,6937617,8744410,3875828,4992266,4479796,5475426,1375473,2748119,1786184,1061421,426916,0,1492775,2148233
297,000818,2017-11-27,-0.03302286198137172,-0.008467400508043954,0.3837175758535878,17670.0,80058.17940613691,947,25954276,17749532,780463,508849,5530176,3851533,4910683,3620736,6454077,3847936,2962901,3055680,1796991,624553,468000,917557,3050985,1322688
298,000819,2017-11-27,-0.0023346303501945442,0.0,0.5732245597066297,11946.5,32035.63651832675,502,5997854,4923116,444094,424979,2182902,1832634,2060411,1647000,1310447,696599,0,0,0,321904,0,0,0,0
299,000822,2017-11-27,-0.0029850746268658135,0.003980099502487455,0.22421466606240792,19446.5,133546.8288342416,2012,63969914,56132572,1047368,1769353,9467306,9694462,8188665,7295235,9347667,9239977,8398406,9158513,5069586,6570090,5379656,2607988,17071260,9796954
300,000823,2017-11-27,-0.030456852791878153,-0.02093908629441621,0.3902882094355299,30680.0,217209.00082038017,1632,86588777,74919264,1098400,854306,8431232,6216147,7259153,7408817,11110144,14611058,7016576,6760880,7783331,8870428,6754815,3648357,37135126,26549271
301,000825,2017-11-27,0.0,0.0020000000000000018,0.10501798273851182,15655.0,222843.34948425362,2275,75749316,92327099,1277762,1556931,7598683,10369651,10951152,9649291,8464545,11875830,8360020,8004774,4197942,7397839,2998559,3975189,31900653,39497594
302,000826,2017-11-27,0.012075905692926936,0.01322599194939622,0.7918751547466316,28376.0,180177.61934919827,1929,75751603,95512402,1113031,775592,11714921,8112157,9238842,8738779,12308342,13218123,7192111,9761104,9724955,14118175,3027747,9885754,21431654,30902718
303,000828,2017-11-27,-0.001779359430604921,-0.002669039145907437,0.3660857663770936,1125.0,35375.892908892776,942,6965409,3211145,1126302,181091,2367803,1339980,1125271,610288,1439865,360272,224600,0,681568,0,0,0,0,719514
304,000829,2017-11-27,0.002195389681668658,0.008781558726673966,0.3059674890339629,8307.0,46601.55955524872,887,7235789,8429690,1053347,844442,3338066,2774031,1356532,868668,807044,1127452,0,1665377,0,0,0,425040,680800,724680
305,000830,2017-11-27,0.01969365426695835,0.015317286652078765,0.24141047672075758,55350.0,369537.18670730194,3233,302846067,278286128,989652,912485,15288595,13847756,17866319,18637727,30058487,33982425,26662358,22372199,20455238,22877902,16360107,18101670,175165311,147553964
306,000831,2017-11-27,-0.017857142857142905,-0.005681818181818232,0.27101350245253786,23256.0,155337.050323926,2069,63723634,67079656,1329814,1595855,9938773,10418881,10351108,9079472,11814787,14012598,5900923,8050193,4948162,6510380,2263874,3481921,17176193,13930356
307,000833,2017-11-27,-0.002949852507374673,-0.001474926253687392,0.2554341125708607,4781.0,45076.38114041698,704,5015891,6996939,318332,1326057,1804145,1873670,1316816,905266,740910,774502,498188,290275,337500,350880,0,932289,0,544000
308,000835,2017-11-27,0.0024390243902441266,-0.009756097560975618,0.38838077229680457,8150.0,35324.45290661517,445,5254455,3598254,459367,483050,2239066,1043921,1549529,836132,394324,992151,251719,243000,360450,0,0,0,0,0
309,000836,2017-11-27,-0.02264150943396226,-0.03396226415094339,0.11585008757454109,20576.0,395687.08127692534,2120,136143015,89433882,1465283,1430848,8456135,8192425,8390555,8703987,12533701,10570265,8588399,10722076,8452121,3225506,3182050,4034347,85074771,42554428
310,000837,2017-11-27,-0.016155088852988775,-0.008077544426494443,0.24809431133360302,7962.5,60845.38744136744,622,8307949,6599275,511180,762942,1986774,3039077,2067052,1303601,1404060,981323,244800,512332,386123,0,0,0,1707960,0
311,000838,2017-11-27,-0.013677811550151908,0.001519756838905817,0.13860507161994506,17523.0,74865.46409684145,2259,52980702,45885345,2155553,1560609,10596678,9762823,11158787,11358825,13474542,11048279,6788348,4370620,3097789,2764833,1844713,2286958,3864292,2732398
312,000839,2017-11-27,-0.02036857419980609,-0.007759456838021372,0.1811137134407066,73698.0,406000.7927306644,3247,373928859,279527046,808745,946104,10478249,11847963,18585927,19030929,34875376,38933373,29037200,33315051,31344771,26034279,16281680,14448962,232516911,134970385
313,000848,2017-11-27,0.005347593582887722,0.005347593582887722,0.3232603536534191,5652.0,41186.43635496179,836,8486390,7746650,1126342,992010,2815063,2776991,1716712,1850359,1112802,1068029,1145831,282600,0,349482,0,427179,569640,0
314,000850,2017-11-27,0.03010752688172036,0.006451612903225712,0.25223011892349556,7456.0,53981.016688299795,339,3374504,4426365,254466,408280,1125745,1760382,895590,917911,374198,427005,233000,215287,0,0,491505,0,0,697500
315,000851,2017-11-27,-0.04623115577889436,-0.04723618090452253,0.2365087524687911,18135.5,171762.46606037518,1772,56517172,47508286,1399996,1686570,8253772,6359983,8019494,7234494,14111477,9636847,6348106,4501980,4573124,3453910,2567119,828894,11244084,13805608
316,000852,2017-11-27,0.004139072847682224,0.009105960264900625,0.2511549653871632,23690.0,78096.05221937412,2316,54331413,58751079,1507891,1536191,11575271,12653449,12649435,11557604,14678307,14918265,6528319,7544747,3208808,4506120,839626,2138156,3343756,3896547
317,000856,2017-11-27,0.047084002140181935,0.06313536650615292,0.33607691434609277,47568.0,281564.0711399197,3099,146254472,217116986,1182322,1457821,12485217,15742378,18533245,21670977,27474655,34148862,17190894,20933072,14380233,20391101,9347567,15723139,45660339,87049636
318,000858,2017-11-27,-0.0026560424966798335,-0.006787664158181994,1.143989648773646,196083.0,668794.2231745957,3512,689626622,667399219,292917,202534,7933108,6239656,15387790,15114978,45158271,47443683,50072364,43167867,50313279,40270840,49954667,44670759,470514226,470288902
319,000859,2017-11-27,-0.006944444444444531,-0.0023148148148149916,0.21609164118369695,8620.0,56029.567067918324,399,5467463,3612242,402984,425198,1635807,1424383,647501,692315,1235629,853846,215000,216500,0,0,0,0,1330542,0
320,000860,2017-11-27,-0.01731160896130346,-0.010183299389001976,0.5134484527555236,11658.0,69160.00407946912,1463,28498196,21192480,2373983,1507671,4783824,7173123,4713607,4600387,6886093,3726456,4270061,999995,1099268,683694,2669022,1377476,1702338,1123678
321,000861,2017-11-27,-0.006079027355623157,0.003039513677811412,0.1304702095726741,6795.5,83204.70083116507,640,7279166,9414410,557993,741787,2184542,1991473,1352780,1654618,1931581,1608769,246750,582818,1005520,317634,0,0,0,2517311
322,000862,2017-11-27,-0.017751479289940808,-0.009861932938856177,0.2568557029453044,5040.0,26264.880407477693,389,3548590,2727022,265846,416299,1457784,1208207,824926,526614,1000034,575902,0,0,0,0,0,0,0,0
323,000863,2017-11-27,-0.02876480541455162,-0.016920473773265776,0.2766635230147135,6424.0,55715.1067469578,456,6940283,4033489,376837,412644,2018784,1263221,855349,828285,1580212,492617,686588,1036722,377000,0,400715,0,644798,0
324,000868,2017-11-27,-0.012345679012345623,0.004115226337448652,0.15000502848736036,24585.0,125365.00274061284,2368,74385767,79714003,1791791,1341887,10231367,9457725,11881696,15233939,16181048,19021897,13338842,8975116,7721561,5452229,5291114,4428818,7948348,15802392
325,000869,2017-11-27,-0.00460299194476399,0.003739930955120929,1.0389485829835399,10392.0,58099.56703638579,1119,12926658,17552637,664716,1567077,3332483,5106159,2408550,3519140,3424153,2311752,1656444,1643242,0,2120118,916812,434999,523500,850150
326,000875,2017-11-27,-0.01488833746898266,-0.00992555831265507,0.13828347045360137,4030.0,44594.96851460269,850,8566897,7139194,507247,1038861,2146431,2752207,2197363,851551,1334704,1616199,1049788,482376,708054,398000,0,0,623310,0
327,000876,2017-11-27,0.0025412960609909607,0.0012706480304955914,0.15333388722175992,17610.0,223986.8182052248,2639,97283367,78412419,3394802,1101064,13955802,8366199,13478447,9901670,13622850,11814110,11119169,12391723,7808601,6681288,7162674,10333604,26741022,17822761
328,000877,2017-11-27,0.0435643564356436,0.05346534653465351,0.17913812031459048,35973.5,152533.72996004546,3184,118563355,154668320,1188725,1297815,15008080,16421756,18346591,20844666,28186261,32227646,16841374,18777677,10648563,16130195,8915367,10283152,19428394,38685413
329,000878,2017-11-27,-0.018764659890539326,-0.010946051602814588,0.26126044890366756,25460.0,177714.52220127307,2399,110856396,95840348,837516,1557435,10109553,13435595,8689835,11783890,14715453,15989677,14375220,11209755,11824974,8156563,7182338,6121351,43121507,27586082
330,000880,2017-11-27,-0.01732925586136591,-0.007135575942915473,0.4795568229701979,8347.0,33371.72300074202,418,3600343,3030405,615001,478183,2061817,1151083,806885,217527,116640,400212,0,294900,0,0,0,488500,0,0
331,000881,2017-11-27,0.0007674597083653367,0.009209516500383819,0.45020624774544854,13200.0,43387.562064996484,837,11067419,11433679,790186,732955,4627199,3412759,4318201,2365143,1331833,2035444,0,1268148,0,690405,0,412075,0,516750
332,000882,2017-11-27,0.0,0.0066225165562914245,0.13399089076171414,5738.0,47738.60495305598,508,5967782,3997106,420743,559606,1790347,1190756,1049848,650155,1632824,700021,0,0,633100,336261,440920,0,0,560307
333,000883,2017-11-27,-0.010638297872340385,-0.00638297872340432,0.13716565725963759,1416.0,100159.21017849729,1176,21387664,8346246,753699,1117500,1967146,1956491,1206664,1379596,1755310,1500783,2266251,1260274,2476202,690754,1864665,440848,9097727,0
334,000885,2017-11-27,0.02249488752556239,0.03340149965916828,0.32532400299158465,20846.0,109182.5176833879,2035,43013421,65016072,1494871,1506335,9317060,10574583,8903051,11131675,10572256,12724432,5874668,8129449,2119781,3745246,1789835,3407733,2941899,13796619
335,000886,2017-11-27,0.0060422960725075026,0.013595166163141936,0.1972173105204257,13420.0,140236.89115619622,1128,32037918,32781117,926744,938203,4678928,4091540,3406291,3736175,6195394,5240524,3320077,5503807,2368182,4827487,2091440,2611500,9050862,5831881
336,000887,2017-11-27,-0.001105583195135429,-0.0033167495854061757,0.5537249103567743,18220.0,162805.29619813286,1067,33630337,29393956,594016,1013476,5524551,5206796,6325093,4453853,4152189,3967457,1867565,2175326,2800356,3903119,1828864,0,10537703,8673929
337,000888,2017-11-27,0.00424628450106157,0.00424628450106157,0.23519488322868132,5676.0,66184.50030057937,1608,17774569,15213785,4152108,740588,5511278,5896771,1511257,2806887,2455367,1925118,1463073,286900,762192,0,0,0,1919294,3557521
338,000889,2017-11-27,0.04754481683554168,0.028059236165237644,0.46985970201963273,18960.0,211990.8243674878,747,37962533,20267758,537493,470529,2892528,3197720,3177227,2151418,3734585,4261445,4354318,2523490,7000439,711291,2659638,854100,13606305,6097765
339,000890,2017-11-27,0.030864197530864113,0.05401234567901225,0.23893362450372094,10400.0,94805.02704357899,739,12719871,14435241,537070,729462,3010413,2813794,2224061,2446136,2376968,3215538,204034,688739,0,2382302,931858,0,3435467,2159270
340,000892,2017-11-27,-0.0014184397163120588,-0.0028368794326240065,0.3835499125868914,7721.0,31155.638699881023,337,2808687,2870594,422251,289100,1374690,1317543,505358,498570,506388,187701,0,577680,0,0,0,0,0,0
341,000893,2017-11-27,0.0,-0.006720430107526987,0.3288925466656145,5944.0,25042.918166777123,511,5041359,2499726,528732,478337,2244264,1204200,1202670,550929,847839,266260,217854,0,0,0,0,0,0,0
342,000895,2017-11-27,-0.02443539429840802,-0.023324694557571357,0.5135174804077979,31308.0,219775.0391832129,2771,163041909,96339226,1968345,778031,17998044,7534564,22144108,10636631,19579912,18417859,13297345,6591538,9172978,7706600,9428215,7912185,69452962,36761818
343,000897,2017-11-27,0.0027173913043476716,0.005434782608695565,0.12143937280198973,4987.5,47661.35357974343,920,9029945,8784679,752936,965324,3017313,2719934,919960,2130838,749500,2456993,1005926,511590,1015662,0,446490,0,1122158,0
344,000898,2017-11-27,-0.010463378176382654,-0.005979073243647215,0.13989207864693975,26052.0,342327.08736448997,2291,146327958,134357261,1270544,1681654,8717388,8665240,10325972,10032911,16323002,13782199,12885950,11326244,13786047,11962947,10257724,5805299,72761331,71100767
345,000899,2017-11-27,0.005059021922428464,0.00337268128161905,0.3692781215523679,4752.0,40896.44390376474,257,3120447,2188640,201406,247586,795394,583619,628432,529914,999237,827521,495978,0,0,0,0,0,0,0
346,000901,2017-11-27,0.03041074249605047,0.04976303317535535,0.53835198736745,29172.0,154308.2866710856,2215,84928703,95839427,1335291,827569,11340784,9693016,12093037,10506625,16967142,18037785,9576412,13281123,5846352,9893932,11375648,4344090,16394037,29255287
347,000902,2017-11-27,0.01783840503672618,0.022035676810073568,0.2510455705808927,4895.0,81537.58302713557,1443,12232761,20321351,879175,3834053,2827707,3527297,1461946,1110942,1285470,2058095,1009101,1373058,318734,343540,446472,3920250,4004156,4154116
348,000905,2017-11-27,0.005136986301369939,0.011130136986301498,0.3789015745722052,11750.0,66012.5103209648,950,14681770,12393321,711877,928929,3985598,4174075,2640482,3491567,2800887,1808891,1379148,1195703,308088,309946,937298,484210,1918392,0
349,000906,2017-11-27,-0.015700483091787287,-0.018115942028985366,0.27364741166059803,9780.0,51031.92299199007,916,13073190,8737749,1331678,826920,4234429,3456239,2105466,1511252,2165165,1856181,513295,235410,342774,333321,1250290,0,1130093,518426
350,000908,2017-11-27,-0.0016611295681062677,0.004983388704318914,0.32849198089201304,6050.0,33751.60680187863,335,2656084,3189655,395712,393693,902064,1132580,405331,927696,691617,435186,261360,0,0,300500,0,0,0,0
351,000909,2017-11-27,-0.028936170212765955,-0.021276595744680882,0.4496029954629267,11540.0,64546.74378074025,683,11493711,7039045,622754,528322,3360186,2879388,2377573,1245143,2110176,1281647,773950,283220,666130,0,0,0,1582942,821325
352,000910,2017-11-27,-0.027264325323475003,-0.025415896487985257,0.4751697696459774,15105.0,72389.47931635966,2084,45449226,22315225,538763,879196,19899508,7680531,6640247,4694289,4905730,4264227,3394710,920755,1653664,990908,1838288,831603,6578316,2053716
353,000911,2017-11-27,-0.009771986970684265,-0.006514657980456029,0.34525097749600253,5496.0,32496.57411281941,711,6073620,6529327,477622,1155478,2018980,2233812,1741613,1744032,1286279,1396005,549126,0,0,0,0,0,0,0
354,000912,2017-11-27,0.007246376811594235,0.014492753623188248,0.20269288514514744,9828.0,37870.63561927701,1161,11418337,15049188,1204328,1070787,4358786,5593288,2290583,3717989,2852340,2683502,712300,915535,0,639165,0,428922,0,0
355,000913,2017-11-27,-0.03231939163498099,-0.025665399239543696,0.6427990735969068,20560.0,100944.321748003,1072,30122613,18877072,534335,680594,5311432,6328825,5191705,3392844,4845450,5043759,4091018,1293842,1718495,627640,2209324,0,6220854,1509568
356,000915,2017-11-27,-0.0016286644951140072,0.0,0.783171736845937,12336.0,86991.02804900234,1537,22255835,32103065,861630,2544852,4831175,9202316,3463227,4510378,3966408,5466750,3336829,2500750,2110236,1628974,483480,913350,3202850,5335695
357,000917,2017-11-27,-0.016443987667009274,0.0,0.2285633216239455,12662.0,105200.03008834628,1813,39517632,39745703,3040600,1384174,8312272,7250400,5841468,6836332,7709736,8617349,3626989,6182380,3636514,3388891,1761848,1700099,5588205,4386078
358,000918,2017-11-27,0.0014265335235377208,0.0,0.2617124282729413,9100.0,65795.80246510338,717,13375638,11217847,702473,588802,3114316,2047617,2759068,1490806,3150852,2460616,1629968,2357726,618940,1699920,888387,0,511634,572360
359,000919,2017-11-27,-0.006711409395973034,0.0011185682326622093,0.4539112731767801,13470.0,49403.585720849034,387,6152230,4745686,380903,424823,1949777,2114358,2171187,687555,701205,886464,269082,632486,0,0,0,0,680076,0
360,000920,2017-11-27,-0.0009727626459143934,0.0038910505836575737,0.4773481761237682,10350.0,46269.10230723541,463,7548747,5842060,400116,332230,1946260,1834376,1297363,1615933,2609012,1695201,975456,0,320540,364320,0,0,0,0
361,000921,2017-11-27,-0.01074498567335247,-0.005730659025787954,0.33704235861181436,13900.0,87650.94937375195,1717,37291728,28456515,1861575,1295862,8412182,6712265,6956363,7818297,7286616,4014349,3553495,1618265,1941620,1655541,1723822,3094417,5556055,2247519
362,000922,2017-11-27,0.014285714285714235,0.018181818181818077,0.27833504240512624,15660.0,52379.847877409244,765,12239379,12440060,822360,630571,3467379,3950730,3447424,3040619,1907621,2930926,956200,1487980,1099100,399234,0,0,539295,0
363,000923,2017-11-27,0.09336384439359269,0.09336384439359269,0.5180170383220258,25503.5,251110.55019675344,1782,77027114,59767038,1297827,766020,10134030,8143940,7805196,9451139,11291735,12779899,6379657,9531595,4041074,4145270,2147764,3493545,33929831,11455630
364,000925,2017-11-27,-0.009314703925482282,-0.005322687957418526,0.7002021835342181,9138.0,81900.56401301447,460,7432703,4347387,513506,421991,2391649,1744775,1319391,835995,1298657,1344626,300000,0,0,0,0,0,1609500,0
365,000926,2017-11-27,0.0024691358024691024,0.0016460905349793276,0.2958398629510201,18195.0,76391.02140906685,1687,21701004,40166215,501018,3446349,4870116,15101771,3708792,6258021,4595859,4843228,2621643,4107692,1396653,2808494,951411,467260,3055512,3133400
366,000927,2017-11-27,-0.029545454545454763,-0.022727272727272818,0.09178693039620439,15137.5,845969.9678496568,2320,79560870,118472317,1368804,2173050,7387139,11338237,6752757,9478744,12579010,11131869,8513593,11675960,5756895,3013478,4697736,3473945,32504936,66187034
367,000928,2017-11-27,-0.0031397174254317317,-0.0015698587127158659,0.2179606219102879,12720.0,92670.81788063855,854,19955713,17974763,707329,786842,3231896,3186072,4007168,2377703,3686253,4295026,3642497,2996490,2334187,954381,1258766,422878,1087617,2955371
368,000929,2017-11-27,0.008474576271186418,-0.008474576271186529,0.5822335503885845,11635.0,46066.59144864989,410,4986566,4497335,407345,304684,1788472,1857571,1156618,685202,800241,844294,466600,219584,367290,0,0,0,0,586000
369,000931,2017-11-27,-0.02034883720930225,-0.005813953488372103,0.25099827921715184,8957.0,36322.78846465448,751,8285467,8122794,791818,850173,3067363,3036741,2583197,1902301,1376291,1123190,466798,810189,0,0,0,400200,0,0
370,000932,2017-11-27,-0.013559322033898202,-0.007909604519774072,0.1725700090375839,52628.0,376511.38894314744,2636,152091472,194629395,1185981,1453627,8135157,10642683,14873947,29690684,20003132,24833781,14643963,12200947,10945958,13223172,13550962,17654533,68752372,84929968
371,000933,2017-11-27,-0.010000000000000009,-0.0033333333333332993,0.15698765298527173,81168.0,556283.9403658429,3295,374541351,390121508,934331,1326070,9398221,12145219,15542445,22077176,38111220,38912199,31603453,34105247,25681195,21779994,17001695,30106989,236268791,229668614
372,000935,2017-11-27,0.04820766378244756,0.04202719406674915,0.317364407684084,27088.0,151838.41877164366,2603,71278715,96198270,1440481,1854271,12526127,14205326,14774389,17037541,16424162,17487248,6773650,9232039,4924045,3668875,3571256,3839888,10844605,28873082
373,000936,2017-11-27,-0.02393617021276595,-0.018617021276595702,0.15396166209640552,29400.0,260597.72575256633,2392,103330743,124931911,1375891,1666559,9054023,10724655,11564573,11402280,22765141,15642936,12394549,13100833,12778395,11731725,9882528,7031893,23515643,53631030
374,000937,2017-11-27,0.0,0.0,0.13301533819351408,6468.0,74834.3861798254,1931,26380388,31455154,1317695,3176857,6039212,6821627,4187054,5517104,4737752,6008821,3744297,3744438,2475110,1310741,413010,0,3466258,4875566
375,000938,2017-11-27,-0.02855511136493427,-0.016276413478012564,1.3563307821229689,75669.0,398797.36937223404,2670,260264234,229604930,986024,1032270,10063697,10449893,13856537,13324892,27747121,30645101,29590412,22948512,22183269,17274013,22662967,14688754,133174207,119241495
376,000948,2017-11-27,-0.0009746588693957392,0.00877192982456143,0.5106617303469838,6168.0,31163.430394542884,403,3034454,3345232,214318,434081,1193021,1424537,727674,621603,542393,865011,0,0,357048,0,0,0,0,0
377,000949,2017-11-27,0.030226700251889005,0.022670025188916698,0.14471068094838624,8119.0,68994.37929111246,753,7503187,14036949,741170,801391,2485982,3047715,1570748,2024962,1452488,2177961,441799,1537237,0,704611,811000,2195498,0,1547574
378,000951,2017-11-27,-0.004326328800988932,0.0067985166872681635,0.380582519421284,17787.0,100573.64562545333,1811,38971202,43772989,1888648,866845,8284140,9831870,7966325,6915570,7231548,9376723,2632479,5337846,1760989,3149290,1845570,1851812,7361503,6443033
379,000952,2017-11-27,0.0013986013986013734,0.002797202797202747,0.579597443604281,11532.0,88789.0472306951,608,11398542,10732855,614795,536878,2973454,2243759,1821488,1445627,3074068,1317105,1980037,521931,329130,0,0,923790,605570,3743765
380,000953,2017-11-27,0.0,0.0,1.4625863908218497,1780.0,27436.543565826687,36,0,377360,0,76540,0,137950,0,0,0,162870,0,0,0,0,0,0,0,0
381,000955,2017-11-27,0.0,0.008000000000000007,0.39006290026367463,9716.5,78060.28093652782,256,3861653,5266712,236538,175343,1080431,976381,873893,683788,249200,721163,228592,787260,691400,1364225,0,0,501599,558552
382,000957,2017-11-27,0.010436432637571214,0.03320683111954481,0.3003996281994413,11990.0,68220.1189159001,1231,19241522,24057117,1073065,891796,6180381,4753133,3339051,4928261,4227951,5296110,1357277,3736992,652471,1342918,428400,1882702,1982926,1225205
383,000958,2017-11-27,0.005454545454545601,0.009090909090909038,0.1538533381927178,11140.0,61598.71536063194,1279,16941521,21077315,845450,1449346,3924135,6788468,2526698,4313565,5312214,4393443,677713,2301658,911865,1309135,959661,0,1783785,521700
384,000959,2017-11-27,-0.003225806451612967,0.001612903225806317,0.17547341387230148,6886.0,40056.02933976372,1250,13900204,12498628,1460875,1203540,4701304,3952093,2756569,3010165,2940183,2818593,976370,1197362,1064903,316875,0,0,0,0
385,000960,2017-11-27,-0.015540015540015495,-0.004662004662004615,0.28528017820466584,15420.0,139214.4974084286,2038,63044012,57281879,731436,3508252,7222011,9114092,8019838,7623308,12007432,14607291,7225622,5278041,4009329,2897872,4118139,3929667,19710205,10323356
386,000961,2017-11-27,-0.006546644844517169,-0.00327332242225864,0.18269885179926057,17136.0,71909.14105891425,1119,20027610,18281759,859542,605425,3838140,7816031,4786679,2485502,5449783,3451873,1741594,1232691,334698,2077850,427700,0,2589474,612387
387,000962,2017-11-27,0.006038647342995196,0.012077294685990614,0.31218431004958463,8400.0,43418.38610971718,703,8995472,8071832,838069,692833,2537500,3031171,1947800,2414429,1555760,1040828,973184,892571,710208,0,432951,0,0,0
388,000963,2017-11-27,-0.01809780515979975,-0.01809780515979975,1.1259621426473725,20408.0,152798.13812341387,2129,92050109,47395697,792175,683621,14885001,6689420,10527609,8190917,13639934,9024429,8858931,3992418,4255273,3731082,2662197,1794299,36428989,13289511
389,000965,2017-11-27,0.005208333333333481,0.00694444444444442,0.1946047339639574,11500.0,51855.956050412526,876,9746312,11770887,785467,787442,3345194,4052703,1790362,3601199,1298285,951852,1748644,971231,0,311272,0,467628,778360,627560
390,000966,2017-11-27,-0.014634146341463317,-0.012195121951219523,0.17493388264826365,6045.0,78365.74211974634,549,9282173,4615622,382835,753320,1667913,1721137,1186008,798827,1501529,666393,1631480,236115,703316,0,818017,439830,1391075,0
391,000967,2017-11-27,-0.024494142705005384,-0.018104366347177825,0.3581707151260877,10197.0,69441.16756433058,687,14928821,6760758,399133,866889,3739380,2361927,2447776,1748226,2558575,1573287,2404376,210429,768254,0,845770,0,1765557,0
392,000968,2017-11-27,-0.02179487179487183,-0.014743589743589802,0.404719523552236,23415.0,104361.2490427197,1491,46112290,31516090,868044,918668,8810649,4485965,13381604,5392100,7444943,6623079,6728873,3146541,2812591,2006570,906102,1733042,5159484,7210125
393,000970,2017-11-27,-0.03024054982817881,-0.01993127147766327,0.317428225040329,38772.0,157973.8811023741,2103,106511756,58988873,762843,1041798,9887726,9217119,22760535,10133206,18218850,14279635,13295949,7465581,7084206,6499992,5368443,2633305,29133204,7718237
394,000972,2017-11-27,0.03499999999999992,0.02750000000000008,0.15573630543953432,9019.5,93381.73648879369,660,10990514,13626695,520234,708642,2063929,2660133,1396346,2323651,1651646,2345721,1381810,2247565,312280,0,438102,910789,3226167,2430194
395,000973,2017-11-27,0.0,0.003044140030441289,0.22664530680420428,9900.0,44583.578097191814,840,11327047,9225124,655136,1071263,3222920,3862818,2168083,2430143,2447041,1359887,1241355,501013,637912,0,418488,0,536112,0
396,000975,2017-11-27,-0.003172085646312328,-0.0007930214115781098,0.3538324407526573,11358.0,132369.99485124872,1271,26927519,28163035,873606,1427940,5106105,3921819,3139199,3789921,4257588,6796316,2644704,2536869,1395498,2660279,1301836,848418,8208983,6181473
397,000976,2017-11-27,-0.011641443538998764,-0.012805587892898651,0.25215681501430903,1700.0,49130.014265648446,1162,8887278,8503663,506893,1185842,2513719,2268128,1641260,2285758,1388642,1273511,242406,703760,752164,358664,846844,428000,995350,0
398,000977,2017-11-27,-0.049420070600100674,-0.027735753908219696,0.3601099809951176,79200.0,398454.4768260185,3039,298389808,240825149,1049915,1020997,9452153,10916017,16796315,18130085,46418478,32096939,35985799,33826621,30528254,19012576,27611785,13258314,130547109,112563600
399,000978,2017-11-27,-0.015240328253223745,-0.009378663540445475,0.3882211854929478,9278.5,50427.31066145947,482,9322738,5284698,290839,682423,1501602,1577318,1710056,1908984,3399032,1115973,1776128,0,645081,0,0,0,0,0
400,000980,2017-11-27,-0.01706749418153608,-0.003103180760279378,0.27044817443247643,15492.0,79690.7944625908,2273,46711526,43246817,964141,2257693,11458314,10906206,10333835,8226350,12028095,9128289,4660777,5373524,3225330,1756128,1271712,1338381,2769322,4260246
401,000981,2017-11-27,-0.02903225806451626,-0.01505376344086029,0.43902873399466597,9160.0,103507.44530946454,448,12857903,9127344,382002,904311,1363989,996157,2438021,902137,4091297,964220,2814194,1733416,604800,0,0,0,1163600,3627103
402,000982,2017-11-27,0.05536332179930792,0.05536332179930792,0.09838824512928897,13564.0,214099.82968187417,864,34022825,30065082,911531,438067,3305835,2966598,3144358,3191241,3116840,5364411,1749415,3036940,1955791,3715244,1292487,3603507,18546568,7749074
403,000983,2017-11-27,-0.006263048016701522,-0.0052192066805846205,0.17248982418500644,42975.0,255225.51039173495,3091,191170583,213063562,1182527,1060090,11052437,19053519,15297553,16191980,24193812,33353970,22348894,22444138,16247152,16849309,17500281,22224431,83347927,81886125
404,000985,2017-11-27,0.0,-0.004164738546968971,0.8072456915338985,10850.0,102283.45643821392,717,15414679,6638817,626526,414750,3239392,2611404,3739984,1517854,3261830,218765,855975,513189,328472,353266,0,0,3362500,1009589
405,000987,2017-11-27,-0.0017889087656529634,0.0017889087656528524,0.3593463033431467,11050.0,51925.8500533505,968,14127384,12226651,635702,1268153,3777987,4137286,3592431,2480525,2139673,1933634,1923985,902061,700046,1053320,852224,451672,505336,0
406,000988,2017-11-27,-0.01330248698669756,-0.003470213996529692,0.3577354415703994,34760.0,243145.14663294214,2338,110575959,132912621,1097531,1329892,9477913,11949729,11625699,13728853,16962706,21683319,13259171,14853915,12431396,11419229,3848132,5009835,41873411,52937849
407,000989,2017-11-27,0.0010649627263046302,-0.009052183173589023,0.775292843043943,13069.0,72392.64248166072,586,11675768,7176763,577348,664261,2416830,2246366,3307956,1951189,2467883,587691,711031,469315,723052,373457,432868,0,1038800,884484
408,000990,2017-11-27,0.006191950464396356,0.009287925696594534,0.5379297229506091,8135.0,41573.273386374174,901,6250152,9563117,538507,1724334,2554580,3861405,1046182,1678784,1432797,827394,0,293220,678086,347190,0,0,0,830790
409,000993,2017-11-27,-0.002450980392156854,0.0,0.3600027168750955,9031.0,40556.6714242748,513,5432736,6389053,776901,448918,2454019,1632472,674179,2000886,1182892,1344478,0,222499,344745,328800,0,411000,0,0
410,000996,2017-11-27,-0.01672240802675584,-0.016053511705685475,0.32375686959389344,30870.0,178196.78815775385,2134,103148711,72133187,856640,1274208,9025710,11130476,13120446,11623609,19448182,16954238,11244383,9741890,8820068,8430385,4734093,4439009,35899189,8539372
