,code,date,pchange_whole,pchange,change_std,amount_median,amount_std,length,sumsell,sumbuy,sell_vol_0,buy_vol_0,sell_vol_1,buy_vol_1,sell_vol_2,buy_vol_2,sell_vol_3,buy_vol_3,sell_vol_4,buy_vol_4,sell_vol_5,buy_vol_5,sell_vol_6,buy_vol_6,sell_vol_7,buy_vol_7
0,000001,2018-03-29,0.011904761904762085,-0.001831501831501825,0.1857018489029842,120782.5,515855.14715033385,3462,430643899,495286395,359209,458734,9502959,11275618,17866661,25456675,53062614,58477981,39007815,45108854,30163527,46844529,27687544,27395702,252993570,280268302
1,000002,2018-03-29,0.08306911857958132,0.06182625237793293,0.5279845224963812,291189.0,888868.1457718237,3570,838524854,1090061524,132715,176131,4611184,4144412,13774878,13372041,46038425,40452316,53522221,51794925,52662797,50932550,53235875,52589187,614546759,876599962
2,000004,2018-03-29,-0.008710801393728151,-0.004355400696864131,1.142588238147214,11310.0,21281.9515564314,403,3857806,2796550,260120,502144,2173238,1481903,1048791,568008,375657,244495,0,0,0,0,0,0,0,0
3,000005,2018-03-29,0.018181818181818077,0.0025974025974024872,0.14317122051193643,5790.0,144561.7423645568,725,16798403,8197393,611953,714956,2334724,1866685,1429823,2220453,1923920,1908792,0,205539,765792,730879,0,0,9732191,550089
4,000006,2018-03-29,0.03296703296703285,0.024725274725274637,0.15209152005802148,21900.0,215547.27458038495,2295,61571750,105283955,1321455,1783978,8077104,12379923,9601398,14233486,11442593,16020308,5173394,12301931,6225452,6987535,4483085,8447536,15247269,33129258
5,000007,2018-03-29,0.025695931477516032,0.029264810849393363,0.5018335801272438,14595.0,72782.43511031935,780,10544347,17234817,609114,510029,4159692,4947157,2146772,2379331,1392036,2716730,496572,1817317,1004731,1627518,0,1744973,735430,1491762
6,000008,2018-03-29,-0.00291545189504383,-0.014577259475218707,0.14395376721628853,6750.0,75526.2409513791,2275,35069216,16574101,5528167,1405681,6655672,4803054,4282903,2445629,4280668,2928982,2393899,1434368,3871400,0,403800,0,7652707,3556387
7,000009,2018-03-29,0.008319467554076532,0.004991680532445919,0.1711004161988303,10926.0,107843.6710414341,1235,26999376,26872317,1011263,1298497,4719789,4385849,6354153,3818582,4129798,3557041,2977667,1715585,2325200,2647159,2251271,1715429,3230235,7734175
8,000010,2018-03-29,0.0022421524663676085,0.008968609865470878,0.1668108024276099,4490.0,31753.563285628436,715,5357980,4869936,837204,484340,1975887,2370967,982905,1149712,527002,415968,251214,448949,325863,0,457905,0,0,0
9,000011,2018-03-29,0.056020605280102886,0.051513200257566005,0.35612840163037485,20852.0,134781.78836961606,1904,42652499,67175408,1508043,1437153,8774201,9556552,8066031,10169016,9274436,12180284,5513371,7102915,2952717,5610890,2262322,2594004,4301378,18524594
10,000012,2018-03-29,0.012162162162162149,0.00540540540540535,0.20115456711164956,9620.0,50225.79296244535,1354,15506892,20378049,1032341,1471350,4746909,5910847,2623920,3682296,3850635,5148039,1462715,1556175,1353772,2177659,436600,431683,0,0
11,000014,2018-03-29,0.0983302411873841,0.0983302411873841,0.2897058467224102,18708.5,284588.13712891174,1386,68510660,28059563,1597577,574953,9227343,3573478,6293820,4585870,10001125,5282440,5076448,2240407,2751512,1991777,3260736,1766563,30302099,8044075
12,000016,2018-03-29,0.01171303074670571,0.019033674963396807,0.15872790451308627,21669.0,215714.50966859583,1855,61124304,75627861,1315294,1137964,10675411,6820563,9088519,9436549,8543964,9493187,5813043,7014355,5916364,8394523,6712350,6238792,13059359,27091928
13,000017,2018-03-29,0.0126811594202898,0.0126811594202898,0.24364910827197378,8385.0,37550.30290115908,513,5292228,5561586,447138,456868,1868492,2024168,1218755,1400154,1180876,1111527,242767,207009,334200,361860,0,0,0,0
14,000018,2018-03-29,0.004950495049504955,0.0,0.17584257929347596,16926.0,149480.04825337935,1188,27663725,33718318,968174,830446,5689436,5627620,4699449,4571563,6895720,5382753,1611257,3328304,1596950,2638611,913147,1294998,5289592,10044023
15,000020,2018-03-29,-0.013879709187045619,-0.014540647719762156,0.43360448874587904,15050.0,76302.05137547768,1220,23217779,19569567,992548,827747,6880054,5912778,4298195,4133147,4624940,4163112,1155638,1939328,642624,313291,0,415104,4623780,1865060
16,000021,2018-03-29,0.010752688172043223,0.005973715651135025,0.18730939495454005,12630.0,70352.96316130116,1999,37211375,36254832,2072753,1631650,9511805,8406935,7744384,7051290,7185196,8968973,4662825,5168695,1326324,2477494,1292573,892491,3415515,1657304
17,000023,2018-03-29,0.08735632183908071,0.045402298850574896,0.518326179436028,12208.0,58944.93705513641,1129,14154949,18604638,787742,1569768,4455099,5628290,2750389,3879103,2871052,3135783,1098854,1178082,694903,1416929,933750,403374,563160,1393309
18,000025,2018-03-29,0.005405405405405572,0.0035135135135135886,0.8456436199711947,22140.0,77083.1238087613,1916,45369880,39740612,1042964,1412072,9121914,9474751,11895534,9960482,11746989,7264477,5565720,3005572,1540527,2759064,836056,3440385,3620176,2423809
19,000026,2018-03-29,-0.0018639328984155767,-0.006523765144454852,0.398357768917684,16184.0,65469.031593549895,725,15770241,10372081,576681,465176,4613876,2583324,3729813,2080743,3300511,1775831,2240656,1662853,303312,359640,467392,0,538000,1444514
20,000027,2018-03-29,0.00694444444444442,0.0,0.2128677319955109,6336.0,44324.10518548876,732,4815248,9136551,581364,1194933,1600488,2486613,1082963,931426,476017,2787587,287000,704847,317400,1031145,470016,0,0,0
21,000028,2018-03-29,-0.007129829215718808,-0.0084563090698061,1.3744894749309535,12164.0,88747.26244511914,1933,31627177,23613962,858670,1528077,9339819,13849018,3276821,2798556,3807718,3642104,1966648,964729,726000,373302,1764219,458176,9887282,0
22,000030,2018-03-29,0.030259365994236287,0.01729106628242061,0.18810517434788135,1413.0,24899.637911382324,1362,4382376,7991076,655348,1690937,1629239,1969237,1260694,1621914,837095,1687088,0,718636,0,303264,0,0,0,0
23,000032,2018-03-29,0.0029644268774704496,0.007905138339920903,0.2939687100622622,10300.0,48733.26449880786,1186,16914034,13418838,1138180,903105,6337932,4646698,3668134,3176396,2803293,2770736,2600802,614560,365693,308525,0,0,0,998818
24,000036,2018-03-29,0.04126213592233019,0.03033980582524265,0.22371846246260496,17472.0,116829.4548050578,1357,25606140,43189118,1224320,1122243,6611825,6796371,5897490,7239617,5237688,5568932,4495480,4432915,637907,3792296,970138,2605404,531292,11631340
25,000037,2018-03-29,0.021428571428571574,0.03571428571428581,0.22476115635715865,9477.0,40955.38843350803,971,10319961,12515713,992761,930435,3569967,4794132,2624196,2927344,2086133,2444293,746754,462789,300150,347900,0,0,0,608820
26,000039,2018-03-29,0.010830324909747224,0.004211793020457266,0.3331380733808011,16590.0,139012.76591424405,2490,58090241,70186256,2265722,2026464,10336596,12215069,9287791,10412171,9921239,11979444,6414220,4453568,5539199,5566401,3686713,1809081,10638761,21724058
27,000040,2018-03-29,-0.012376237623762276,-0.01650165016501648,0.3651728886873775,5950.0,45250.67094672819,1102,11820386,7522034,1564070,562969,4289097,2241077,2696322,966677,1729968,1358615,509523,278901,1031406,360286,0,458337,0,1295172
28,000042,2018-03-29,0.043715846994535346,0.021174863387978027,0.5504874681667947,2990.0,41887.76076792158,707,6414866,6237739,840456,430119,1907134,2062851,1671162,1192213,1289592,867180,210795,1184042,0,0,495727,0,0,501334
29,000043,2018-03-29,0.016949152542372836,0.01807909604519775,0.49403761302752797,17880.0,84162.63936167955,320,5929432,7431001,242257,236434,1335732,1558693,1367480,1308712,910142,2187770,470269,215040,679659,0,923893,0,0,1924352
30,000045,2018-03-29,0.023153252480705433,0.015435501653803918,0.22903935621371913,18200.0,85606.11254555591,1570,33916481,35723330,1286512,1489160,8188132,7758740,6903240,5918173,7529181,7579772,3998356,5198958,1716442,2530147,1709521,816623,2585097,4431757
31,000048,2018-03-29,0.0012658227848101333,-0.0008438818565400519,1.8126874999067928,11845.0,42051.96563878026,170,2273222,1228947,165790,120938,910908,386552,286386,208705,467248,156090,442890,0,0,356662,0,0,0,0
32,000049,2018-03-29,0.0075987841945288626,0.004255319148936287,0.9044323017317424,16450.0,56414.84477126912,1323,21334242,22899247,1128354,1770102,5486037,7744898,3975316,7284330,4761091,3369560,2556575,1293717,2395832,0,440457,0,590580,1436640
33,000050,2018-03-29,0.006451612903225712,0.005161290322580614,0.33867884222638345,23520.0,135889.17030936744,2095,59912847,69376105,1215882,1498255,9891570,11840824,8826108,10205075,13621854,15419888,7113740,8302792,8130885,6766714,4001889,2311376,7110919,13031181
34,000055,2018-03-29,0.01673640167364021,0.018131101813110062,0.18061195206525835,14560.0,111223.3483602355,1577,30959705,44378723,1325318,1341851,5974334,7729641,5501926,6645470,8120351,8274222,3635488,5001195,3206008,4797445,2102780,1776602,1093500,8812297
35,000058,2018-03-29,-0.006106870229007688,-0.006106870229007688,0.2690991980050571,10990.5,45428.5365582723,592,6440056,7602056,670601,610273,2900845,2075158,1215265,2374805,881979,1049417,771366,565572,0,317681,0,0,0,609150
36,000059,2018-03-29,0.012304250559284302,0.004474272930648837,0.2642768040203952,17880.0,102057.15850877653,1144,31315578,31162102,944293,1063363,5287234,5250098,4997147,5921908,6565717,4674351,5567630,4217366,2120043,3774285,1312979,1271385,4520535,4989346
37,000060,2018-03-29,0.01521739130434785,0.009782608695652062,0.21676796323490416,18610.0,114649.7950656435,1802,50842073,55407035,1406209,1482344,9063113,8417032,8857712,8127757,10194440,10134824,6552639,6350254,2990920,6463986,3625975,5658098,8151065,8772740
38,000061,2018-03-29,-0.0055172413793103114,-0.006896551724137945,0.26039302720315877,8592.0,49697.00562093203,775,9891296,9538943,769679,1107011,3489912,2696903,2151846,1244660,1757951,2703435,1280953,1225458,0,0,440955,0,0,561476
39,000062,2018-03-29,-0.005690636316606268,-0.007242628039316967,0.6595422944091962,9550.0,50949.8120613936,859,11245419,8268443,882014,1053216,3384870,2810020,1965559,1643693,2341210,1387314,1088932,221159,317300,695834,0,457207,1265534,0
40,000063,2018-03-29,-0.0033400133600535176,-0.010688042752171056,0.5074423807414654,149226.0,527268.5458651743,3482,528572405,523639123,310646,581741,7369379,10765284,17031410,21514568,46266239,52358283,46799320,48739413,42308608,50645152,34238836,37944305,334247967,301090377
41,000065,2018-03-29,0.047957371225577194,0.013617525162818334,0.4445038521116462,18777.0,78916.7481952528,1444,29916732,30153385,992724,1114282,7910375,7307990,5587355,7266813,6007474,8109810,2575652,1631313,2303814,1752157,834299,0,3705039,2971020
42,000066,2018-03-29,0.0,-0.007643312101910826,0.1430700151624474,44802.0,350262.9352344855,3019,225427764,189434792,1555182,1017917,15879256,12151141,20791337,15850918,34179018,24866479,25052683,20023647,13174630,13970524,10994656,14229509,103801002,87324657
43,000068,2018-03-29,-0.0022421524663677195,-0.006726457399103158,0.1721973911409984,4420.0,65081.88048818563,671,10035284,7424028,492578,404905,2239862,1779997,1908801,1718502,1846064,1759500,907064,1216234,376142,0,1364245,0,900528,544890
44,000069,2018-03-29,0.03213844252163156,0.023485784919653918,0.15319436111849496,25808.0,213988.9008290194,2798,122928648,154592157,1635407,1102222,17314434,9324873,11969324,13153293,16719134,21096591,19093825,21598769,9700421,21905257,7599383,11252051,38896720,55159101
45,000070,2018-03-29,0.0032292787944026013,-0.0043057050592033574,0.2829229368558369,10224.0,59715.30555577156,1078,16686431,14603741,1321544,677979,5494592,4734017,3494726,3658575,1815668,1831475,1825047,943291,370123,1086418,1814851,441012,549880,1230974
46,000078,2018-03-29,0.0,0.0,0.1354002977190616,9808.0,107441.94783424439,2028,35420318,39381407,1776060,1774016,6537027,8363889,6920654,6209098,9684764,6648698,2748580,2522447,1736568,2906903,822954,1247731,5193711,9708625
47,000088,2018-03-29,0.008333333333333304,0.005555555555555536,0.226362811616166,5401.5,67549.87313342236,1012,12970723,14613963,657044,1299920,2712023,4017666,2430597,1764249,1651989,2671450,1566255,1669112,2472216,1671042,879159,0,601440,1520524
48,000089,2018-03-29,0.009768009768009733,0.006105006105006083,0.23293930615463823,4938.0,38526.62617323893,1237,8679620,12954689,1212479,1137452,2532481,5985101,1735817,2163445,1222312,2188030,1560792,284540,0,767859,415739,428262,0,0
49,000090,2018-03-29,0.026511134676564074,0.01590668080593849,0.24192409313792712,5685.0,49829.5351446389,1522,14160205,16927071,1507515,1873983,3841187,4868971,3512031,3558882,2731758,1741151,676980,1416125,0,1454491,1270334,898492,620400,1114976
50,000096,2018-03-29,-0.006504065040650375,-0.0024390243902440156,0.6502621388954526,3660.0,32408.05497079988,357,2554932,2200756,152886,609833,491550,1021366,466779,260441,878640,309116,207910,0,357167,0,0,0,0,0
51,000099,2018-03-29,-0.01274623406720754,-0.01274623406720754,0.19801677603687615,17100.0,187423.865744812,1903,71942600,48201843,1862278,1701148,8134499,7575897,8173298,8745582,9551851,8504144,6342116,4539845,7596169,1662730,2688760,4836468,27593629,10636029
52,000100,2018-03-29,0.008746355685131046,0.005830903790087438,0.06558291561046126,14835.0,196441.6082273778,2761,78161226,111111576,1807127,1933768,10965491,10441887,8908423,7564243,13815901,21922863,9158560,8752091,5827119,9368609,6747065,7776036,20931540,43352079
53,000150,2018-03-29,0.0017421602787457413,-0.005226480836236891,1.9865252060163532,11458.0,30068.382610831635,208,2408824,1626143,171348,214192,984564,945147,393189,254572,655243,0,204480,212232,0,0,0,0,0,0
54,000151,2018-03-29,0.005113636363636376,0.003977272727272663,0.3113454676306915,64080.0,411949.846246174,3205,244522316,257312191,916233,988705,12322590,12360586,18847956,18680885,36150335,33996994,29463595,25054113,22991507,21968942,18672115,21666736,105157985,122595230
55,000153,2018-03-29,0.0,-0.007352941176470673,0.3074806072443485,9858.0,52642.41717969586,704,11662302,7305750,784434,703951,3390740,2720121,2019072,2055980,1763542,668374,1646932,703865,682308,0,1375274,453459,0,0
56,000155,2018-03-29,0.04903417533432375,0.050520059435364084,0.14200920860421362,27456.0,136764.3704232566,2250,67508844,99616940,1257085,1538348,9725933,10093798,12523303,13159206,15191132,19530871,11727662,11978735,3173734,12491439,3994576,6684302,9915419,24140241
57,000157,2018-03-29,0.0071770334928229484,0.009569377990430672,0.10964839717275233,10972.0,153140.56533790327,1457,26498064,32429263,1793453,1040263,8653879,5030181,6593239,3136946,2325706,4104362,2446203,2559742,661694,2363291,428922,1279725,3594968,12914753
58,000158,2018-03-29,0.0025940337224383825,0.0012970168612191912,0.21009357025367928,7680.0,49273.72282307817,1348,15988209,12589204,1089091,2220977,4709876,3789662,2516291,2910731,2002513,2176492,1891802,765444,2182572,725898,407672,0,1188392,0
59,000159,2018-03-29,0.008888888888888946,0.004444444444444251,0.1935868353628127,4520.0,46909.68009870671,540,6741989,5153233,310916,420187,1756531,2037253,1503386,1447012,1373459,367357,971702,525249,309600,356175,0,0,516395,0
60,000166,2018-03-29,0.008146639511201537,0.012219959266802416,0.12196081218266577,18924.0,179341.01621988695,1624,41244370,63256528,1528788,1216408,7693113,7740468,5157696,7157462,5561080,9405625,6244896,5755697,3113580,5105847,4088961,1836801,7856256,25038220
61,000301,2018-03-29,0.03664122137404591,0.03816793893129766,0.13947702605107565,20903.5,196378.5477603845,2212,75189012,79069058,1540963,1511017,10035937,10180334,11212964,8858261,13629936,15770808,11293870,7832506,8991626,3110627,4493447,3103906,13990269,28701599
62,000333,2018-03-29,0.03519281168101829,0.02583302134032195,0.8965572247012185,209430.0,839558.5107688505,3553,701832951,855363104,70343,140885,5274752,6177039,16486033,18632111,49493517,46964920,47610437,44473740,49978450,48146881,48603178,39370437,484316241,651457091
63,000338,2018-03-29,0.0036496350364962904,0.012165450121654375,0.14022986149079802,66258.0,428996.8254066001,3445,252371428,360353548,1189159,942237,14892792,11159314,25296243,31529852,34567479,38271763,32842295,27379087,15748822,22379650,18909256,22005851,108925382,206685794
64,000400,2018-03-29,0.001769911504424737,-0.0035398230088495852,0.28112523891436947,16890.0,74065.98747805881,1616,39877465,32808317,1005480,997621,7047563,7159435,11240969,5519626,11963027,8273320,4775090,5922418,2026316,1085928,411279,1340031,1407741,2509938
65,000401,2018-03-29,-0.00635144671841914,-0.0007057163020465218,0.26431863427553715,44736.0,319547.9553072424,2877,191988428,187955638,1292022,1224562,11927872,15231217,16367399,16907262,27278840,28436064,26505122,18909734,14846920,15126640,10758411,10207560,83011842,81912599
66,000402,2018-03-29,0.024742268041237248,0.019587628865979534,0.23451875406248485,15511.5,213610.90273857594,1712,56086685,70352514,1422401,1593313,6484172,6325660,5527402,5494656,8090970,13507648,6481752,7799708,3148452,9305306,6314781,1681408,18616755,24644815
67,000403,2018-03-29,-0.005855562784645385,-0.00780741704619381,2.2727223065671227,15197.5,96022.7492097602,182,1872229,4873543,172093,234771,933217,734376,496506,366359,270413,792599,0,480738,0,689016,0,0,0,1575684
68,000404,2018-03-29,0.008849557522123908,0.001769911504424737,0.2509928448720703,13041.0,61808.420984818265,506,8460328,8797280,452358,383401,2082443,2634668,1408852,1153445,2207637,1695724,1968805,980362,340233,1015406,0,427704,0,506570
69,000407,2018-03-29,0.015437392795883298,0.013722126929674117,0.21384101981435355,5870.0,67780.1612086928,743,10856808,8128041,803534,414269,2717387,1985339,2044510,1306726,2169642,1809801,477135,462026,0,636748,0,415360,2644600,1097772
70,000408,2018-03-29,0.022784810126582178,0.022784810126582178,0.5224631138900183,16054.5,69329.23417268627,914,17520258,15489842,755515,685870,4209969,4889904,4171678,3498824,3757842,3408456,1686945,1251316,332235,624192,422400,0,2183674,1131280
71,000409,2018-03-29,0.012006861063464935,0.0034305317324183626,0.19318729966889245,9962.0,46133.36436558449,911,13229598,9065029,916455,1073732,3820296,3651386,3055718,1748704,2924353,1512236,1497314,0,1015462,0,0,427339,0,651632
72,000410,2018-03-29,0.06517509727626458,0.06517509727626458,0.2120329121462796,79935.0,870190.9699898069,2355,380185034,199745263,1519188,103309,10768338,3034056,15838723,7882683,32192482,24950999,28202677,17214868,21236727,16727341,20127625,17491606,250299274,112340401
73,000411,2018-03-29,0.02946593001841613,0.0009208103130755596,1.7796138555313405,6570.0,46894.46629603991,148,973004,1932032,128288,189418,421932,529157,52152,224412,370632,342555,0,210490,0,0,0,436000,0,0
74,000413,2018-03-29,0.0025974025974024872,0.0,0.1504061971029922,22272.0,137707.55225099233,2625,84004323,71556425,1498156,2107645,13153745,11635213,14802484,13746011,16610925,16176729,8857869,6686273,8107074,5906254,3141192,4008527,17832878,11289773
75,000416,2018-03-29,0.06194690265486713,0.060176991150442394,0.18557295972929821,13443.5,57950.99096634014,928,14855681,15632461,833404,614710,4822531,4086295,2727616,4033599,3156341,3604567,1512295,2312686,671130,980604,0,0,1132364,0
76,000417,2018-03-29,-0.0013458950201884479,0.0026917900403768957,0.27709526984087957,2988.0,65965.98321351648,719,7187324,5833103,492653,822487,2446480,1053424,624711,1002426,626223,1459539,463190,451752,675528,0,424996,0,1433543,1043475
77,000418,2018-03-29,0.025727930981358726,0.007702973347712305,1.570279120301555,19620.0,156962.4135337584,1712,47111759,39758652,1662378,1009950,12340394,7295153,5066714,5830343,6454632,7747603,2201871,3604081,2840775,3564044,1377329,451950,15167666,10255528
78,000419,2018-03-29,0.005444646098003769,0.005444646098003769,0.24848580813107818,2780.0,45997.18235931854,491,4381672,4761763,322524,686830,1154688,1275738,1054601,939170,1031793,442304,464324,517990,353742,346731,0,0,0,553000
79,000420,2018-03-29,0.010714285714285898,0.014285714285714235,0.10253939509616933,9120.0,152037.34630039666,747,12315290,20211092,605582,567767,2852440,2323287,4199463,2046499,2250852,3131862,1232506,2357102,377802,337554,0,1275655,796645,8171366
80,000421,2018-03-29,0.007518796992481258,0.003759398496240518,0.23183918246501153,2134.0,34517.94975758789,526,4174086,3294061,290341,490506,1482401,1060817,1030842,733138,1131102,276078,239400,275028,0,0,0,458494,0,0
81,000422,2018-03-29,0.009740259740259605,0.009740259740259605,0.11680617667274597,4312.0,30079.90326008923,696,3420277,6821354,450462,1009458,1618886,2280442,812731,1602271,538198,1070121,0,243660,0,615402,0,0,0,0
82,000423,2018-03-29,0.005940594059405946,0.0036303630363037076,1.2818167919656842,30240.0,167576.10017064493,2235,99291802,71672651,1303097,946199,14270561,10138189,15028445,8912504,21472815,12534851,12050785,7196584,9185035,9784997,3168634,7228191,22812430,14931136
83,000425,2018-03-29,0.02083333333333326,0.01041666666666674,0.07110873639599219,21230.0,191485.9684202438,2942,80558882,115714475,1715747,2153869,14892414,16691787,12539883,14718681,10641023,15998523,8212726,11301833,6027310,7238311,4370488,8758001,22159291,38853470
84,000426,2018-03-29,0.024312896405919604,0.01585623678646919,0.20051202782493904,8635.5,129299.55680609892,2232,51142265,54878244,1414080,3097728,6331824,7731924,6693775,6839147,8789525,8707226,5797656,5925079,2108254,3443114,5046259,5022389,14960892,14111637
85,000428,2018-03-29,0.0078125,0.0026041666666667407,0.20192179476232086,3850.0,35381.54826524323,361,3107427,2994335,281175,243145,1033351,1137199,956519,626606,621342,208284,215040,779101,0,0,0,0,0,0
86,000429,2018-03-29,0.0025031289111387967,-0.0025031289111390187,0.24288289924982548,7910.0,98135.37358642883,1083,24379026,13723530,994930,1187458,2658211,3989043,2898574,3254476,2281006,3507918,436049,1163791,6885073,0,975176,0,7250007,620844
87,000430,2018-03-29,-0.020665901262916342,-0.01722158438576349,0.2988007700637549,8750.0,104948.05555157634,851,17425831,10295129,783917,1097674,3355024,3321437,2359004,1266960,1439329,542731,524682,1653835,356419,351200,2661874,400896,5945582,1660396
88,000488,2018-03-29,0.007531865585167941,0.0,0.3457699816514471,25710.0,188603.14451790697,2493,105060259,78554300,1462371,1609324,10605927,12783756,14764569,12635280,17259680,19884961,13559583,9282058,5927210,3868572,4857310,2668424,36623609,15821925
89,000498,2018-03-29,0.006611570247933907,0.008264462809917328,0.23665165839289198,6060.0,34911.277818294475,653,6302595,5876996,438687,839458,2115550,1962846,1301986,1307003,2446372,562030,0,895678,0,309981,0,0,0,0
90,000501,2018-03-29,0.0039499670836076195,0.0,0.4205538136034139,6072.0,53315.79634707745,1305,14887508,12525421,1597608,1471769,3888666,3757698,2214760,2545315,2456726,2947193,1172940,1423696,701703,379750,823554,0,2031551,0
91,000502,2018-03-29,0.02934537246049662,0.010158013544018019,0.4008320125954071,5258.5,36610.80717806151,488,3584745,4761562,384593,677883,1387179,1370977,996506,960217,545567,436962,270900,1005423,0,310100,0,0,0,0
92,000503,2018-03-29,-0.01757425742574259,-0.0207920792079207,0.7982001565342077,54964.0,351244.4709269203,2564,245130348,183033220,1160184,924773,9940342,9365143,14000458,12278892,26324572,24017857,25105347,22876290,21711584,11512228,16228476,15789679,130659385,86268358
93,000504,2018-03-29,0.009298393913778513,0.0004226542688081647,1.5372541545727632,11842.5,274661.6550905914,236,15246085,11374751,226761,233984,870665,482261,327324,466107,425382,1825820,743061,661041,366110,665408,1413495,947800,10873287,6092330
94,000505,2018-03-29,0.005868544600938996,0.0023474178403755097,0.2424280393198964,15147.0,114089.72099470529,1236,28786970,23116786,1174408,1052001,5390064,5716150,4791743,5370537,6259080,4149563,1714185,2897143,1639000,1404858,837800,0,6980690,2526534
95,000507,2018-03-29,-0.006637168141592764,-0.009955752212389313,0.20632440041814012,20791.0,117323.91243085254,1923,50414713,49769387,1384769,1549382,10651167,9339885,9958873,10367667,9458801,9275909,2444128,5396791,2836126,2568718,2594324,2213886,11086525,9057149
96,000509,2018-03-29,-0.007633587786259555,-0.010178117048346036,0.10090957544768286,8558.0,84985.27627113642,1521,28999719,21794909,1399523,1657275,5831419,5403577,4634094,4569677,4151339,2634253,4428660,1851145,2161638,2101337,950699,868400,5442347,2709245
97,000510,2018-03-29,0.009230769230769154,0.004615384615384688,0.26371459849027223,6520.0,39171.720764975194,607,5574619,7511567,361378,848632,2174355,2027674,1737815,1311153,1301071,2091280,0,520676,0,712152,0,0,0,0
98,000513,2018-03-29,-0.011422044545973842,-0.021273557966876244,1.2537777050625454,69005.0,258836.49599090184,3122,249992832,177134744,943543,856513,11371395,12526985,26794747,21871266,40697317,36589186,31279029,29249591,26036833,15867735,15747610,8992875,97122358,51180593
99,000514,2018-03-29,0.02472952086553315,0.02782071097372496,0.21307106839921122,13000.0,53845.34217743678,922,11221677,17861399,981657,748337,3904049,4486482,3205183,3866320,2279113,4240190,215740,1613680,635935,1399287,0,475700,0,1031403
100,000517,2018-03-29,0.10379746835443049,0.09367088607594942,0.07471240388408859,34112.0,384219.6682398,2815,138890693,199106336,1626821,1464776,12216033,11370853,15336058,13672472,22233668,25906154,16681433,21251641,11208931,19323463,6200665,10205472,53387084,95911505
101,000518,2018-03-29,0.009917355371900971,-0.0033057851239668423,0.20609314110152574,6060.0,38182.25955349843,862,7919828,6585306,800644,1053198,3271940,2799422,1487452,1279082,803549,1453604,0,0,0,0,896243,0,660000,0
102,000519,2018-03-29,-0.01626898047722347,-0.020607375271149864,0.17614349399228924,27030.0,106880.077089961,2743,100683887,75236449,1826259,2128172,14405418,13507042,16056589,12344701,25544146,18388759,12157508,8479521,10149890,6508742,5224326,3195057,15319751,10684455
103,000520,2018-03-29,0.01538461538461533,0.009230769230769154,0.12169860031145109,7823.0,118524.39473299883,714,11049843,13676842,648442,783650,2240382,3025533,1086858,1857196,1170064,1848679,1046071,235176,1103392,306399,444440,401556,3310194,5218653
104,000521,2018-03-29,0.021479713603818507,0.01193317422434359,0.17106352296409919,8904.0,85505.30559212997,600,9992972,8416350,1181203,533961,1505142,2064350,1329436,1790370,1691290,939351,1653902,787190,305340,331848,419000,0,1907659,1969280
105,000523,2018-03-29,0.009198423127463773,0.006570302233902758,0.3036281865412015,8442.5,44829.69143510728,628,5565894,9706735,599729,806266,2112104,2797271,1540804,1747655,1098497,1839501,214760,1369976,0,659787,0,486279,0,0
106,000524,2018-03-29,0.00720906282183309,0.009268795056642576,0.3402708403559839,2925.0,25950.3639720126,815,3697649,4892064,1093410,780486,1140943,2049347,752414,852920,354892,992032,0,217279,355990,0,0,0,0,0
107,000525,2018-03-29,0.022482435597189543,0.013114754098360493,0.630028039270355,21700.0,88530.83326319876,1148,29134322,29310759,542190,755199,6123090,5934829,5233936,5133007,6697587,8577442,3146236,4015916,3102342,1637533,468700,932960,3820241,2323873
108,000528,2018-03-29,0.03280680437424044,0.023086269744835963,0.16114462203179405,19992.0,126122.63283495956,2614,57155575,92981017,1186203,2448184,10131483,15399767,8308989,16881399,9870950,19962376,7185348,8841010,5865907,5166367,4896088,2795038,9710607,21486876
109,000529,2018-03-29,0.011200000000000099,0.006399999999999961,0.3400327227654898,9480.0,41889.464114611954,337,4062356,2883180,307779,378581,1407268,1369777,742420,721278,836598,138189,202551,275355,0,0,0,0,565740,0
110,000530,2018-03-29,0.013779527559055094,0.009842519685039353,0.14120128830660308,12812.5,52366.56060135109,1296,19325233,18529168,966317,916489,5200377,6780336,4131072,3449630,3989543,3449125,2263154,2464267,2278186,1052600,496584,416721,0,0
111,000531,2018-03-29,0.005813953488372103,0.0,0.4091313558931054,5512.0,31256.111739302367,282,2805621,1243104,555447,229645,681766,588371,408543,324748,812425,100340,0,0,347440,0,0,0,0,0
112,000532,2018-03-29,0.0077247191011236005,-0.008426966292134908,0.2751657930230845,34644.0,197526.9006878618,2684,124552784,120780296,1199437,1500018,11935360,11809295,15919822,15820646,21556653,21328635,18036022,14992775,10879842,13421539,8272334,6143159,36753314,35764229
113,000536,2018-03-29,0.010075566750629594,0.0025188916876572875,0.12436670291438368,3192.0,60418.19075561107,1021,11115894,10313316,732783,1067111,2071475,2781272,1294273,1678556,1502108,1916587,1347664,447026,3309342,702639,858249,930069,0,790056
114,000537,2018-03-29,0.04927302100161546,0.037156704361873905,0.2788383895139838,23712.0,181880.40914629694,1975,48271304,79523551,1199012,1202026,8968585,8639650,7838295,10722739,14099943,18046215,3794129,8407724,2779372,8986616,1339630,1373344,8252338,22145237
115,000538,2018-03-29,-0.012486373996630551,-0.014270141710435058,2.2253481381403777,29836.0,256937.18510129052,2058,112896961,65381542,2726739,2464004,13166519,9202434,9461843,9416223,18447493,11353296,7379774,3974707,7297365,4365745,6235522,5164834,48181706,19440299
116,000539,2018-03-29,0.00222717149220486,0.0,0.25632277267481335,6258.0,39401.77245921364,306,2102043,4066048,276469,316631,1245503,1122480,184164,798455,150504,456458,245403,1372024,0,0,0,0,0,0
117,000541,2018-03-29,0.009356725146198785,0.005847953216374213,0.2101239182590881,4290.0,42813.47321374522,1657,13283314,12192871,2344823,1971373,4234550,3011427,2238236,2038802,1899981,1907776,692223,514362,691210,1045757,0,1703374,1182291,0
118,000543,2018-03-29,0.0,-0.006198347107438051,0.12726385608823282,7728.0,94882.16576802872,1449,26109488,25176026,2007056,1219713,4978896,5077822,3568310,2661516,3333121,3925392,3723807,2406786,2738512,2160398,2288289,2229300,3471497,5495099
119,000544,2018-03-29,0.008082292432035398,0.008817046289493202,0.5001469417025115,13695.0,51076.013563231034,740,9740187,11948336,610882,655316,4466053,2846073,2746780,2574668,1178610,2850208,270800,1201260,0,396508,467062,883343,0,540960
120,000545,2018-03-29,0.00932400932400923,0.00932400932400923,0.16177285129035723,9072.0,67579.6719646396,703,9664246,10908047,773702,709069,3304720,3215784,1629271,1687944,1313798,1461371,1916859,777950,725896,317389,0,463540,0,2275000
121,000546,2018-03-29,-0.0025510204081632404,-0.004464285714285698,0.42985887322687993,9321.0,63613.61804098668,1332,21759165,17957900,1349751,1252456,6087264,3704453,3678804,4016802,5897160,5289502,1845286,2197650,689110,312800,894758,0,1317032,1184237
122,000547,2018-03-29,-0.09915254237288129,-0.0855932203389832,0.21575239818417366,60703.5,656500.9242982148,3000,280673980,245654929,883504,1007678,9682914,12438360,15406143,20312048,30368341,28983281,25810621,26716328,24683134,22518148,23030412,25016550,150808911,108662536
123,000548,2018-03-29,0.008077544426494221,0.008077544426494221,0.2595711790332765,6200.0,41166.0353467977,568,6088746,5632721,744733,399647,1948270,1951317,1582290,852562,1317453,1609605,496000,0,0,313248,0,0,0,506342
124,000550,2018-03-29,-0.0006635700066356387,-0.007299270072992692,0.3617681568694003,15010.0,58614.62027749115,1736,32102184,24196547,1165045,1210550,10854139,7182177,10574907,4796631,4761888,4064713,2282101,2637432,982998,1054841,0,1343948,1481106,1906255
125,000551,2018-03-29,-0.0027173913043478937,-0.006793478260869623,0.2626261990487472,5117.0,40359.152706712506,785,10389135,5938435,921314,522167,2511567,1865945,3099164,1988479,1936732,907858,1481158,653986,0,0,439200,0,0,0
126,000552,2018-03-29,0.011627906976744207,0.008720930232558155,0.11046996613793646,6210.0,63062.30437395709,972,8960715,10638934,880761,1460643,2649204,2790375,1073221,1246066,1194669,1687694,511305,518035,604401,0,822504,815973,1224650,2120148
127,000553,2018-03-29,-0.005706134094151216,-0.0014265335235377208,0.3630039556093746,8478.0,83652.19285705962,1492,29282643,19762837,1515312,1884820,5200108,5676359,3794986,4368674,5266919,3216439,3599076,1473722,1786460,318080,2167046,1711140,5952736,1113603
128,000554,2018-03-29,0.00839160839160824,0.005594405594405494,0.22171619118632632,11536.0,53105.29142590665,1040,16023513,14254001,823436,1101952,4007798,4901056,3458626,3293600,4072411,3508349,1251328,661942,1317551,369873,0,417229,1092363,0
129,000555,2018-03-29,0.02262443438914019,0.0,0.2758056288691701,59539.5,294714.806323538,3154,224555073,228402418,1176320,1429942,12468885,12247070,17158974,17505152,34439187,36633987,33992033,25206853,24761238,22605884,13528402,11145407,87030034,101628123
130,000557,2018-03-29,0.004385964912280826,-0.002192982456140302,0.1472267300022919,9180.0,49645.71725380229,961,15248075,9507310,1068297,907966,4714422,3211047,3703797,2305255,2109779,2133850,1140053,538824,664755,0,1245371,410368,601601,0
131,000558,2018-03-29,0.011494252873563315,0.02298850574712663,0.13196861805544977,9680.0,90694.94463321441,1088,13539332,20906442,1024491,1223320,3741566,4841799,2380497,3496345,2675924,4100858,709248,1140227,0,1492720,1332426,955031,1675180,3656142
132,000559,2018-03-29,0.0,0.0,0.25531526251654063,8390.0,62835.36796591003,1077,18005799,11262522,1461472,992198,4356230,3246216,2536290,2227895,3717230,2377609,1782198,1232060,651920,728706,468719,457838,3031740,0
133,000560,2018-03-29,0.003826530612244916,0.0025510204081633514,0.2601663080775577,9420.0,63746.72897817363,909,12197664,6541023,978139,897562,4019279,3501312,2530243,1858403,1449961,283746,892265,0,0,0,0,0,2327777,0
134,000561,2018-03-29,0.005398110661268607,0.0026990553306343035,0.28742772818791723,8162.0,33670.38752235732,664,7365578,5759871,946772,528121,2536432,2475878,1674139,1561073,1707360,784147,500875,0,0,0,0,410652,0,0
135,000563,2018-03-29,0.012755102040816313,0.012755102040816313,0.09545329635813599,4312.0,76976.58152881762,1694,15402942,23340302,1536976,2027058,5208049,4052640,2107852,2373867,3451863,4101031,1148521,2901626,1119005,1783525,830676,833184,0,5267371
136,000565,2018-03-29,0.007267441860465018,0.010174418604651292,0.21948650458160737,11832.0,65000.23624956872,983,14429344,14189478,753356,1086489,3271938,5083077,3219342,3568399,3035885,1588933,1903782,1167624,349140,336798,0,841128,1895901,517030
137,000567,2018-03-29,-0.002338269680436378,-0.005066250974279041,0.9030046505279387,17801.0,77875.68778064371,807,19942277,15168035,504646,512834,4300915,3247722,3258500,3085630,4673287,3409848,3015074,2249865,1098433,1053894,1344946,413857,1746476,1194385
138,000568,2018-03-29,0.05273909006499533,0.04531104921077067,0.9467301335227504,88224.0,405535.147233888,3239,249753260,422498450,465867,533219,10944268,12412187,20432575,18103544,34781695,42242876,26462844,41004748,23600701,41492541,19804665,39436774,113260645,227272561
139,000570,2018-03-29,0.015748031496062964,0.009842519685039353,0.31216748838689967,9444.5,37569.29263514476,264,2797854,2944302,109333,247059,1001901,983220,592773,909158,653980,495865,439867,0,0,309000,0,0,0,0
140,000571,2018-03-29,-0.006211180124223614,-0.010351966873705987,0.16581392664639538,4780.0,69478.27568376428,850,12528439,8482404,836099,638118,3418947,1897109,1789164,1286452,2056955,1823774,1105671,949775,0,0,1374897,478264,1946706,1408912
141,000572,2018-03-29,0.00512820512820511,0.0,0.12556478889206313,3910.0,39407.434109702765,966,7949685,6433236,864185,1551305,1943374,2058893,1337733,1543520,2064505,759950,1024244,519568,0,0,0,0,715644,0
142,000573,2018-03-29,0.03239740820734349,0.010799136069114423,0.2263280947927706,9280.0,43148.46247456257,418,5161945,5415488,322679,463333,1150109,1797483,1824497,1297998,1587460,1003347,277200,497769,0,355558,0,0,0,0
143,000576,2018-03-29,0.014000000000000012,0.009500000000000064,0.9208756455178726,14140.0,425639.55327181297,471,2536806,39724710,107220,662271,801054,1417546,412591,3762586,652727,6074068,260064,2419888,303150,4525431,0,3010995,0,17851925
144,000581,2018-03-29,0.02647193062528519,0.025559105431309792,0.45549345719220474,20182.5,192477.9350009048,2314,66479828,93198038,1629413,1630789,10586670,11791279,10006546,9344477,11314316,12624149,5460210,8798514,6298539,4436547,3531182,5015978,17652952,39556305
145,000582,2018-03-29,0.005924170616113722,0.004739336492891155,0.3782787211542108,10116.0,44145.000260014574,497,5497234,5507469,513272,462247,2463830,2292615,1074009,925628,824130,1146979,290145,0,331848,0,0,0,0,680000
146,000585,2018-03-29,0.0060422960725075026,0.015105740181268867,0.12851443586791314,6760.0,34706.05001243873,664,6505880,6861569,710837,558454,2317108,2399776,1316797,2141775,1716583,1212141,444555,233520,0,315903,0,0,0,0
147,000586,2018-03-29,-0.030513176144244092,-0.024271844660194164,0.6125898779343449,8667.0,65550.82033473488,554,8455080,4304560,643275,558976,2298960,1613358,1710515,839039,1188930,803917,495200,489270,0,0,420000,0,1698200,0
148,000587,2018-03-29,0.002844950213371167,0.005689900426742556,0.20001913165451832,13960.0,254279.42498502115,1236,34203130,54534343,1057827,1475149,6813055,3692140,5707495,2969992,5826854,3383214,3429416,3208206,1062586,2161420,873622,2245712,9432275,35398510
149,000589,2018-03-29,0.007263922518159882,0.012106537530266248,0.20894238547282432,5408.0,39908.1897240351,390,3431370,3881873,233006,423709,1158971,1248420,504804,534302,1074768,657585,459821,706447,0,311410,0,0,0,0
150,000590,2018-03-29,0.006018916595012858,0.004299226139294898,0.7914839674566638,11610.0,25168.646458962085,215,1932920,2108946,178568,176770,853447,851870,651702,840504,249203,239802,0,0,0,0,0,0,0,0
151,000591,2018-03-29,0.01724137931034475,0.012931034482758674,0.12859868801136567,3276.0,35825.06556420127,1304,9482262,9111182,970336,1060551,3694552,3543401,1773253,1268639,1633065,1647021,1095156,503840,315900,0,0,458250,0,629480
152,000592,2018-03-29,-0.007058823529411784,-0.007058823529411784,0.11515399042563254,10128.0,76672.8582845008,1366,20319107,18442232,851072,1328059,4083446,6758930,3075003,3401425,2924031,2845020,2798367,1144154,702433,357012,889152,1311950,4995603,1295682
153,000595,2018-03-29,0.0185185185185186,0.016203703703703498,0.20624773291511458,5927.0,34295.21968941594,438,4007904,3898095,529527,360103,1888333,1246892,725640,918368,556756,626432,0,439000,307648,307300,0,0,0,0
154,000596,2018-03-29,0.03196664350243217,0.02154273801250861,1.5136295301081144,11821.0,84612.87416310723,1448,20910282,31140003,1290445,1169736,6413572,6813687,4418138,5495218,3893236,5024802,1976153,2915366,684360,2656456,433200,1268920,1801178,5795818
155,000597,2018-03-29,-0.004960317460317554,0.0,0.3286229002647737,7049.0,50693.44514337015,941,13370685,9165885,886587,723786,2893315,3378474,2519688,1436996,2620563,1782369,2692462,1140444,301200,703816,853870,0,603000,0
156,000598,2018-03-29,-0.00591715976331364,-0.007889546351084853,0.12839624926392093,11088.0,92944.14556507587,1562,36315865,19284660,1813082,771456,7181517,4942562,8941835,4378032,5972715,3822356,2056140,1906007,1046466,1938687,888552,0,8415558,1525560
157,000599,2018-03-29,0.0034188034188034067,0.00512820512820511,0.31364530509054883,9408.0,50550.67719236967,347,4511341,3958211,301782,422466,1485134,1266045,909705,1184896,992266,424429,461636,0,360818,0,0,0,0,660375
158,000600,2018-03-29,-0.001434720229555153,0.007173601147776099,0.16067440188986334,14364.0,131182.76977500017,1885,48123179,48782361,1203853,2098223,6672873,9370718,6223034,7768160,10274537,8758812,5917079,5873961,2884316,3077176,3061557,1725136,11885930,10110175
159,000601,2018-03-29,0.004347826086956497,0.0028985507246375164,0.2751015681733983,2772.0,30476.246288415925,629,4049303,4502371,316194,1092796,1157690,1322511,1214810,846453,1056319,534883,0,705728,304290,0,0,0,0,0
160,000603,2018-03-29,0.004432624113475336,-0.0035460992907800915,0.352042010633176,22220.0,93542.74406813963,1027,29172987,26372795,383962,767326,3861493,5900926,5180486,4020283,9874401,5885027,2810662,3241433,4144920,1718300,2340039,928200,577024,3911300
161,000605,2018-03-29,0.061666666666666536,0.061666666666666536,0.38998725107576276,27839.0,402121.314491302,2133,98304662,98786139,1124429,1343809,9544099,10258582,11101545,9965573,14359007,14071119,9889420,11495767,6483570,10568825,5343049,5802327,40459543,35280137
162,000607,2018-03-29,0.019230769230769162,0.013461538461538414,0.19695695608863986,2108.0,31101.3130439663,697,4164282,3931639,327184,753710,1183503,1762477,959663,923334,743240,0,509812,492118,0,0,440880,0,0,0
163,000608,2018-03-29,0.031722054380664666,0.01812688821752273,0.23036501960705347,13510.0,66110.97607796607,826,13159122,20479565,706552,658293,2777743,3594662,3614461,5231091,4803929,4478925,606287,2707229,650150,2110048,0,918736,0,780581
164,000609,2018-03-29,0.021229050279329753,0.01787709497206702,0.3534704853332084,10704.0,61790.12950654228,641,8642070,11023540,579685,609649,2660761,2637614,1986390,2863113,1786923,1660217,897911,1041940,730400,302022,0,0,0,1908985
165,000610,2018-03-29,0.004094165813715467,0.007164790174002178,0.42012232198741684,8788.5,25954.265100114713,540,4285652,4227295,660655,835225,2038751,1765719,1017046,885323,569200,482653,0,258375,0,0,0,0,0,0
166,000611,2018-03-29,-0.027027027027027084,-0.02432432432432441,0.4139002806008038,3645.0,84988.83874680936,319,5237491,2558185,132880,301778,911075,986137,1134461,528142,472675,429108,216600,0,0,313020,0,0,2369800,0
167,000612,2018-03-29,-0.003968253968253843,0.002645502645502784,0.18572160245960292,5285.0,22280.58887737214,1663,13792949,8900259,2199840,1432493,5848955,4667483,4052618,1852403,1691536,947880,0,0,0,0,0,0,0,0
168,000613,2018-03-29,-0.012807881773399088,-0.021674876847290747,0.20315164192475468,32064.0,267582.39587686985,2507,122593148,118640881,948944,1500443,9217256,12344637,13784833,13184082,16792826,19173729,16798561,15081496,14619605,11448883,6698948,7002615,43732175,38904996
169,000615,2018-03-29,0.027722772277227747,0.04257425742574261,0.18105391513222582,53357.5,279608.7979213924,3122,202056932,208740998,964989,1084864,12451035,13966937,18729997,19137866,33253598,32767904,26468865,25126459,23052624,20414957,18576502,15727699,68559322,80514312
170,000617,2018-03-29,-0.0051967334818114885,-0.0037119524870081744,0.5205544899365294,5340.0,40731.72380025504,669,6195811,6674657,882539,574546,1415412,2244016,1901568,1729738,1039466,935205,464166,487241,0,703911,492660,0,0,0
171,000619,2018-03-29,0.0014084507042253502,0.004225352112676051,0.4362205793884578,7060.0,55054.31631683477,264,2040383,3341646,174401,369471,844012,889205,632367,492478,389603,450419,0,0,0,0,0,495600,0,644473
172,000620,2018-03-29,0.008183306055646433,0.004909983633387682,0.17904860593178856,12100.0,51120.30179760419,1165,18048833,14200315,985069,1070913,5953488,4300573,3715810,2772320,4409096,2786928,705853,1277974,364212,1991607,1393372,0,521933,0
173,000622,2018-03-29,0.0023041474654377225,0.011520737327188835,0.22819364548073015,4360.0,24753.28214781012,361,1914972,2345924,128202,682150,686703,908246,299894,391170,800173,364358,0,0,0,0,0,0,0,0
174,000623,2018-03-29,0.01036525172754188,0.007403751233958422,0.49689569260202504,20470.0,131224.57144527457,1662,45759387,57633212,866870,844020,9080504,8099514,7408910,7982837,9027511,9654364,6283588,7614782,2890978,4781858,2187992,4001233,8013034,14654604
175,000625,2018-03-29,0.011786038077969296,0.00997280145058932,0.25612844228371073,14443.0,74512.56310017873,1855,36803711,34841762,1068503,1848277,9818391,7736219,9521566,6543968,7763957,6808577,1915074,3959627,1715121,2713815,1717137,3125816,3283962,2105463
176,000626,2018-03-29,0.004237288135593209,-0.0016949152542373724,0.3973681361355218,10674.0,63054.70065020685,882,13652548,11187078,637988,890105,3788900,3327715,3529984,2397746,2545141,1838489,272600,1399613,339840,684122,845064,0,1693031,649288
177,000627,2018-03-29,0.015604681404421283,0.005201560468140354,0.19083256379367983,8536.0,69459.19480473366,1626,24963897,24701291,1407418,1463350,5446867,5465797,6259594,4555417,4383669,5373742,2087329,2371411,1123310,2823352,1864060,1300720,2391650,1347502
178,000628,2018-03-29,-0.031419284940411796,-0.02600216684723733,0.28368807869139107,10956.0,79554.10441336871,1059,21837860,10960476,1232489,1204408,5776136,3764410,4275239,2703638,2544489,1329335,1920372,286836,729080,364585,1775956,0,3584099,1307264
179,000630,2018-03-29,0.007633587786259444,0.0,0.06111850129129168,7890.0,97059.27195302222,1858,48474437,24747258,1603767,1373999,6113395,4608442,7309466,4089540,17530692,6156730,4023262,2815417,1771294,314662,1253357,1378383,8869204,4010085
180,000631,2018-03-29,0.014888337468982549,0.014888337468982549,0.1266297465940114,9361.0,82989.49848452673,1015,16278958,14444992,839525,842501,3515136,4634803,1234314,3054246,1469261,2072701,2265399,871357,2486108,726279,2675413,409818,1793802,1833287
181,000632,2018-03-29,0.003472222222222321,0.005208333333333481,0.2867422634990048,7527.0,97834.55037747185,403,10676266,8847123,239108,323840,1007919,884488,963037,1227834,3191267,1096739,2518225,1808271,641904,2563590,842184,419957,1272622,522404
182,000633,2018-03-29,-0.0036900369003691758,-0.012300123001230179,0.3679194021687446,4860.0,58545.738057285904,488,6666689,3497207,258951,692593,1821028,971889,741132,865419,955752,331763,976511,0,710815,635543,402500,0,800000,0
183,000635,2018-03-29,0.0213776722090262,0.011876484560569889,0.4292224010964674,6400.0,37145.28645785437,866,8732095,8385257,634010,946785,2930813,3191051,1886961,2012355,1977495,1563591,957756,288675,345060,382800,0,0,0,0
184,000636,2018-03-29,0.0,0.0028776978417266452,0.25666610136770235,71526.0,368603.9375463994,2938,270975467,273767101,865916,867328,10511818,10236722,19234983,14897588,33593275,28451129,30654673,28750691,25738680,26141896,18817087,24661440,131559035,139760307
185,000637,2018-03-29,0.020332717190387983,0.007393715341959428,0.24372669396623065,10840.0,46981.313425285705,492,6380037,7519056,537703,361788,1982057,2017997,1140299,2075882,1224110,1779847,1192908,959914,302960,323628,0,0,0,0
186,000638,2018-03-29,0.02995391705069128,0.02188940092165903,0.25377342216349436,11466.0,56648.26048310123,1171,14751171,20011993,1379374,1078484,5171518,5253027,3555963,4349771,2790993,4087404,724869,1677766,676226,1710156,452228,440000,0,1415385
187,000639,2018-03-29,-0.008502289077828573,-0.0065402223675604665,0.4572419818323564,13788.0,80510.57592406245,1118,20094444,18913192,1045695,814193,5972241,4638047,5497326,2956022,3276280,3024708,522288,1372012,2090524,750210,456900,1377432,1233190,3980568
188,000650,2018-03-29,0.003937007874015741,0.003937007874015741,0.19088576875103308,10180.0,79926.66844153879,708,9640580,12952718,591996,451770,3180436,2537674,2714498,1425939,1453487,3150039,1092451,2146751,607712,351536,0,485009,0,2404000
189,000651,2018-03-29,0.029958451782200024,0.012027115678985512,0.7622787192375694,490949.0,1039296.7627576196,3600,1330456236,1413210617,4667,18513,795733,949729,5060859,4977234,30626209,29888113,55398844,47804149,69052681,64697106,74424032,64204110,1095093211,1200671663
190,000652,2018-03-29,0.020224719101123556,0.008988764044943753,0.1376858260458042,6723.5,62626.93711425666,1046,12828106,9705626,1201074,1191003,3310710,3677928,1665937,1595786,1938654,2056848,1173658,222055,767185,366166,935500,0,1835388,595840
191,000655,2018-03-29,0.0,0.008532423208191142,0.13959534946070673,10584.0,47052.58517388466,1765,24481422,21849767,1892111,1489808,8032067,6716487,6214978,4560380,5160909,5836987,1970733,1710909,656408,329332,0,435860,554216,770004
192,000656,2018-03-29,0.022222222222222143,0.005555555555555536,0.1411470924849431,13020.0,164839.21383352924,1466,36843163,43180919,1370508,1210060,5079419,7427953,3242276,5009651,4064187,6281026,5164685,6228343,2367853,2019156,2344957,1845328,13209278,13159402
193,000657,2018-03-29,0.01779026217228452,0.016853932584269593,0.3186840037466485,6486.0,51060.47742536826,1124,10827137,12006099,1241968,1049854,3252515,4196482,2117041,1640949,1715000,1984563,1489528,1362617,0,329560,426400,461974,584685,980100
194,000659,2018-03-29,0.01846965699208436,0.01846965699208436,0.16397278781807975,19000.0,137089.0195104229,534,14336072,15882852,291088,426698,2878673,2296842,2430576,2706444,3134899,2193611,839247,641639,654372,0,460940,421300,3646277,7196318
195,000661,2018-03-29,0.01809192044049901,-0.002921676592875455,3.835276639637549,53400.0,265428.0411437441,2157,151951284,119267670,0,9928,9380655,8311363,17917427,14268089,30195318,30985488,17439297,10250260,16752931,7809101,2682505,7590906,57583151,40042535
196,000662,2018-03-29,-0.028464419475655367,-0.03745318352059923,0.3584270950500418,14321.5,74513.10603816873,1388,29680051,22679842,797886,1072551,6844851,6828524,6144336,5422769,6966886,4568828,4166094,1055162,932202,719738,1369736,464640,2458060,2547630
197,000663,2018-03-29,-0.004071661237784907,-0.009771986970683932,0.31660926843413967,18315.0,75092.47382024223,1505,34668210,28263037,1039035,1132211,8363120,7375053,6502810,6616098,9080320,6100542,2314210,3246506,1922634,1066742,1295519,1791377,4150562,934508
198,000665,2018-03-29,0.009823182711198308,0.013752455795677854,0.29875576990044644,20700.0,96451.54008485962,1161,30521073,31831782,671570,691347,5200345,5920988,5264794,4318187,6192014,7742178,5820306,4870424,2643843,1898140,1334152,2178783,3394049,4211735
199,000667,2018-03-29,0.034482758620689724,0.017241379310344973,0.08458335072778202,4402.5,76499.35415648502,1180,8257157,18373017,663807,1460557,1823804,4289253,864552,2281302,957148,3201501,1535823,2475041,320790,387361,436500,1344776,1654733,2933226
200,000668,2018-03-29,-0.00233281493001547,-0.0038880248833591535,0.7235730566114027,5100.0,35005.22260484937,315,1416020,2727870,129131,635267,366879,828081,255331,385138,409279,287899,255400,230400,0,361085,0,0,0,0
201,000669,2018-03-29,-0.0017730496453900457,-0.005319148936170137,0.3490453592376479,4476.0,38927.607891836786,1045,6895680,7563246,1007253,1265531,2507821,2368613,1350786,1852529,1154844,1172877,224000,0,650976,0,0,0,0,903696
202,000670,2018-03-29,0.007380073800737907,0.007380073800737907,0.11293400371488252,14952.0,68486.67151468611,2311,39934655,44557525,1914710,1718736,11340722,10481447,10360808,8669646,8325278,9799052,4336547,3990613,2323645,3136625,815395,2191380,517550,4570026
203,000671,2018-03-29,0.06948228882833796,0.04768392370572205,0.13506781563856246,46066.0,262488.51113009505,2963,168943691,213494438,1192144,1482939,9450367,12723698,14755191,22394605,26963989,31152021,19888895,23314409,16245649,20844435,11082859,19841438,69364597,81740893
204,000672,2018-03-29,0.05173876166242586,0.050042408821034945,0.20425990072149844,62475.0,283720.8111232837,3337,205278680,277872927,983539,985553,14974875,13822787,24822954,19663747,41323813,40138241,29796291,28275459,19641215,25764677,11625747,26537213,62110246,122685250
205,000673,2018-03-29,0.006451612903225712,0.00774193548387081,0.5363435791233017,20150.0,266813.9690340605,835,25520518,68877302,893816,410428,3851483,2692837,1931191,3646976,3520787,5339546,1379961,4271825,3319013,5787615,426525,4827313,10197742,41900762
206,000676,2018-03-29,0.01123595505617958,-0.009507346585998278,0.46671020115960493,11530.0,57647.79178829075,614,10809608,7399826,517232,568124,3157065,2229725,2199430,1299440,2390384,1328404,1185180,725307,345600,672822,452367,0,562350,576004
207,000677,2018-03-29,0.0031746031746031633,0.01587301587301604,0.16320111873594956,5733.0,51047.07591527618,372,1980407,4283710,326173,495101,932466,1369598,721768,449646,0,613299,0,529266,0,0,0,0,0,826800
208,000678,2018-03-29,0.004878048780487809,0.004878048780487809,0.3151469735828805,9247.5,70616.51935837946,380,4646210,4700370,357159,458782,1402432,1467560,971780,1326852,453780,298922,443136,0,1017923,0,0,0,0,1148254
209,000679,2018-03-29,0.0031746031746031633,0.006349206349206327,0.29684367919250565,5048.0,32882.71281905809,450,3814656,3253072,320087,436275,1302979,1379864,1121474,564573,531451,351580,226665,201280,312000,319500,0,0,0,0
210,000680,2018-03-29,0.011820330969267046,0.009456264775413503,0.13425761687287552,6404.0,76298.85939179327,994,8041114,14533607,826662,1467502,2534284,3720091,1760391,1224936,1924848,2096364,664941,1102927,329988,1164795,0,0,0,3756992
211,000681,2018-03-29,-0.04474852071005919,-0.045488165680473425,0.5587359935452757,26510.0,165149.98094058613,2346,100923477,89497790,633311,1545706,7955367,14427103,8687796,13644626,15639239,18057693,16660508,10720686,11739041,7793766,3999035,4860678,35609180,18447532
212,000682,2018-03-29,0.0,-0.0023041474654377225,0.18952290268501512,2165.0,28283.269784850312,524,3618158,2480099,284859,623315,1204879,1417655,601509,439129,721668,0,499978,0,305265,0,0,0,0,0
213,000683,2018-03-29,0.011235955056179803,0.0074906367041198685,0.07560293731127894,5628.0,92049.86449225752,1255,17131281,15889846,1103315,1111398,3562621,3747077,2571549,2549676,4260859,3543251,1788958,1800620,377188,746572,418418,0,3048373,2391252
214,000685,2018-03-29,0.01005025125628145,0.007035175879396949,0.3265909499879034,13078.0,72426.509220193,928,13804312,19751392,815384,605153,3707890,4477687,2083888,3557219,1989729,4780000,2859464,2078771,636505,2011770,910452,967971,801000,1272821
215,000686,2018-03-29,0.015544041450777257,0.011658031088082943,0.2073990153437138,21910.0,160178.47275612206,1386,46247981,50484432,913914,1020219,6419747,7612156,5859903,6682611,7421239,7309376,4390746,4330693,3952350,5485625,2679886,4062962,14610196,13980790
216,000687,2018-03-29,0.007525870178739513,0.0,0.2491964547980114,16656.0,70013.96374936364,1821,41449449,30819328,1369142,1095571,9269293,8529886,8303466,6551286,9254924,7020093,5518716,3506861,3439670,1733655,2253589,480442,2040649,1901534
217,000688,2018-03-29,0.03003003003003002,0.01501501501501501,0.25266059764213156,23195.5,149542.462204095,1564,32977917,67228506,684363,1065331,5258218,8718876,6851095,10454260,6849372,12670683,3451970,10227778,2834901,5358183,910872,6220573,6137126,12512822
218,000690,2018-03-29,0.0,0.0060606060606061,0.2386006439196875,9960.0,190024.7762564214,1196,24490482,25701931,1922281,831017,5010338,4538986,2700823,2979220,2635578,3073291,2999970,1947658,985007,1697395,882968,1368127,7353517,9266237
219,000691,2018-03-29,-0.008130081300813163,-0.008130081300813163,0.3423504841795579,6125.0,26730.844173383535,322,3147862,1945918,215890,505381,1032725,1033545,790937,172800,1108310,234192,0,0,0,0,0,0,0,0
220,000692,2018-03-29,0.012787723785166127,0.005115089514066584,0.17857155282368303,2737.0,28265.25697171872,479,2645232,3517424,282697,565574,846173,1307259,733098,499222,549264,938921,234000,206448,0,0,0,0,0,0
221,000693,2018-03-29,0.0,0.0,1.0676383745474138,2622.0,6704.486514515795,66,0,349600,0,168682,0,180918,0,0,0,0,0,0,0,0,0,0,0,0
222,000695,2018-03-29,0.021363173957273496,0.02238046795523907,0.34410808186691927,10010.0,35129.06273474065,817,9373691,6373122,771207,502455,3489031,2997609,2124950,1822381,1649433,524715,864652,525962,0,0,474418,0,0,0
223,000697,2018-03-29,0.0015991471215350828,-0.008528784648187626,0.4757057135240462,18780.0,107667.20774636032,1556,39056959,32015042,1314325,847818,9019307,6055023,9010160,7946070,8457704,6854727,3043062,3924659,1666081,1809344,2358480,407743,4187840,4169658
224,000698,2018-03-29,0.0035650623885916666,-0.005347593582887722,0.19063539594938575,11140.0,85020.06289300846,866,18032272,11668968,771791,719292,4318706,2627265,3844258,1805847,2960828,2572755,908853,1179501,766287,0,443200,407898,4018349,2356410
225,000700,2018-03-29,0.0040567951318459805,0.0020283975659229903,0.24658386858981068,4960.0,64392.899453493395,399,5760933,3676839,504524,459706,1288422,1428718,373158,804053,1236014,149792,226746,247500,1392569,0,0,0,739500,587070
226,000701,2018-03-29,-0.022801302931596212,-0.023887079261672217,0.21980590161295926,16434.0,223281.66418998517,1758,47287325,48829150,1501591,1577455,7856164,7422669,8200024,8005972,10842144,6796965,5988198,3415770,3397410,2414625,2997963,1365218,6503831,17830476
227,000702,2018-03-29,0.0059970014992503096,0.004497751124437732,0.24612042078708116,10320.5,45930.71119627013,734,9211782,9535504,638358,691029,3395153,2781276,2228599,2080522,1386477,2410953,701271,1185235,399848,386489,462076,0,0,0
228,000705,2018-03-29,0.0,-0.003906249999999889,0.2603583577210384,6168.0,37447.135084981375,870,10338084,6828229,1157023,687934,3292276,2140993,2791500,1802988,2484963,996535,229822,801187,382500,398592,0,0,0,0
229,000707,2018-03-29,0.007462686567164312,0.012437810945273853,0.1702947097112612,4470.0,31625.17251075429,557,3033074,5591856,329102,911199,1063191,1990053,778630,1169001,661152,731560,200999,464443,0,325600,0,0,0,0
230,000708,2018-03-29,0.020916334661354563,0.014940239043824688,0.334609102877365,14042.0,47102.888512301935,900,12969662,14938411,543854,561487,3482195,4638122,4299406,3414528,3262607,3628834,251370,2319890,604134,375550,0,0,526096,0
231,000709,2018-03-29,0.017391304347825987,0.011594202898550732,0.07823092865266262,13262.0,189992.00978220612,1956,44382381,69920576,1454076,1617257,8613284,8135527,6042742,7687632,8242001,9569847,2305268,3791129,3990754,3383306,1766715,1286627,11967541,34449251
232,000710,2018-03-29,-0.001455906821963393,-0.004783693843593895,1.1803998954361843,28614.0,87348.40576921999,1661,46647712,39173208,1303643,1453412,9061637,10103017,8041365,8277873,9964798,7369954,6217476,6504264,3030224,2818629,2769719,889685,6258850,1756374
233,000712,2018-03-29,0.018421052631579116,0.018421052631579116,0.3404106802189138,21609.0,152208.44755987605,1996,64813573,64181211,1402624,1247221,9575066,9460360,9768034,7561890,14542687,13056158,6470477,8792806,5916047,5872391,1299837,2668820,15838801,15521565
234,000713,2018-03-29,-0.002941176470588225,-0.004411764705882337,0.191911290293255,10848.0,53166.73533923006,1256,20628654,15002618,1423897,902172,5894783,4831150,5043123,3202467,3904359,2729486,2232364,1725303,700880,0,906516,935040,522732,677000
235,000715,2018-03-29,0.010650887573964374,0.00946745562130169,0.6023138670838203,4672.5,28138.396382516043,196,1109345,1750565,164600,205670,665883,575999,55902,416016,222960,352141,0,200739,0,0,0,0,0,0
236,000716,2018-03-29,0.015414258188824581,0.007707129094412402,0.1699208025945039,7364.0,55622.87454642902,933,10717923,11932873,1395264,466043,3477121,2766275,1706083,2917771,3062627,1935886,1076828,1952402,0,316496,0,0,0,1578000
237,000717,2018-03-29,0.036484245439469376,0.026533996683250516,0.1133887630913114,35574.0,216094.35350163668,2838,135505672,167007074,1409464,1436748,12320908,12261557,15976803,16356914,23331744,24803163,15243167,23851646,16881856,14567665,8594661,12705298,41747069,61024083
238,000718,2018-03-29,0.035175879396984966,0.03266331658291466,0.11348065421374072,9338.0,130755.40493922307,1233,13379082,36725859,990066,1624957,3757248,5772405,2430324,4052598,2439366,3836903,1130389,4899730,1321679,1406119,1310010,1687342,0,13445805
239,000719,2018-03-29,0.02043269230769229,0.016826923076923128,0.268347399028563,1694.0,24904.390174469867,961,3646843,5448049,401457,1540846,1485026,2046419,644218,728106,591920,543472,524222,247254,0,341952,0,0,0,0
240,000720,2018-03-29,-0.009433962264150941,-0.009433962264150941,0.18502818318145098,6315.0,129770.31409097332,525,12907530,3796843,411951,516366,1593064,1940680,1527655,1015382,1094214,324415,713500,0,378000,0,1317146,0,5872000,0
241,000721,2018-03-29,0.005769230769230749,0.005769230769230749,0.201022846911418,9432.0,63138.26588754724,669,7925070,8247747,612525,658158,2814984,2314788,1560495,1246367,1939619,1260242,469624,258300,0,393749,0,401187,527823,1714956
242,000722,2018-03-29,0.014891179839633395,0.010309278350515427,0.39058022561172384,5262.0,38390.75624766842,499,5128532,3567059,724796,406483,1748875,1602621,1269913,979121,754073,358334,0,220500,0,0,0,0,630875,0
243,000725,2018-03-29,-0.005555555555555647,-0.012962962962963065,0.09026626023404188,251856.0,1281123.6012056838,3596,980304273,1289923256,155118,191559,4832238,5126350,15019988,16339922,48681809,62201889,50110538,62114504,43715421,62510259,31688578,54314513,786100583,1027124260
244,000726,2018-03-29,0.0009578544061301653,-0.0019157088122604415,0.40402661599724987,2086.0,27641.73245304432,667,4809934,3530746,577307,655852,1330138,1085979,1269217,609037,1347272,763678,286000,416200,0,0,0,0,0,0
245,000727,2018-03-29,0.00421940928270037,0.0,0.05899682067507438,5474.0,69100.75657556087,1633,21257168,14167456,1642737,1778459,5323257,4277045,3800060,1546287,3055756,3579065,2105465,2107946,1339804,385836,1302789,492818,2687300,0
246,000728,2018-03-29,0.016685205784204626,0.013348164627363657,0.20165027351883238,26849.0,171342.95517171378,1989,64733533,95446768,1305153,1561575,9836116,10351785,9535591,11344071,9162579,14849623,9199197,11271600,5759961,8904215,4880084,5472353,15054852,31691546
247,000729,2018-03-29,0.023287671232876672,0.015068493150685036,0.20228768418359422,9542.0,53306.22597955954,1303,14107490,18111686,1643993,1172470,4554673,5912991,3521091,3794871,1433584,2410160,1324455,1149511,315980,1461016,811658,878144,502056,1332523
248,000731,2018-03-29,0.0013440860215052641,-0.005376344086021501,0.2921506403327787,14126.5,91676.03176417314,648,17105286,8443454,526228,595044,2855654,2920797,2722242,1964656,3375742,1735922,1457672,894171,710836,332864,2274671,0,3182241,0
249,000732,2018-03-29,0.1048543689320387,0.1048543689320387,0.454104493339198,111338.5,949084.4611121167,3228,518563453,571800141,740369,551258,10044955,9609226,18119987,14878052,41090591,33490248,37133668,28274438,27924733,31136795,25126399,21345818,358382751,432514306
250,000733,2018-03-29,0.012317167051578037,0.007698229407236301,0.350759910904704,13150.0,66968.10237681665,1372,25924529,22331968,979064,1107313,6201129,6694444,6946856,5210795,5686226,5202247,1934436,1500597,1275090,655722,0,963179,2901728,997671
251,000735,2018-03-29,-0.00723140495867769,-0.016528925619834767,0.18293769304181565,43976.0,222852.0707284904,2805,177508174,133219565,1550576,1300766,13573391,10980811,20227050,15179607,29846034,24299701,23794855,16103475,16844685,11490499,14078640,10506321,57592943,43358385
252,000736,2018-03-29,0.050167224080267525,0.03344481605351168,0.5524873424441652,20009.0,101452.4876792513,1055,24927082,29794205,632892,760030,5045955,5811496,4450596,5775376,4500140,7334283,3277005,2523310,1075353,2818273,852510,404040,5092631,4367397
253,000737,2018-03-29,-0.0025839793281654533,-0.0025839793281654533,0.2250400558044296,6948.0,33185.72344666584,295,3569570,1824611,298988,308028,1421139,715937,557213,354344,1084870,446302,207360,0,0,0,0,0,0,0
254,000738,2018-03-29,0.011479591836734748,0.0,0.32108503690971074,26945.0,154103.92023043105,2387,86986883,79234905,1404936,1671553,11911216,9751576,14262988,12833203,18310722,14769164,12407604,8221042,7232824,8642538,4999669,3630258,16456924,19715571
255,000739,2018-03-29,-0.004901960784313819,-0.004901960784313819,0.24767939296289498,10242.5,74945.74425924459,610,12624097,8901726,690807,438543,2805692,1920001,2167596,1682857,1803093,2479242,1532713,1168911,1035360,1212172,0,0,2588836,0
256,000750,2018-03-29,0.009345794392523477,0.007009345794392274,0.11484358146816852,8630.0,91476.09567990736,1392,16500102,29796863,1252175,1304341,4885006,5734575,2857342,3387780,3505430,5170993,1672597,4094453,631584,2696937,1695968,1748261,0,5659523
257,000751,2018-03-29,0.011210762331838486,0.008968609865470878,0.15106873672065935,8100.0,59124.99667168642,872,10030500,12137839,876973,1041688,3839032,3058025,1676958,2044427,471570,1451411,994538,1650710,1089364,730548,410835,2161030,671230,0
258,000752,2018-03-29,0.005734767025089571,0.0035842293906811484,0.724710324739833,7025.0,25038.08507159613,370,2817995,2584113,399862,463893,1393082,1160586,434187,597233,140400,362401,450464,0,0,0,0,0,0,0
259,000753,2018-03-29,0.005934718100890191,0.008902077151335286,0.13396810445843632,9492.0,59686.37563068741,633,8653096,8484212,546487,497436,2795116,2502095,1669646,1855495,1554103,1073047,999170,729150,0,323067,477256,917879,611318,586043
260,000755,2018-03-29,0.0064102564102563875,0.008012820512820484,0.4020118654101587,6290.0,32182.356325697325,240,1689491,2781114,198276,236759,574024,809322,688864,795036,228327,689026,0,250971,0,0,0,0,0,0
261,000756,2018-03-29,0.013201320132013139,0.0008250825082509738,0.3790759317934815,12140.0,56561.77377403819,1022,17951901,10192856,924447,754967,6897701,3611575,3672766,2085349,2693500,1823158,934076,411860,360000,1017930,480000,488017,1989411,0
262,000758,2018-03-29,0.010526315789473717,0.010526315789473717,0.14135890771857335,7397.0,74685.22809599554,1629,17842543,26465246,1172089,1621235,4805939,6581856,2469834,4758031,3657968,3643293,3141027,1835196,785556,2172272,0,889920,1810130,4963443
263,000759,2018-03-29,0.004801920768307211,0.01200480192076836,0.21522162747580303,14178.0,54974.89375154336,1500,23857165,23320643,1288976,1537903,6627663,7371506,6096001,5655705,6632972,4432602,751123,2189759,661121,1041115,918605,400673,880704,691380
264,000760,2018-03-29,0.004237288135593209,0.0,0.18554471632056066,6123.0,46711.41550117101,647,6791989,6210230,461317,969997,2118950,2278132,1128077,1664679,1200396,1297422,299085,0,391040,0,471000,0,722124,0
265,000761,2018-03-29,0.02752293577981657,0.020642201834862428,0.120796607722085,5811.0,70174.5922221143,1305,16466619,19514996,1423079,1032295,4331404,4383814,2023295,2548914,2778319,3994263,1504795,3221326,1660855,738743,1339936,902331,1404936,2693310
266,000762,2018-03-29,0.005343511450381699,0.0015267175572519776,0.33188352252277736,13120.0,80500.39433165356,1558,29324653,26465853,1143616,1958757,7786686,6919500,4960349,6947170,4583137,4781910,3515196,1236685,1407214,1739805,906623,1338008,5021832,1544018
267,000767,2018-03-29,0.003676470588235281,0.0,0.12377668398472,8160.0,51704.10426968081,483,7382537,5256727,373111,325252,2258413,1039410,1582411,1494551,1327786,1891534,542432,505980,755684,0,0,0,542700,0
268,000768,2018-03-29,-0.0148544266191325,-0.02020202020202022,0.2999270074154695,52800.0,359469.77292752045,3154,262386942,181764507,2063679,979205,14324972,11436473,18520474,18281861,42339793,31233989,26953851,21800417,21001977,14551662,17119616,10591908,120062580,72888992
269,000776,2018-03-29,0.01048735348550256,0.008636644046884578,0.31384628575654927,48929.0,314056.15888848045,2669,183694871,208433758,1423924,1100877,10747495,11411346,15554559,13663085,22522919,26068141,27246989,22724995,18498655,19454784,10510364,17685069,77189966,96325461
270,000777,2018-03-29,0.0007347538574578039,-0.0022042615723731895,0.48684154316593947,8196.0,59669.13074076121,781,10021810,10972576,746886,1127633,2461148,3239763,1887322,1888269,1836087,2643547,686979,696946,708253,313950,470214,411300,1224921,651168
271,000778,2018-03-29,0.012371134020618735,0.008247422680412342,0.12155963508754503,12688.0,98119.62876507532,1595,29668532,32924280,1282367,1442572,6697144,7463008,4138005,5527708,4271785,6330697,6137584,3828267,944298,1738543,1802379,1372125,4394970,5221360
272,000780,2018-03-29,0.010288065843621297,0.00411522633744843,0.27432354009163923,11132.0,60098.58328471116,313,4047347,4584493,276643,368678,1585457,1214592,897780,947017,685763,833356,0,0,0,641670,0,0,601704,579180
273,000782,2018-03-29,-0.003058103975535187,-0.001529051987767538,0.3239131560893933,3240.0,33532.63616363491,407,3008977,2894596,281311,468550,986262,826320,645034,758266,571986,371800,524384,469660,0,0,0,0,0,0
274,000783,2018-03-29,0.012622720897615736,0.012622720897615736,0.18041263660709778,17800.0,149661.73359075675,1563,30523898,56428249,1346443,1425574,6166392,8062374,5474730,9676058,5209613,7693662,2199552,6595877,1761547,4478130,1782746,1842580,6582875,16653994
275,000785,2018-03-29,0.021943573667711602,0.01567398119122254,0.37175683867988973,12063.5,58108.737529281956,662,8343041,11609113,781363,752885,2791048,2977792,2604254,1981881,1618204,2622419,548172,1209538,0,710975,0,494648,0,858975
276,000786,2018-03-29,0.0339544513457557,0.01904761904761898,0.4147646742145346,84348.0,307480.44913055573,3397,297127253,287195462,1109475,682754,12324384,12318982,21786743,18727899,45237247,48418674,39311098,35562973,23431274,32683607,22591874,22597596,131335158,116202977
277,000788,2018-03-29,0.015449438202247201,0.012640449438202195,0.2389701047750092,11999.5,64406.601245865415,888,13968519,15660873,898089,842459,3778301,3963870,2962229,2138040,2698842,2781201,2620658,2425499,0,2402309,432000,430560,578400,676935
278,000789,2018-03-29,0.08379373848987104,0.08103130755064458,0.19168490934676655,71670.5,720981.6038440187,3220,299193589,339026389,896112,828927,13363859,11227628,22974830,18537996,36418873,40927820,26659752,32036070,28962917,23423921,18357172,20935449,151560074,191108578
279,000790,2018-03-29,0.003726708074534013,-0.023602484472049712,0.18724362124201605,15850.0,101067.72995581385,1852,47465986,41943548,1517580,1583936,9024089,7565794,8486839,6248654,9904466,10662278,6839782,2878790,3694915,2934586,2161093,3143855,5837222,6925655
280,000791,2018-03-29,0.01333333333333342,0.01185185185185178,0.2127270686402353,10230.0,78799.58641307596,1007,14859710,14188927,1101345,979729,4122229,4064529,2526814,2466687,1612056,2430753,1469230,545600,342500,964680,902082,936975,2783454,1799974
281,000792,2018-03-29,0.010399999999999965,-0.0023999999999999577,0.2658144328131448,25100.0,162173.12077728572,2213,78743457,86539651,1042702,1200548,10324773,9583703,10614713,11523479,17659595,19377192,12815881,12913947,9236855,5908963,4075168,4386538,12973770,21645281
282,000795,2018-03-29,0.03169014084507049,0.028169014084507005,0.1163796056013342,19516.0,149657.80619072155,2389,58629065,78980167,1756593,1463924,10905078,11747162,11402644,12166193,15168338,15047001,5663876,5962910,3638144,4133334,1700484,5474735,8393908,22984908
283,000797,2018-03-29,0.045924225028702415,0.03329506314580932,0.27454062572301247,16568.0,105042.47001843432,1007,17568367,29162361,992391,1152522,3778811,4668542,3721734,5833695,3684013,4513260,2114905,3725000,1041341,1085948,1335172,1872144,900000,6311250
284,000798,2018-03-29,0.010575793184488758,0.0,0.40445442169738294,10182.0,36014.591130565714,442,5257953,3482842,412493,462882,1924255,2090148,1162710,551117,799277,125097,230384,253598,728834,0,0,0,0,0
285,000799,2018-03-29,0.03408071748878916,0.030044843049327197,0.46697539416285316,22660.0,103160.30629753585,2281,50869902,76763707,1361617,1472640,11470672,11138830,9757640,10171508,12653423,21969741,6899098,11903930,2639588,6161664,3513077,4356788,2574787,9588606
286,000800,2018-03-29,0.0049554013875123815,0.0,0.2681625614048138,20140.0,160278.6228773382,1416,44248250,50223739,622616,1170368,5244165,8012252,4383442,6363954,9346806,8827478,6745606,5167492,5128353,2667015,3742062,2224017,9035200,15791163
287,000801,2018-03-29,-0.013432835820895495,-0.013432835820895495,0.1309905168699233,24734.5,183971.7037602846,2626,106925561,79048879,1682118,1666824,13182342,11532548,13046796,12256258,21635021,18587238,9187998,8837946,10592455,6481201,5157896,2626257,32440935,17060607
288,000802,2018-03-29,0.0017467248908298316,0.006113537117903967,0.3870756750986314,8050.0,45335.359358532645,875,8137283,8573846,993081,887550,3536338,2251002,1897293,1442924,596693,1578809,275328,1286971,365574,0,472976,436590,0,690000
289,000803,2018-03-29,0.01674641148325362,-0.0033492822966507685,2.4994406767719797,10500.0,49757.53075230189,69,745327,754068,50098,27282,158432,297509,363908,62670,172889,0,0,0,0,366607,0,0,0,0
290,000806,2018-03-29,-0.016270337922402955,-0.017521902377972576,0.15601224871921707,22750.5,102381.36386555435,2628,72347146,63756385,1628834,2206454,13126588,14294896,15295046,13085575,16100339,13876673,8907398,4578598,6514163,3503325,2285824,3258129,8488954,8952735
291,000807,2018-03-29,0.02257636122177953,0.02257636122177953,0.13695248910368335,38553.0,330049.53438067273,3030,174846304,226396026,1267853,1741155,12872446,14458654,16613810,17505585,23894854,29917856,17175789,20916899,9724697,22257591,10926377,16794375,82370478,102803911
292,000809,2018-03-29,0.01807228915662651,0.012048192771084265,0.19304456471078912,6384.0,50125.02170596925,295,3782069,2577766,430797,120385,1489762,912189,489814,382209,634558,409827,273880,250656,0,0,463258,0,0,502500
293,000810,2018-03-29,0.08215661103979466,0.08215661103979466,0.1922697291080375,27819.0,416444.043490151,1643,159233817,51441203,1735209,292602,10406052,2500754,10968093,3684745,19672796,8854538,11626037,6568870,11472763,4410893,6153765,1332997,87199102,23795804
294,000811,2018-03-29,-0.004267425320056972,-0.007112375533428139,0.3574346613981121,7678.0,64064.4534986235,386,5124652,6616228,490498,417045,1345115,845851,1581308,973105,546150,1033174,769867,1736708,391714,621075,0,429270,0,560000
295,000813,2018-03-29,-0.058285714285714274,-0.059428571428571386,0.2705994753612555,10212.0,356598.226567865,1047,32805877,32974317,743224,1207799,2714383,4368728,2905849,4434047,4845256,4553975,2185483,3227543,2685042,1397672,2534167,1311249,14192473,12473304
296,000815,2018-03-29,0.00738916256157629,0.004105090311987025,0.4286284798950688,7416.0,30881.720576004907,807,6672576,8653953,668449,1090012,2809613,3733092,1690210,1787600,536230,1822184,652682,221065,315392,0,0,0,0,0
297,000816,2018-03-29,-0.005730659025787954,-0.008595988538682042,0.06786005718612377,15180.0,108245.81731147827,2670,58467729,60773757,2119444,1733700,13787317,12036516,10277758,9369744,9942263,10735325,6697414,4709001,3750654,2743844,1872754,4991322,10020125,14454305
298,000818,2018-03-29,0.024390243902439046,0.016260162601625883,0.3353434239176149,8736.0,59945.671036592474,1346,15342157,19351441,904145,1604286,4272006,6221217,2532777,3126348,3569187,3013713,2502356,2396785,614250,662129,434097,0,513339,2326963
299,000819,2018-03-29,0.045454545454545414,0.0497427101200687,0.2503344074022771,21071.5,91193.21952851812,2178,46373627,60252130,1614545,1357021,10814873,10852450,9928879,11827952,11064001,12276977,3943090,8025390,2779230,4802608,2234052,2999319,3994957,8110413
300,000820,2018-03-29,0.00717439293598221,-0.02262693156732898,0.3158760850285176,74760.0,460271.0738813504,3307,314989758,304297367,1009666,757771,13734886,11882117,20042450,18436863,41351418,33426491,35904559,28720724,27722325,19494662,20821966,18403893,154402488,173174846
301,000821,2018-03-29,0.005093378607809784,0.005093378607809784,0.3249079366311677,16506.0,93932.70423608505,1315,30971473,27941994,1098413,737239,8021727,5614847,4827003,5061091,6814129,5902864,2949676,3333989,1799344,939672,1787158,1744108,3674023,4608184
302,000822,2018-03-29,0.02841677943166432,0.014884979702300516,0.19006246965442683,9633.0,77215.9041189044,1513,24370083,27039518,996124,1414008,4963758,7527615,3724137,5067114,3462175,3784149,3054875,2835702,3605779,2930724,1793473,888750,2769762,2591456
303,000823,2018-03-29,0.01413043478260878,0.01739130434782621,0.21188428616943608,20614.0,102500.3259051702,1887,44416091,56854198,1385453,1404680,8824473,10155824,7967222,10028651,9377559,12625856,5720248,7854642,3068796,2644072,2674443,4036184,5397897,8104289
304,000825,2018-03-29,0.039568345323741205,0.03417266187050361,0.0984661916491887,49155.0,313164.31578547205,3203,189605328,302253716,1186687,1220386,13429359,13021274,16047074,17775541,27499297,35949271,18127219,34981577,19310740,18929552,11767299,24050825,82237653,156325290
305,000826,2018-03-29,0.003942652329749219,0.008243727598566286,0.7142232933214498,16728.0,133180.77756801486,1526,39607052,36855307,816292,1349208,6569523,6642657,6365014,6979279,9136822,6361352,4968725,5454172,2411314,1644084,1372710,915015,7966652,7509540
306,000828,2018-03-29,0.012369172216936342,0.009514747859181716,0.3662799714250553,10610.0,46818.674226786316,823,12723869,8323571,1350689,272261,4819405,2255859,2525155,2041543,2204829,1921236,662890,0,312995,1351744,847906,480928,0,0
307,000829,2018-03-29,0.00432432432432428,0.00216216216216214,0.2833273346146181,4670.0,52667.28965441705,1066,11494549,10186773,696922,1637524,2822568,3237340,2293117,2004884,2397374,1335341,1814235,278700,0,344472,964358,0,505975,1348512
308,000830,2018-03-29,0.07484662576687118,0.04723926380368093,0.27491885176629,134911.5,551626.0365327771,3520,433987830,594637771,558454,382080,9183934,9868395,20144128,20137642,47819176,48885590,43726372,43733223,38957525,41687679,33346889,34326958,240251352,395616204
309,000831,2018-03-29,0.033333333333333215,0.03245614035087718,0.20383373392228588,52830.0,254889.7996607884,3133,187381560,205810076,1115537,968426,13428021,12942217,20806157,19326575,35221745,34084174,24616323,28436492,15484443,18003174,10299428,18062753,66409906,73986265
310,000833,2018-03-29,0.01650165016501659,0.01980198019801982,0.21963119510457724,7891.0,51685.81836185382,761,7182129,11250620,1043420,488736,2614044,3021703,1013781,2632584,1980497,2682125,530387,451935,0,619869,0,0,0,1353668
311,000835,2018-03-29,-0.0013927576601671099,0.0,0.3352384283981041,7170.0,56698.02239253401,458,4939712,6614927,367591,545485,1224335,2019840,1150587,1426085,1253593,1160965,243440,546358,0,356349,0,0,700166,559845
312,000836,2018-03-29,0.006479481641468832,0.004319654427645814,0.1366937759803555,9380.0,85590.23253856017,1149,22595197,17864561,934913,1242614,4174455,4857849,3121685,2942358,5480565,4216176,1829640,1671378,0,1445320,1796669,846701,5257270,642165
313,000837,2018-03-29,0.022058823529411686,0.027573529411764497,0.14080262292380147,15400.0,153287.18428373119,1500,32164010,39380878,918116,1324496,7226793,6944764,4965384,5402523,7194472,7325944,2664761,2948544,2408978,3440230,955199,1770563,5830307,10223814
314,000838,2018-03-29,0.03571428571428559,0.031746031746031855,0.15032996800705523,13156.0,188451.11786339083,1126,24107830,34747206,935658,696873,5038225,4681624,3707165,3272072,2899862,4952265,3562617,2493260,2374006,3248239,1726768,2089024,3863529,13313849
315,000839,2018-03-29,0.0014224751066855834,-0.0014224751066856944,0.15612191134625286,17550.0,103250.22391690823,2030,52784142,50705586,1507502,1728784,8713914,10012736,8684399,9775976,10370251,10852578,4941973,5911716,6263663,2882782,1772664,1710934,10529776,7830080
316,000848,2018-03-29,0.008968609865470878,0.004484304932735439,0.273686566011779,8091.0,78607.2063913195,1062,16418006,14343385,1380352,1710748,2398633,4019079,3554909,2229358,2818777,2745656,1234543,1815774,383590,0,849799,449500,3797403,1373270
317,000850,2018-03-29,0.012019230769230616,0.004807692307692291,0.20481101436965257,2508.0,49847.449012418314,412,3947685,3881147,322771,293098,950804,1237700,828298,999447,851716,408326,286896,635868,0,306708,0,0,707200,0
318,000851,2018-03-29,-0.004700352526439411,-0.005875440658049236,0.18365094100683446,22347.0,117308.96187919052,2152,60911570,52657551,1626001,1554574,10863240,10476433,12529074,9189003,13049532,10759157,8554868,6861011,2365888,4732210,3523998,856292,8398969,8228871
319,000852,2018-03-29,0.01633165829145722,0.01633165829145722,0.2236319869757505,12082.0,58400.02576240006,1268,17725090,23526561,1181157,1406407,5953266,5666222,6172889,4667978,3015175,4843719,745614,1717702,656989,2368820,0,838890,0,2016823
320,000856,2018-03-29,0.01564076690211902,0.024217961654894093,0.39057298945224717,36090.0,152809.44490729854,2577,111973932,99447671,1423473,1645959,12763810,12955818,15484427,15531850,24690051,19321070,13377732,13355240,10428950,10065784,8088602,3457224,25716887,23114726
321,000858,2018-03-29,0.03053435114503822,0.018931297709923633,1.092876830816387,369490.0,1332002.035138813,3593,1318010992,1431937661,33194,59543,1944681,2722774,9799575,8479296,41670009,45476138,48482189,53008711,55363806,62690464,51170935,51419032,1109546603,1208081703
322,000859,2018-03-29,0.013513513513513375,0.008108108108108025,0.20562391657005702,7420.0,51979.61149881228,323,3817580,4019024,298585,345080,1181881,1515744,992728,616969,651722,442076,0,243747,692664,372000,0,483408,0,0
323,000860,2018-03-29,0.04455958549222805,0.03005181347150243,0.44452322229520247,17946.0,130335.78785224383,1890,29125143,59354682,1300899,1607775,9324355,10143980,3646170,9981638,7171556,6414076,2139238,3506890,1974537,4206900,1306745,5239158,2261643,18254265
324,000861,2018-03-29,0.01388888888888884,0.003472222222222321,0.11894103695952767,2601.0,32977.610286696334,587,4766966,2649979,756282,603411,1279366,1065271,1109348,307927,1112210,373388,0,299982,0,0,0,0,509760,0
325,000862,2018-03-29,0.005249343832020914,0.005249343832020914,0.20062231691217675,5737.5,39903.809410499125,360,3719053,3148243,284868,488364,1142808,970698,863607,541535,436370,1147646,266700,0,724700,0,0,0,0,0
326,000863,2018-03-29,0.012958963282937441,0.008639308855291628,0.20104139783991112,1389.0,22500.61750885623,530,2433239,2890523,270659,402286,1076890,1148390,621102,919375,223365,420472,241223,0,0,0,0,0,0,0
327,000868,2018-03-29,0.009287925696594312,0.006191950464396356,0.13581261097515487,14973.0,100734.51092042615,2267,46660591,55718021,1944606,1829242,11137627,9625277,9606001,8296421,12251646,11331670,4981278,4308418,2641946,5205534,1349179,1745423,2748308,13376036
328,000869,2018-03-29,0.0060446780551906,0.010512483574244502,1.191639201952716,19165.0,76598.1185426616,1019,22819529,18363458,692044,623105,6243440,5939500,4343460,3897475,4819046,3746643,1179731,1940212,1791194,1716112,964266,0,2786348,500411
329,000875,2018-03-29,-0.006006006006005982,-0.009009009009009028,0.11787740212297962,9900.0,71481.33851729998,799,16234073,7238051,870798,662689,3974722,2414106,1904603,1190450,3443840,1898289,1721487,0,659000,1072517,1292119,0,2367504,0
330,000876,2018-03-29,0.004149377593360981,0.0027662517289073207,0.1753967519968335,7942.0,100768.59588887714,1701,28116576,29061637,1041441,2418273,5356950,5623775,4322988,10370586,3591962,3873536,2248920,2859599,1772736,976818,919480,414279,8862099,2524771
331,000877,2018-03-29,0.014231499051233332,0.012333965844402384,0.21404090915129775,18139.0,124217.79143525274,2427,53310102,79573793,1653994,1513184,11944410,11812975,9738230,8988872,11333941,14946581,7457124,9284274,3346797,6456859,1370421,4948056,6465185,21622992
332,000878,2018-03-29,0.012389380530973382,0.00619469026548658,0.2643121823841389,15904.0,99236.16217526516,1828,32650292,53794670,985207,1469132,6521722,10539237,6165812,8175050,7741328,12051778,4425475,7423224,2802221,3027956,1319788,2561689,2688739,8546604
333,000880,2018-03-29,-0.022411953041622135,-0.02027748132337237,0.5693377569435224,9200.0,28559.995877617122,270,3047572,1937479,280869,368967,898381,973547,1224797,594965,433075,0,210450,0,0,0,0,0,0,0
334,000881,2018-03-29,0.005163511187607606,-0.002581755593803692,0.45089636068522904,9344.0,57212.06483875496,664,6906822,9073687,516019,730043,2448423,3164424,1164024,1272354,1004816,1005757,0,445640,383790,957390,1389750,904439,0,593640
335,000882,2018-03-29,0.018927444794952786,0.003154574132492094,0.0903188686155645,7975.0,102159.98139641061,1237,24057388,20028224,1176147,1211102,4803559,4075381,3490740,3068723,2689652,2109027,2057595,1452928,1993836,3261750,2304282,400320,5541577,4448993
336,000883,2018-03-29,0.002309468822170757,0.004618937644341736,0.11441751769112728,3024.0,55309.03165008231,1435,14551027,13834875,928109,1707074,2871649,3710154,1565356,1855357,4163224,2274340,1361283,2025640,2054108,1029816,446688,0,1160610,1232494
337,000885,2018-03-29,0.030054644808743092,0.029371584699453557,0.3279511530856876,20825.0,90844.3569493941,1994,40409192,60561091,1334267,1339191,9706903,9976211,8556895,11655576,7909246,13106530,5082005,9985530,1990078,6346074,1733059,1797863,4096739,6354116
338,000886,2018-03-29,0.0013774104683195176,-0.00688705234159781,0.1697042449625459,18275.0,216547.91515960105,1833,72862481,60896554,1577340,1174792,9152192,6575020,8523744,6953023,11133605,9626371,10357325,4565171,6050370,1433657,4476127,5814986,21591778,24753534
339,000887,2018-03-29,-0.015725101921957085,-0.01921956901572519,0.4003737699506386,15272.0,89874.00108323374,1842,43237469,27210459,1557348,1230670,10521310,7796621,6090083,5363613,6551131,5862368,3788064,1951520,5391415,2483861,466716,1753556,8871402,768250
340,000888,2018-03-29,0.017561983471074294,0.016528925619834656,0.25309487911052636,16762.0,58097.44826760591,1463,25673062,26871411,1293089,1564293,7379279,7012347,7067259,6600514,5249628,7226658,2242234,1814734,380090,748766,914434,1252189,1147049,651910
341,000889,2018-03-29,-0.014935988620199181,-0.009246088193456625,0.5389097652463302,15328.5,38045.655831252334,680,13198408,6230254,967016,291564,4965374,1748012,4691878,1931654,1842130,1686653,416966,252000,315044,320371,0,0,0,0
342,000892,2018-03-29,0.009370816599732379,0.006693440428380271,0.3495943324647502,2259.0,44983.94112612894,456,4502336,1846438,291311,581984,893441,639588,675863,375954,861709,0,451334,248912,374000,0,445500,0,509178,0
343,000893,2018-03-29,0.016042780748663166,0.0035650623885916666,0.14499466217412577,13018.0,64727.35131959288,1499,28024766,24102478,1174647,1282963,6556599,6591009,7527270,5833720,5273316,4255483,2809012,3132231,2114888,1337157,826220,470668,1742814,1199247
344,000895,2018-03-29,0.025352112676056304,0.021327967806840986,0.4386168308982857,32032.0,164002.87527475986,3213,133039799,130065749,2473147,1564587,16856150,13781039,19594730,16695301,26318050,24913824,20453774,15073037,11179451,12237964,5316841,7675712,30847656,38124285
345,000897,2018-03-29,0.019108280254777066,0.009554140127388422,0.10957051866300246,6280.0,34275.08350891651,823,5368851,7289499,771224,1193335,2041920,2256497,862610,996751,949104,1722475,743993,473536,0,646905,0,0,0,0
346,000898,2018-03-29,0.027118644067796405,0.015254237288135464,0.12455692250757379,13800.0,143554.05424746757,2249,51678397,77382612,1236263,2257783,9049943,8512544,6582299,12112561,8599365,10356795,7129187,8240137,3442011,4983020,2697132,3972147,12942197,26947625
347,000899,2018-03-29,0.022177419354838745,0.024193548387096753,0.24808197724339734,10563.0,31637.02427367574,399,3557248,5430667,341370,310199,1634324,2284477,767544,1561713,814010,624005,0,650273,0,0,0,0,0,0
348,000901,2018-03-29,0.0004606172270842368,-0.0036849378166744495,0.4793220823784929,28248.5,138969.61784791868,2052,79265205,65927874,919898,1046887,11079887,10890652,11266372,10327303,17283741,15467716,11358128,11811980,4537584,1657357,4046872,4144014,18772723,10581965
349,000902,2018-03-29,0.013626834381551545,0.002096436058700357,0.30939626477182297,2880.0,61206.43818413986,952,10892459,6492722,1346365,997360,1351312,1093509,1757291,1091919,1720700,2828060,210320,0,1872205,0,0,481874,2634266,0
350,000903,2018-03-29,0.006535947712418277,0.0032679738562091387,0.12525827854781185,7700.0,47823.31433341295,597,8654105,4875903,1084070,563966,2143477,1163939,1316865,1248300,2479639,838059,1229726,200471,0,308000,400328,0,0,553168
351,000905,2018-03-29,-0.010438413361169019,-0.010438413361169019,0.38421780164028735,9490.0,57984.287108525015,621,7944655,9014004,744884,772982,2559933,2199516,2057699,2581927,1307721,1278637,285348,264100,342814,758800,0,471156,646256,686886
352,000906,2018-03-29,0.005154639175257714,0.0,0.39919837319546053,14535.0,69387.514281216,377,5291183,7622495,300150,431485,1685106,1725312,1182042,1378016,1002275,1252847,464763,684279,0,1083676,0,449280,656847,617600
353,000908,2018-03-29,0.016393442622950838,0.009107468123861429,0.23505254199903994,4986.0,28198.564040604626,545,4629414,4122866,477443,363482,1678573,1545924,1295115,1345677,976991,646366,201292,221417,0,0,0,0,0,0
354,000909,2018-03-29,0.0,-0.006889763779527547,0.33777040301253,11055.0,45454.79400673069,905,12726045,9632644,617079,826253,4307496,3870672,3121040,2253843,1836527,1792695,1390309,212175,354464,677006,497930,0,601200,0
355,000910,2018-03-29,0.00746268656716409,-0.0014925373134329067,0.6039010947121033,9990.0,58720.50766799856,1108,15425123,13395331,1034089,1264235,4062148,4100572,5153788,2073670,1846503,2552647,1164812,661264,397400,1397040,864285,0,902098,1345903
356,000911,2018-03-29,0.020380434782608647,0.020380434782608647,0.2638853608553904,10332.0,64756.602006286805,778,12395873,13080164,760795,832766,3527613,2867727,2057012,2268557,3403787,3111167,661901,711641,997171,1984056,442764,0,544830,1304250
357,000913,2018-03-29,-0.011029411764705843,-0.006740196078431349,0.6976779544358358,14382.0,145715.54301367805,547,16008894,14763416,347678,635284,2108552,2333731,1358995,1435177,1746627,1235007,997612,922034,2546128,1051745,2409000,960689,4494302,6189749
358,000915,2018-03-29,-0.000822368421052655,-0.000822368421052655,0.6581794218527962,24250.0,106382.55947290623,1365,34950789,41189879,851576,1093354,6213558,7603726,4272921,9029129,7342634,8618086,4664524,4961985,2844430,3177461,2144626,911485,6616520,5794653
359,000917,2018-03-29,0.002580645161290196,-0.002580645161290307,0.22262238249470284,15540.0,85729.22824003569,1212,28144420,24516540,1052593,854057,5883990,5703278,5464191,5181584,6092245,4876121,3198988,3344058,3203434,2055205,1342602,0,1906377,2502237
360,000918,2018-03-29,-0.006993006993007089,-0.004195804195804231,0.22162248238128604,12019.0,83492.44302338026,1041,16542154,20028783,821491,1122079,4481122,4529178,3145509,3685703,3616631,3460395,1642257,2447275,2362161,382320,472983,0,0,4401833
361,000919,2018-03-29,0.007202881152461149,0.0036014405762303525,0.3303787796034667,8360.0,37815.70209037768,635,7744928,5707344,624207,725137,2166560,2377265,1423303,1256029,2426459,1348913,443914,0,660485,0,0,0,0,0
362,000920,2018-03-29,-0.003386004514672636,-0.015801354401805745,0.2967846008611879,17320.0,50661.21816365641,891,17349793,13023070,829102,920533,3976129,4614455,4212852,3019528,5522958,2840298,1705725,945962,630540,682294,472487,0,0,0
363,000921,2018-03-29,0.031066330814441656,0.02099076406381184,0.2977540766238311,9728.0,59174.35362759756,1601,23518415,24625602,1646297,1012457,6054617,6591590,3873024,6969793,5276666,6369789,485898,982724,3986287,0,2195626,948521,0,1750728
364,000923,2018-03-29,0.013837638376383854,0.014298892988929834,0.5673401327678785,19188.0,127914.52654738176,1461,33432079,32261595,1010735,1056443,7645046,6852415,5708194,6115195,6426211,6359624,2672551,3690907,2721230,1407051,2230929,866400,5017183,5913560
365,000925,2018-03-29,0.015290519877675823,-0.006116207951070374,0.32764388836608915,18298.0,86374.2490171513,1597,39083469,25987644,1128387,1164854,10233404,6083254,8175008,5133239,9450674,6292879,3152176,2580101,2077271,1070973,839548,0,4027001,3662344
366,000926,2018-03-29,0.02421052631578946,0.01473684210526316,0.20037952651634244,6671.0,154244.61346581296,2250,42940947,39280100,4099040,1886318,6159571,6948830,4626067,5341205,5544432,6037557,3055619,3409765,3865902,4007009,3061640,5801990,12528676,5847426
367,000927,2018-03-29,0.010000000000000009,0.010000000000000009,0.17704545147429088,8642.5,47613.66850269416,510,6398700,5874987,491613,465529,1930010,2528228,1047593,713101,1592297,840016,491888,688271,0,639842,845299,0,0,0
368,000928,2018-03-29,0.011111111111111072,0.005555555555555536,0.1704474208564467,5430.0,54938.64952246617,1004,11853952,11966542,693552,703133,2345732,3711649,2257969,2027373,1657574,3094383,2686216,1634438,689149,334016,432000,461550,1091760,0
369,000929,2018-03-29,0.02578475336322872,0.026905829596412634,0.2813558357476343,9020.0,94365.22780643527,1005,12020479,14107318,985541,1214795,3974573,3215224,2489359,3052366,1855161,2221714,1666458,650036,634008,1084263,415379,0,0,2668920
370,000931,2018-03-29,0.009419152276294973,0.01098901098901095,0.2784033298987063,10272.0,72598.14392618458,523,9540620,6520242,683770,482431,2116554,1820607,1690129,1825800,2471132,741674,807200,285560,1053300,322500,0,0,718535,1041670
371,000932,2018-03-29,0.04861111111111116,0.030555555555555447,0.13111068257074315,46405.0,278239.3732509779,3024,175820479,208601870,1283361,1305468,14230678,12449420,19841700,20199463,28439034,28703485,19522045,22591563,13024832,19791820,12917494,15476570,66561335,88084081
372,000933,2018-03-29,0.0312925170068028,0.025850340136054584,0.13732497707851304,36800.0,245775.34331059974,2872,133552775,169241813,1694770,1442551,13293822,11898348,18014922,17713627,23717404,24610937,14203882,14578022,10875677,11828340,10775742,15577917,40976556,71592071
373,000935,2018-03-29,0.015022533800701066,0.01852779168753127,0.3571517192921579,56756.0,243410.62330186652,3131,182421693,199396558,812981,1002492,13241157,13737890,18273494,21977074,34067447,40599418,25105199,25621495,15459140,18776139,11587527,16640984,63874748,61041066
374,000936,2018-03-29,0.010767160161507361,0.0,0.16041768908592874,20331.0,96948.41756989123,2149,59274274,54330337,1769501,1359782,11383653,8269877,12160126,10213576,16418757,12116427,7578653,4302080,3569577,6975960,2241964,2637096,4152043,8455539
375,000937,2018-03-29,0.015810276679841806,0.005928853754940677,0.12975376643060718,6552.0,96621.27387727945,1523,18481398,29235360,923654,1943971,3638767,4947483,2653929,4794794,3337656,3097636,1719037,2506326,955684,1016311,831964,916740,4420707,10012099
376,000938,2018-03-29,0.012979351032448516,0.001474926253687503,1.3032081034383618,67295.0,241820.65119930872,2708,207843835,161794592,1205314,950891,10592576,9866957,18514591,13505249,38072202,26375716,29075391,21333354,24436260,19663915,13398248,12158409,72549253,57940101
377,000948,2018-03-29,-0.006211180124223614,-0.008873114463176512,0.30636761645805766,14663.5,114158.9631279056,1354,27385635,32331081,997454,1074775,5721379,5963268,5678004,5619198,5349647,4921485,3189881,3358821,1333332,1332474,1750457,482719,3365481,9578341
378,000949,2018-03-29,0.0668449197860963,0.06951871657753994,0.13564219062979638,8060.0,180412.8675111262,765,9387929,22860934,974835,711564,2453582,2978661,1474858,1297084,1770560,1548592,1194609,746119,0,1052285,842998,1339094,676487,13187535
379,000951,2018-03-29,0.021097046413502074,0.004922644163150469,0.35113558372942355,11416.0,90408.18209184737,1641,28688808,28766858,912196,1726855,6481251,7101539,4084688,5760222,4555305,5375389,1958241,2594102,4280198,1763075,892424,1722821,5524505,2722855
380,000952,2018-03-29,0.01795977011494254,0.014367816091954033,0.45281719193406245,6995.0,67855.7579648903,945,11421575,16435078,631673,1363882,2651416,3017272,2550716,2613595,2755762,1779711,2832008,2203881,0,932574,0,3121172,0,1402991
381,000953,2018-03-29,0.014268727705112783,0.01545778834720557,0.31040590053790085,12068.0,46182.54270821436,734,9599739,10073494,715863,771470,3923090,3055086,2708172,2425422,1745759,1906781,0,794914,0,714845,0,404976,506855,0
382,000955,2018-03-29,-0.0071428571428571175,-0.02571428571428569,0.15190788950350254,34690.0,143738.90621908585,2128,90866600,66227043,959123,1194967,12130197,7485040,17342741,10936827,24744908,13654923,9935114,9906614,5500642,6886277,4270215,3507981,15983660,12654414
383,000957,2018-03-29,-0.008429926238145424,-0.008429926238145424,0.2672951415066748,16902.0,64337.98940206934,1261,24581829,19981153,822146,1588161,5192570,7006176,7351689,4469562,5598245,3986200,2650424,2316804,1083550,0,479400,0,1403805,614250
384,000958,2018-03-29,0.0,0.002207505518763808,0.14253398664838934,10872.0,78089.57335920107,1011,16191309,14860758,1032212,978987,4729704,5143995,2916859,1540766,2960182,1901628,2511995,1261506,1063171,1090423,446000,0,531186,2943453
385,000959,2018-03-29,0.03131524008350728,0.012526096033402823,0.11890589993282448,5771.0,47893.04577906847,1631,17951792,15332325,1052563,1218581,5169952,6109740,3245849,2233194,5858524,2763869,924361,480535,0,1070437,426789,1455969,1273754,0
386,000960,2018-03-29,0.03002309468822184,0.01770592763664358,0.26790435592436634,26060.0,139843.027458386,2352,69721667,93638557,1300162,1204545,10406073,12472722,11387849,12316158,15394091,15774172,7009412,17140147,5310091,7755529,3907361,3881643,15006628,23093641
387,000961,2018-03-29,0.0197740112994349,0.012711864406779627,0.15541854336937874,35700.0,232530.97939333256,2081,85757945,105191090,1088059,1328981,6871562,8063796,13672853,21781867,15214434,14298124,8814448,9265116,6826474,6846259,3110992,3532859,30159123,40074088
388,000963,2018-03-29,-0.010318949343339656,-0.004377736085053208,1.3792846876526537,31920.0,293496.7744089971,2153,157628275,112321566,989049,594764,13248346,8044128,13836232,7772123,19280049,12234965,15169787,9467609,13117622,8780807,9657794,6626073,72329396,58801097
389,000965,2018-03-29,0.019855595667870096,0.016245487364620947,0.1661768462776377,14025.0,69195.51792641998,1112,16620111,24665243,859485,776302,4349879,6503949,3355447,4364481,3572062,6403283,2133115,2412392,1458923,713401,891200,1390276,0,2101159
390,000966,2018-03-29,0.02881844380403442,0.014409221902017322,0.10793534527258491,14952.0,70098.58713351886,1036,18204197,22685843,788321,765521,4763475,4620504,3851094,3738433,3364055,6483437,1525570,2875180,2075887,1758582,1323530,1930323,512265,513863
391,000967,2018-03-29,-0.0013037809647978849,0.003911342894393766,0.3250864946035987,10779.0,67176.49663052964,556,7938392,9701645,468500,721463,2441581,2435138,1516601,1277903,1833598,1587606,952196,1893287,725916,308000,0,0,0,1478248
392,000968,2018-03-29,0.028735632183908066,0.026272577996715896,0.3416468505303265,7320.0,74802.9530441979,1274,15554532,17963374,2025336,901514,4522010,3399325,2505471,2157454,2674604,2377028,1649265,1949806,1071346,710334,496000,1278350,610500,5189563
393,000969,2018-03-29,0.006305170239596647,0.0025220680958386588,0.19241364893351665,10218.0,72071.33670281083,1701,29514494,23789037,2318824,1559994,7470206,7220515,4085516,4525332,6282102,4833039,3587725,1454496,1895960,939770,897059,0,2977102,3255891
394,000970,2018-03-29,0.001640689089417613,0.00656275635767023,0.2610194731110264,25998.0,181191.3444069888,2183,81360714,104942145,1224141,1146447,10924003,10366968,9399475,11236996,16092802,15445696,10184889,12073276,6677710,11108689,5256783,7728368,21600911,35835705
395,000971,2018-03-29,0.0030030030030030463,-0.011261261261261257,0.30829107542938106,22924.5,144781.76283928784,1868,61047996,56070746,1110960,1376786,8321867,9146059,10309200,9467597,12445836,12127270,8116164,5209380,3158238,3520616,3544899,3095863,14040832,12127175
396,000972,2018-03-29,0.02784810126582271,0.030379746835442978,0.16499823323902787,11919.0,73075.12375922143,573,6555669,13253652,330337,485102,2060349,2652930,1521365,3271364,770182,2670319,794680,1142956,1078756,745143,0,1255838,0,1030000
397,000973,2018-03-29,0.0038535645472059787,0.007707129094412402,0.18112042492500086,10400.0,66877.49488761951,821,12285481,13045792,746131,730124,3731133,2505717,2806843,3006660,2689256,2775232,944273,1429979,722005,308762,0,0,645840,2289318
398,000975,2018-03-29,0.0027643400138215313,0.004837595024187902,0.3960294284031751,14480.0,94238.65557974734,1338,32614374,19309771,1110889,680083,6420743,6809473,3832623,4840587,5681167,2198615,3915326,1281977,1797376,710130,1702710,852254,8153540,1936652
399,000976,2018-03-29,0.007299270072992581,0.010948905109489093,0.2664782813919457,6568.0,60099.84148858896,952,8308064,10327021,3067474,654171,1720411,1531643,1016273,864587,1387307,756518,204179,1983155,0,1788767,912420,1269553,0,1478627
400,000977,2018-03-29,-0.011161637040099204,-0.031831335262505145,0.4105893580775573,184723.0,785094.1576978719,3477,704559158,710197980,223792,541493,5920781,9115718,14666861,18334711,35435609,45897375,47793362,44141847,37654372,42550606,41853878,37946156,521010503,511670074
401,000978,2018-03-29,0.008010680907877044,0.004005340453938411,0.2862540992239702,7510.0,48394.21179931417,684,8670161,8259676,419013,1095417,1992440,2865060,1751384,2110881,1885166,1018711,1194526,721260,1427632,0,0,448347,0,0
402,000979,2018-03-29,0.024096385542168752,0.024096385542168752,0.029818939075512578,11356.0,151515.6610724219,3249,59671279,105492403,1871594,2734132,9834341,15937114,8322433,13316748,8579396,13124734,5444880,8103928,4476759,10990574,3649483,4115074,17492393,37170099
403,000980,2018-03-29,0.015576323987538832,0.01349948078920038,0.2670948044350789,14505.0,69204.55765179906,1300,19520906,19940792,1224797,1526326,8017746,6566908,4541654,4286422,2641262,3032627,1290059,1294350,706538,365848,488500,483581,610350,2384730
404,000981,2018-03-29,0.02699386503067469,0.01840490797546024,0.31627550613844974,11536.0,205477.63703253816,664,15312662,16100254,656521,620179,1887242,3407835,1362766,1485901,1425472,1543013,1836018,1414088,334562,1022114,1298081,2627068,6512000,3980056
405,000982,2018-03-29,0.013289036544850585,0.006644518272425293,0.12453679066363019,6060.0,73786.6468095298,585,8865659,6665217,593034,345307,2631889,1305842,1413676,771265,1265016,1130339,428773,535710,606000,992844,489240,878934,1438031,704976
