,code,date,pchange_whole,pchange,change_std,amount_median,amount_std,length,sumsell,sumbuy,sell_vol_0,buy_vol_0,sell_vol_1,buy_vol_1,sell_vol_2,buy_vol_2,sell_vol_3,buy_vol_3,sell_vol_4,buy_vol_4,sell_vol_5,buy_vol_5,sell_vol_6,buy_vol_6,sell_vol_7,buy_vol_7
0,000001,2017-09-27,-0.0072661217075385975,-0.0027247956403269047,0.1981572683911829,41781.0,428951.4268124012,3092,267758926,253472261,2322766,1306261,8559780,13706924,15160742,16385653,30041858,26902599,25766529,20247310,17194317,17772247,14945393,16724184,153767541,140427083
1,000002,2017-09-27,-0.00592592592592589,0.005555555555555536,0.46634245789401413,82491.0,378965.04907010123,3355,304420184,394013437,554597,590382,11580650,13169153,19959395,21316304,40610066,45130532,32115667,29637741,28826632,27029641,20186119,19238322,150587058,237901362
2,000004,2017-09-27,0.005414410662224034,0.0074968763015410556,1.27807641852093,12050.0,136295.3293642529,352,4692729,5166899,329184,382372,1238135,1399593,1367480,1114191,1113246,879436,205700,1005712,0,385595,438984,0,0,0
3,000005,2017-09-27,0.011928429423459175,0.007952286282306265,0.16435075464949295,9652.0,62368.5541064141,937,10891785,14687627,681605,1117835,2824092,3890096,2255984,2398573,2361346,2977208,2024615,679701,339344,1082592,404799,459953,0,2081669
4,000007,2017-09-27,0.00120481927710836,0.0,0.5511487304455003,16500.0,125415.3283731165,907,24069141,24965994,841711,769161,4264621,3580704,3358820,3482076,5435168,5343384,1891843,2243055,1766379,3438137,1839428,1348664,4671171,4760813
5,000008,2017-09-27,-0.02267573696145142,-0.024943310657596474,0.2534816627492797,10332.0,108484.22530671899,1211,27895233,18613854,1073038,1701502,5016921,4685448,3478552,3675813,2804884,3560677,5072894,2056579,735345,706460,2183562,892832,7530037,1334543
6,000009,2017-09-27,0.0,0.0033222591362127574,0.17375619230276423,27480.0,297594.86476722936,2704,120405697,154214387,1320478,2745747,8887171,14464496,10137062,16596169,16870784,24393780,10188334,15465286,8593796,14762295,10982907,12171636,53425165,53614978
7,000010,2017-09-27,0.021696252465483123,0.01972386587771191,0.15886085368660074,16764.0,133458.484066274,1019,14767507,25636311,700629,644427,4352597,6854716,2736969,4474489,1970868,3854066,2576229,1191387,705372,311751,0,900787,1724843,7404688
8,000011,2017-09-27,0.006217616580310947,0.008290155440414448,0.4739195682232097,19435.0,78609.39806686572,1658,31601972,41900690,1425836,1435417,7833096,10352706,7112018,8397150,7824010,8418680,2217021,4858513,2817231,1712689,499200,1843198,1873560,4882337
9,000012,2017-09-27,0.0011961722488038617,0.0035885167464115852,0.26444350588593146,10842.0,115128.5748074793,999,23174763,23076092,702294,1304145,3209970,4531643,3266037,3671890,2777696,4401790,5086087,1751560,2028645,992345,2934499,1278772,3169535,5143947
10,000014,2017-09-27,0.0036014405762303525,0.004801920768307211,0.86614614701788,13328.0,177322.50366125043,369,5391145,6943645,290586,302586,1995269,1339031,1813247,1056926,590643,671809,283900,219293,0,0,417500,0,0,3354000
11,000016,2017-09-27,0.00540540540540535,0.010810810810810922,0.18044469204512759,7293.0,52637.660775890276,946,9878810,9714603,2306683,586396,2862294,2829177,1266288,1196609,1357848,1540414,1494987,709682,0,319176,0,1384149,590710,1149000
12,000017,2017-09-27,0.005154639175257714,0.002577319587628857,0.42594602278917526,7830.0,45339.531200181504,331,4240077,3569482,301451,398190,1145537,1225377,1132277,1172950,607275,476166,233877,296799,399378,0,420282,0,0,0
13,000018,2017-09-27,-0.003759398496240629,0.0,0.23571145222324497,15124.0,99154.62045999238,1146,25483352,21633442,981949,984713,5864263,4848886,3744558,3794004,3375054,4202637,5868447,2944272,389912,653100,410736,956369,4848433,3249461
14,000020,2017-09-27,-0.0005302226935312015,-0.0005302226935312015,0.9601698773067359,11352.0,27152.16713190771,385,4205058,3950824,266621,511806,2045602,2013696,1198666,1215976,694169,0,0,209346,0,0,0,0,0,0
15,000021,2017-09-27,0.015283842794759916,0.008733624454148492,0.23217378454208146,9270.0,87076.92351444555,1557,24836617,25023259,1711352,1725905,6613138,6194872,4351522,4580790,4965020,4575614,3096697,3344146,2018288,2147106,913693,0,1166907,2454826
16,000022,2017-09-27,-0.0011773940345369827,-0.0007849293563578774,1.1017044341828814,12740.0,51720.409395727205,534,8350000,8083347,326809,568406,2029159,2809058,1441487,1887038,1971858,1543692,1854659,929713,310124,345440,415904,0,0,0
17,000023,2017-09-27,-0.0016597510373445035,0.0,1.4948445385363172,7245.0,220508.15496117584,259,3313671,5882406,375455,262740,1004378,761521,590050,335054,789488,446687,241000,217350,313300,352006,0,0,0,3507048
18,000025,2017-09-27,0.0013519603424965165,0.003605227579990933,1.240771196858672,17756.0,64799.06433863978,1279,23433698,17762999,1036970,1878579,6662504,6736586,5143932,3943353,4927873,3474333,1341393,284992,669457,609674,856139,835482,2795430,0
19,000026,2017-09-27,0.005208333333333481,0.0060763888888888395,0.46421133455616076,2310.0,30018.259181318415,615,4185779,4635530,768337,383216,1275572,1582756,944625,1579265,615345,883548,228850,206745,353050,0,0,0,0,0
20,000027,2017-09-27,0.0,0.0015576323987538387,0.21964866231625077,4487.0,59880.776696489556,854,9202449,7483842,603448,1100380,1956881,2758991,1335543,1477336,1706944,870660,256000,205761,326269,642500,1363309,428214,1654055,0
21,000028,2017-09-27,-0.008773234200743496,-0.006840148698884718,2.732705227272533,13419.0,107119.07309560572,605,14883144,9344052,926633,611050,2592710,2187157,1752457,1140451,2012277,1698794,960618,995100,1300374,1039400,1396782,0,3941293,1672100
22,000030,2017-09-27,0.011402508551881407,0.007981755986317118,0.26273942034654546,5298.0,40499.96023422546,1114,10170202,10794140,865372,2309725,2046880,2868246,2038710,3450745,2949121,1669984,1182864,495440,0,0,0,0,1087255,0
23,000032,2017-09-27,0.01228878648233489,0.011520737327189057,0.46068128894699745,13140.0,70040.78175577932,798,10130940,14991285,439540,923418,2887943,5250837,2026202,4067505,2110371,1922112,721089,441133,314285,0,430980,0,1200530,2386280
24,000034,2017-09-27,0.06341463414634152,0.050731707317073216,0.4772578674395483,16998.5,153565.2698024716,1848,45027883,67576163,1855055,1274137,6469131,10557156,4620330,7172454,5354330,9864587,3910845,8122037,2842593,5452178,2788252,5740257,17187347,19393357
25,000036,2017-09-27,0.0009661835748790981,0.005797101449275477,0.2405543744713087,20660.0,144227.319921231,1852,54494112,53614089,884828,1159981,7591917,11729054,7810393,8444012,10733058,10255248,6383166,6070853,3714496,2638143,933227,400158,16443027,12916640
26,000037,2017-09-27,0.005760368663594528,0.004608294930875667,0.455100832012682,6984.0,60226.073147099705,364,4379802,3526822,287852,433174,1514049,999935,113620,624408,764214,785548,244751,233358,716732,0,0,450399,738584,0
27,000039,2017-09-27,0.008888888888888946,0.013333333333333197,0.4009117655596707,10803.0,146465.0790519126,2016,47092511,59594843,1841755,1966770,6645805,6795166,6326812,6494300,8879054,9013324,4385415,5268064,4280076,4870656,4043444,3558411,10690150,21628152
28,000040,2017-09-27,0.006068779501011479,0.0026972353337828547,0.4875405646865423,16401.0,229763.71738293354,926,29955138,30140477,704654,532991,2602356,3007064,10970399,5317243,3615511,2982737,1619666,1186070,1705625,1058346,441900,487884,8295027,15568142
29,000042,2017-09-27,0.0018050541516243523,0.0018050541516243523,0.7836495596933474,4977.0,39160.27021158792,449,2326606,2554463,561150,580199,1303837,801876,247479,186092,0,0,214140,252472,0,0,0,0,0,733824
30,000043,2017-09-27,0.002865329512893977,0.0047755491881564804,0.6056169487833578,15750.0,81332.8621815444,298,6287028,7573713,233199,132596,1213352,1243696,809918,1356066,1819925,1170450,631600,1136385,1036202,1270520,0,1264000,542832,0
31,000045,2017-09-27,0.013239187996469504,0.0061782877316858276,0.4271003412225914,13632.0,73977.28515717288,703,12624598,15141687,352986,629988,2602730,4188047,2414345,2893987,3026862,2806106,1673019,1559469,344955,1067900,906000,869345,1303701,1126845
32,000046,2017-09-27,0.014760147601475815,0.004920049200491938,0.4149504386641782,9732.0,77124.79537455535,383,7073542,5939871,273896,345040,1623609,904909,1690227,774191,1275836,285514,1551099,518352,658875,366309,0,1632000,0,1113556
33,000048,2017-09-27,0.004718836020448425,0.00039323633503740574,1.776348814161577,10202.0,108636.19902135851,204,6463151,1477765,86643,247467,613910,849284,513905,253115,986219,127899,462997,0,647700,0,972224,0,2179553,0
34,000049,2017-09-27,0.007843887507174241,0.009565716472163865,1.1585549565750834,26350.0,114374.25589114621,2035,61448326,68007253,735463,798671,9701538,13742196,10218643,10673467,14469417,12863000,8600034,8967178,2862823,5989210,1783571,4186286,13076837,10787245
35,000050,2017-09-27,0.008222932846048359,0.007766103243490141,0.42094136631724877,30659.0,234383.6039819257,2706,125359842,155654632,914548,1861933,11086271,12269412,12417530,15583124,18377988,17387890,19206893,18041586,11155827,8142441,8089715,15335490,44111070,67032756
36,000055,2017-09-27,0.006535947712418277,0.006535947712418277,0.22461362981610813,7680.0,76378.88622393069,1160,12603485,18836915,824296,1628174,3298245,5338768,2843514,2516433,1828886,2609388,1323626,1483021,1038190,341760,0,872058,1446728,4047313
37,000056,2017-09-27,-0.0016447368421051989,0.000822368421052655,0.9246011136933279,6032.5,26100.434111666968,172,1430694,965240,179515,156640,713156,358008,416523,206592,121500,0,0,244000,0,0,0,0,0,0
38,000059,2017-09-27,0.008122743682310363,0.0018050541516245744,0.30280217758905287,13308.0,121474.07018110526,1339,36952640,29836760,745940,1376720,6128293,5273518,4212768,5146655,6090147,5220972,2992569,2350990,2764056,1958766,3945073,454566,10073794,8054573
39,000060,2017-09-27,0.0057377049180327155,0.006557377049180246,0.22070394486164183,13491.5,529869.4582425655,3058,152161234,157701929,3597731,1418459,11284170,9381980,11322210,9773569,15965781,14499679,14399948,10128123,11651830,5506789,11473547,7230159,72466017,99763171
40,000061,2017-09-27,-0.021097046413502185,-0.007383966244725815,0.2113190144870561,18800.0,210900.37233961714,2017,64633487,77916246,1274841,1978444,7412245,9263057,6290518,8498658,11154170,13053044,7567260,8396353,10111541,7361466,5940023,5039559,14882889,24325665
41,000062,2017-09-27,0.008148148148148016,-0.0022222222222221255,0.9166274516654244,21488.0,92122.638697655,867,20923588,19101864,552583,570847,4976278,4413262,3761742,3041767,4828085,4073235,2679301,2326831,322320,657480,1266134,813880,2537145,3204562
42,000063,2017-09-27,0.05417607223476306,0.06508653122648611,0.44549264812481026,347490.0,1288810.2391681832,3563,1106950977,1478200018,108865,136706,3571701,3802635,14705988,12426671,38234342,35269801,43258376,41794101,55344235,48535618,51124865,46172058,900602605,1290062428
43,000065,2017-09-27,0.006340579710145011,0.009057971014492905,0.8346094191758142,11115.0,50304.99486093345,699,10955106,9268059,968724,743336,3391261,2950632,1943474,1170620,2386178,2232056,1588514,725934,676955,995050,0,450431,0,0
44,000066,2017-09-27,0.009302325581395321,0.008139534883720989,0.1981994339615421,18280.5,221155.44392094098,1884,76445773,67143760,1519263,1505642,9404029,7795599,9506968,7653296,11683989,7001807,6316430,6173287,2367493,6079416,4267778,3565964,31379823,27368749
45,000068,2017-09-27,-0.005830903790087438,-0.007288629737609464,0.2411821288215544,9576.0,89940.22750943767,809,13105240,12944795,529163,985820,3419915,3395170,1534803,2929310,2746347,1081984,825548,704158,1049952,977636,0,0,2999512,2870717
46,000069,2017-09-27,-0.015439429928741144,-0.013064133016627011,0.1544274626905531,24930.0,261978.63727146992,2979,149848266,153997852,1211320,1963340,10770860,17630692,12215930,11387031,22184419,20443546,15919780,16876940,12848461,9086482,11512524,11828081,63184972,64781740
47,000070,2017-09-27,0.0712401055408971,0.06068601583113464,0.21163619960348723,46120.0,319012.9305952427,2893,144177710,173753251,1040621,1046092,12851617,12506663,16736580,20207737,28229855,31221813,20009289,24253897,13593539,16379259,9707633,10321132,42008576,57816658
48,000078,2017-09-27,0.006069802731411222,-0.006069802731411222,0.12613304530954417,29586.0,207590.0218138548,2737,131186094,93206722,1679800,1355195,13815161,10254816,17485641,13912718,24550103,18180130,16268113,13059331,9856577,10696729,8367137,2189894,39163562,23557909
49,000088,2017-09-27,-0.012181616832779518,-0.006644518272425071,0.25610732990088325,11700.0,65665.3970030514,1243,24027404,14101400,1248453,1645731,6493981,5325682,4633305,2681366,5527815,2135579,1116000,494925,1081988,983814,1233822,834303,2692040,0
50,000089,2017-09-27,0.0,0.0011695906432749315,0.2532115212316706,4282.5,55531.292137312346,1140,15681463,7955508,979294,810549,3451074,3330674,3051294,1146667,3293456,1326774,715980,241674,1368594,1099170,907404,0,1914367,0
51,000090,2017-09-27,0.011029411764705843,0.011948529411764719,0.32813643664167375,10920.0,106329.14351503913,1099,20578549,23573457,1014712,739513,4326875,4527091,2811605,3302107,3288171,4128839,710060,3062463,2383267,2347807,0,0,6043859,5465637
52,000096,2017-09-27,0.0042887776983560055,0.0,0.9564641120348967,11184.0,24245.057124848136,213,1758098,1775390,216060,228991,994626,786298,211412,534898,117600,225203,218400,0,0,0,0,0,0,0
53,000100,2017-09-27,0.0,0.0,0.0753217477688008,10590.0,226638.86684700413,2224,72442325,57069942,1908852,2150716,8139277,8713699,6205883,6384992,18090846,7930078,3802152,3617351,5889115,4387463,1874656,1347810,26531544,22537833
54,000150,2017-09-27,-0.00917107583774257,-0.004232804232804255,1.1985716452588557,28300.0,69714.8754554631,559,11589179,19073738,383843,203111,3399357,1238625,2869196,3146623,2129233,10417752,686350,3158602,1600795,909025,0,0,520405,0
55,000151,2017-09-27,0.005797101449275477,0.00521739130434784,0.6630196004241123,12117.0,64282.53935565807,676,10440007,9274404,724241,700433,2680218,2931390,2387346,2497063,2072814,1836163,1364388,205751,0,677040,0,426564,1211000,0
56,000153,2017-09-27,0.004945598417408492,0.003956478733926794,0.4009674517835516,10150.0,59606.43484410374,635,11177552,8274266,354253,756557,2524712,3032739,1703773,1703330,2706434,1326455,1554415,408845,388494,611334,425460,435006,1520011,0
57,000157,2017-09-27,0.006741573033707926,0.008988764044943753,0.09710396563572757,6244.0,132025.4662071391,2109,23888246,37580965,1664336,3126572,4734810,6370818,2462367,6601584,2463967,4993347,2355079,2445300,667863,963835,3138620,1322559,6401204,11756950
58,000158,2017-09-27,0.0028901734104045396,-0.0009633911368016612,0.33686677548998534,12456.0,73917.41333436809,949,19015113,13860406,756851,696967,4737631,4099445,3977930,2376093,2924591,3316541,1734420,933102,2093081,613220,413586,483600,2377023,1341438
59,000159,2017-09-27,-0.002928257686676483,-0.002928257686676483,0.27797953515466356,12276.0,62968.1273087557,603,13015995,7208445,583632,472356,2863786,2041695,2996144,1500202,2472724,1492617,1836400,1040686,1084277,660889,0,0,1179032,0
60,000166,2017-09-27,-0.0017094017094017033,0.0,0.14109951987952477,9328.0,165021.73964286753,1722,34177723,42553221,1693114,1774178,6592152,6038717,6308316,5274678,4208398,5019784,2960361,1795283,1061555,2391265,1737077,2297315,9616750,17962001
61,000333,2017-09-27,0.02864522188307106,0.02864522188307106,0.760413255038004,73822.5,832931.7109342393,3138,337736939,415323332,976482,1101556,12461512,12604838,19603972,23309112,35367817,31357547,29764091,23231947,23991524,22845289,25680579,16337488,189890962,284535555
62,000338,2017-09-27,-0.0013586956521740579,0.0,0.13312620365442243,19136.0,173187.68994596883,3065,119788928,65990569,3391601,1319280,18415039,11549090,15124809,10583789,26991840,16508389,7208800,6282984,8010847,4276720,3131454,2700886,37514538,12769431
63,000400,2017-09-27,0.003043213633597164,0.004869141813755418,0.3851991255742567,11473.0,84818.59697437721,1819,22607802,38163814,695336,3229293,6268992,11705265,3825538,5182204,2229284,4644935,2129970,1931901,2730131,3505244,894262,3282110,3834289,4682862
64,000401,2017-09-27,-0.008358208955223878,-0.005373134328358176,0.3150579082982457,25050.0,158761.92962590963,2827,123137885,89753315,2487541,1186482,14168579,10804154,16982176,13775091,24096662,16919061,14816871,9345688,10140036,9021476,4917822,6932315,35528198,21769048
65,000402,2017-09-27,0.06611570247933884,0.046280991735537125,0.2218650568830313,30480.0,283404.1788739537,2978,115416813,233806359,980397,2147046,9424851,20841189,12769851,17140227,19170334,23665334,13351600,14361966,8758520,13520798,5939336,11346749,45021924,130783050
66,000403,2017-09-27,-0.012580645161290316,-0.03354838709677421,0.8610929936559667,39260.0,158780.1441572064,1299,63899119,39832161,289242,877198,9179790,6269867,9401560,5513025,19488384,5249107,5716374,3628271,3085232,3651444,3267452,1345894,13471085,13297355
67,000404,2017-09-27,-0.010282776349614386,-0.006426735218509005,0.25440040265641006,15560.0,191684.4443012696,935,42317325,21193990,681423,838106,4397902,4270504,4411617,3632493,4715297,3940198,3353565,1910306,2507825,1063620,1423584,0,20826112,5538763
68,000407,2017-09-27,0.020050125313283207,0.020050125313283207,0.238403993185594,4836.0,65962.4554694088,1120,9222161,18841261,296238,1844006,2397348,3960297,2166918,3382505,1612664,2994063,1201566,2848614,736428,304560,810999,443616,0,3063600
69,000408,2017-09-27,0.017599999999999838,0.029866666666666708,0.3699444718310432,57929.0,493460.6423161228,2573,212129635,300207942,1192335,1408257,8102250,9712642,12521744,12490131,24311361,25299492,21146322,28296556,16369547,17517449,16955934,14501688,111530142,190981727
70,000409,2017-09-27,0.002732240437158362,0.006830601092896238,0.2723216813101484,11062.5,52958.88999671999,722,13188475,8771436,522507,926853,3092244,2847716,3808171,1752800,3517548,1334194,1391316,1022524,372810,313800,483879,0,0,573549
71,000410,2017-09-27,0.014959723820483495,0.005753739930955293,0.3096674821276861,9691.0,91228.40592092348,787,13162505,14452693,805230,958065,3072533,3853862,2011845,1800413,2556324,2935600,792073,1146109,646022,987683,2201710,421255,1076768,2349706
72,000411,2017-09-27,-0.008298755186721962,-0.006915629322268413,1.1770348628962208,6521.0,27902.696202900468,339,2626988,1737000,490625,414610,1291810,788189,538314,0,306239,129720,0,0,0,0,0,404481,0,0
73,000413,2017-09-27,0.0008833922261484162,0.0,0.18906443254209887,250614.0,1089942.9303107136,3589,1005637829,1041124690,192133,104148,5391451,4554774,18793194,17623726,51949706,45822119,47441268,55078838,46219209,52588585,42892964,43821586,792757904,821530914
74,000415,2017-09-27,0.0030211480362536403,0.0030211480362536403,0.16498072887595905,4648.0,102969.57762657809,1612,17628280,20635002,1184169,1264558,4445189,5490771,2105133,2219619,2008967,1656081,1376472,1975784,659942,1701777,853281,1304822,4995127,5021590
75,000416,2017-09-27,0.0272020725388602,0.023316062176165886,0.25970005421432596,11158.0,67381.82787918118,884,12433750,15052980,910544,731210,4197030,3037824,2963112,3704967,1692603,2951060,1260735,1939157,621726,0,0,439484,788000,2249278
76,000417,2017-09-27,-0.012917115177610294,-0.009687836383207693,0.2569515038309902,14776.0,133898.06928431068,1308,38726814,29500080,1181768,1403149,5835474,5048432,6840236,4399426,6543213,6125771,3744738,3093501,2388136,1013800,2633301,3236096,9559948,5179905
77,000418,2017-09-27,-0.0006752194463200967,0.00045014629754680513,1.285903642418553,8950.0,76759.48605283041,1194,21017895,13328387,2281119,1270183,4452429,5147373,5945361,2174507,3053453,1937713,791679,1106914,1111260,0,848584,447800,2534010,1243897
78,000419,2017-09-27,0.0057553956834532904,0.0057553956834532904,0.36283493085216156,7333.5,33279.55161425319,366,3853681,3238839,270655,441644,1065504,1656989,1436204,894394,507290,0,208800,245812,365228,0,0,0,0,0
79,000420,2017-09-27,0.01724137931034475,0.008620689655172376,0.09649036364387018,5265.0,84093.35022248242,1305,16852325,18207701,1275204,708063,4442992,3592458,2484672,2623256,2985992,3893699,1271611,1223065,1797740,3389569,0,839999,2594114,1937592
80,000421,2017-09-27,0.0,0.0,0.2597124572493305,9087.0,26297.72948962865,726,7143557,4001358,1316081,353431,3169240,2192167,1143733,689735,996544,547625,217389,218400,300570,0,0,0,0,0
81,000422,2017-09-27,0.0,-0.0049586776859504855,0.18524695449825598,12040.0,181967.2303109768,1067,35845138,21752606,918493,1056005,3738085,4376613,3331473,3895400,3573471,3947973,4736819,2231185,2755468,1706501,1795106,416845,14996223,4122084
82,000423,2017-09-27,-0.015748031496062964,-0.008337193144974386,1.3385048149578258,38604.0,237490.22418011786,2341,146749649,120237631,1047500,1072442,8311577,13123754,13052313,14630428,22255125,18171561,15770041,11125772,21969045,13337800,8457255,8518386,55886793,40257488
83,000425,2017-09-27,0.008196721311475308,0.010928961748633892,0.07322254378524684,5152.0,175141.37465522782,2513,18031316,57478614,1051866,4146315,4083023,10442039,2193923,5333236,2545780,6431933,1084315,2564308,1833613,2419236,410328,475993,4828468,25665554
84,000426,2017-09-27,-0.013357079252003579,-0.01068566340160293,0.25983706691025804,11020.0,161313.34801720595,1871,52230354,38689911,2191336,1223919,6800686,6719847,6359746,5534357,8114303,6053114,5367693,3842562,3061360,2802503,2727661,857654,17607569,11655955
85,000428,2017-09-27,0.0,0.006198347107438051,0.21985578547307594,4860.0,109752.23698275977,484,8723299,9735925,236753,537475,1479586,1644776,1007516,1300594,1079396,1618358,524300,1649948,0,716345,0,1766940,4395748,501489
86,000429,2017-09-27,0.0011709601873537423,-0.003512880562060783,0.2776912250551095,7668.0,95813.14540549493,946,21474487,10981735,924284,873856,3912321,2078865,3371879,1728396,2497813,2196216,2336234,1997181,361675,1621302,421740,485919,7648541,0
87,000430,2017-09-27,0.014340344168259911,0.006692160611854625,0.4730830279279643,10500.0,64021.09216005401,488,6803623,5875273,434269,404358,2404660,2085277,1581128,1015873,912178,1483261,0,442982,355238,0,0,443522,1116150,0
88,000488,2017-09-27,0.06578220011055835,0.03924820342730806,0.33234980046034507,63000.0,485042.0685693466,2965,209482361,287530929,1066636,1171112,11249332,10816494,16728435,21346382,32042237,34459785,25859906,24625184,18771628,22864339,16301415,15948943,87462772,156298690
89,000498,2017-09-27,0.00959232613908867,0.0023980815347721673,0.24161121597641064,4185.0,48708.06818407721,1192,9879442,8911523,1688733,909875,2534814,3273575,1565437,2244856,934112,619615,679803,694437,0,323980,839345,845185,1637198,0
90,000501,2017-09-27,-0.0066006600660066805,-0.007700770077007757,0.4157269494066317,12635.0,106193.1844760432,1913,47473244,38522361,2828818,1101085,7988332,6627906,8709201,6806166,9191563,5949219,4324826,3095461,3598042,3153757,1409357,1730461,9423105,10058306
91,000502,2017-09-27,0.009361702127659521,0.005957446808510625,0.5748117370319532,7098.0,53478.244887387955,417,5347892,4859885,395542,395969,1174151,1601862,1083292,1260123,837004,1115796,803779,486135,0,0,453504,0,600620,0
92,000505,2017-09-27,0.010338345864661536,0.006578947368421018,0.4797896831364943,11748.0,85860.60663362435,491,10008153,7351322,299384,479005,2257412,2413274,1605427,1326600,1029161,2192855,778550,939588,1049894,0,440910,0,2547415,0
93,000507,2017-09-27,-0.002941176470588225,-0.0039215686274508554,0.24219683678997125,13182.0,78533.32006987018,1774,37072251,29801792,1246709,1349212,8605832,7946653,6622895,6008826,8243354,5836910,3618299,2540166,1558211,2761749,1323194,843873,5853757,2514403
94,000510,2017-09-27,0.013065326633165952,0.0170854271356784,0.26922156923119483,17229.5,87243.23834640427,1366,30634504,31560045,964149,899672,7322227,5579970,6199010,4797151,5945050,7262020,1971116,4788391,2325957,2668545,1328501,856421,4578494,4707875
95,000513,2017-09-27,0.010701545778834642,0.016646848989298357,1.1151541362591155,20400.0,222616.1249337441,2048,54182312,93933122,461450,1763173,8058578,12340418,7257461,7718641,8154292,8333121,6821559,20226019,2289134,5795331,4128730,2157306,17011108,35599113
96,000514,2017-09-27,0.0012953367875647714,0.0012953367875647714,0.22550269270493054,10829.0,57481.93481131764,1172,17111140,17099924,1105055,1413584,4690818,6369423,3466871,2984192,2439042,2195031,2779862,2015710,615210,990631,1407585,479087,606697,652266
97,000516,2017-09-27,0.0,-0.0019646365422396617,0.17460826585585892,8695.5,142634.78424501917,850,22060277,10362308,738385,690370,2250043,2891645,2752659,3527475,2888381,1659429,2651637,730906,1855070,0,856287,862483,8067815,0
98,000517,2017-09-27,0.0046948356807512415,0.0023474178403755097,0.11818862668579157,2975.0,36246.164852757815,1301,9993345,9752145,1482119,784130,3526262,3144026,1621497,2114776,1825921,1990280,686397,1368733,0,350200,851149,0,0,0
99,000518,2017-09-27,0.005427408412483015,0.009497964721845387,0.3187702892801939,7450.0,51418.16846830176,534,5527315,6435663,615891,442700,2397299,1474233,1186101,822113,812750,719070,515274,913282,0,1102855,0,436410,0,525000
100,000519,2017-09-27,-0.005319148936170137,-0.0026595744680850686,0.2805099936880126,16890.0,78920.36225995929,1617,40472429,30133382,1172785,932166,9328912,6136796,9657367,6920411,9551516,7164544,3518104,2697765,1738072,1728148,0,2161622,5505673,2391930
101,000520,2017-09-27,0.011695906432748648,0.00974658869395717,0.18124104480277842,10340.0,113955.35743707494,801,15027838,17995993,336729,1009185,2317988,3315594,2111985,2790283,2435338,2721140,2847106,1622037,332304,1595960,463500,456434,4182888,4485360
102,000521,2017-09-27,0.0017182130584192379,0.0,0.235143027470379,11058.0,47443.14164535635,612,10007135,4291688,481331,514319,4381078,940846,2636322,580071,1578688,955616,522899,249096,0,345144,406817,0,0,706596
103,000523,2017-09-27,0.005347593582887722,0.00855614973262031,0.46180913432310744,9330.0,48126.029517981704,409,4779249,5628940,382106,554010,1524623,1136274,1386053,1154965,967962,1089584,518505,672337,0,1021770,0,0,0,0
104,000524,2017-09-27,0.002309468822170757,0.0038491147036181506,0.503037444027298,7836.0,30847.39482732885,666,3976235,5685356,584728,1121051,2242512,3020705,812235,924769,336760,618831,0,0,0,0,0,0,0,0
105,000525,2017-09-27,-0.008041627246925365,0.004257332071901709,0.4771788367266193,6402.0,48625.175825595354,1969,18829522,20524916,1790578,3914044,7404267,4904224,2891636,3039583,2558999,3698856,1149811,1800881,1645355,675676,865311,414966,523565,2076686
106,000526,2017-09-27,0.01377331420373018,0.016929698708751717,1.7384707115516191,13996.0,104319.52792418796,401,4968196,8674132,305909,335739,1869851,1640957,915078,1353451,664748,1675645,0,489226,310904,1401615,901706,0,0,1777499
107,000528,2017-09-27,0.0068415051311288,0.007981755986317118,0.19513176838588225,4420.0,66645.15803689609,2023,19463945,27383759,2026243,1865917,5548969,6234534,3823094,4417847,3814782,2101556,1711817,1898732,1103234,3449081,858960,1773795,576846,5642297
108,000529,2017-09-27,0.009732360097323589,0.008515815085157863,0.2942940100183418,4944.0,97910.41133779948,780,6144145,6835995,1714337,562192,1285294,1651842,849673,1258594,1162490,467827,429975,0,702376,0,0,438540,0,2457000
109,000530,2017-09-27,0.006775067750677488,0.004065040650406582,0.29368278111819335,16390.0,79353.05965548354,631,13319017,8491774,374333,577403,4379434,2397518,1299632,1430692,1586657,1471536,2257952,719265,333000,696711,444000,447745,2644009,750904
110,000531,2017-09-27,-0.0023014959723820505,0.0,0.3779757615167829,6944.0,22208.615312248377,528,3674757,2680639,1026945,697845,1194933,1332984,885772,649810,220707,0,0,0,346400,0,0,0,0,0
111,000532,2017-09-27,0.03053435114503822,0.003816793893129722,0.5454363813065264,10512.0,46071.34221957658,576,5482553,7602346,568126,435657,1779812,3137447,1268587,1174910,904488,1017643,491250,1015920,0,350838,470290,469931,0,0
112,000533,2017-09-27,-0.007532956685499026,-0.011299435028248483,0.47558168665159517,10560.0,135213.0411211334,498,13752396,9500400,483821,404591,2227063,1461703,2468064,1187544,2492033,2227145,2031969,217709,0,0,1249759,0,2799687,4001708
113,000534,2017-09-27,-0.006557377049180357,-0.0019672131147540073,0.6280953354559845,15160.0,196327.34747881017,589,13739046,23710130,542071,455796,3590660,1303882,2221050,1397083,1991301,2854780,960678,4153790,692921,3161988,0,897663,3740365,9485148
114,000536,2017-09-27,-0.005059021922428242,-0.005059021922428242,0.1878337824921364,8835.0,70385.7020123404,997,21044486,11102763,1051986,694293,3561942,3513568,3759370,2539548,3731250,2129202,4395745,294816,1383014,678256,1237618,0,1923561,1253080
115,000537,2017-09-27,0.08369283865401211,0.060396893874029356,0.2553748951505515,34860.0,318322.3435462536,2064,109888364,179884034,1170022,806078,9063012,6646156,9964856,10465164,15585105,15613920,11810424,18579377,9248880,12404305,8896345,8845169,44149720,106523865
116,000538,2017-09-27,0.001023774314639958,0.0019337959276533034,2.2597227078333053,35128.0,352299.3565237614,1513,78151489,77429087,937165,2376137,5400650,10322266,7345692,9464575,9503741,8676165,6669712,5396931,6077144,4868652,4378479,3803322,37838906,32521039
117,000539,2017-09-27,0.0,-0.0019230769230769162,0.22040778825636337,5709.0,37709.59922500458,556,4992962,2176794,1744349,232531,1040249,546703,619954,369214,285280,627176,495645,0,391040,0,416445,401170,0,0
118,000541,2017-09-27,0.0,0.0011049723756906271,0.3352591416143429,9030.0,62702.35394243007,728,11126192,9972955,859758,947654,1794129,2253431,2127866,3357095,2885381,1177434,1359991,980814,1113831,0,465650,451999,519586,804528
119,000543,2017-09-27,0.0018115942028986698,0.0018115942028986698,0.20071383546924518,4416.0,128485.91023456925,756,10070612,11238111,352185,960967,1504634,2384972,1424486,1501611,1928729,862100,432939,778660,684893,0,0,896737,3742746,3853064
120,000544,2017-09-27,0.011709601873536535,0.011124121779859664,0.5858882306188791,12089.0,57116.6777021479,849,11174058,15331317,739946,812130,3362511,4220774,2362338,3739376,2127338,4517508,703109,1034193,695114,0,470732,491036,712970,516300
121,000545,2017-09-27,0.004901960784313708,0.0032679738562091387,0.16661571303422731,7982.0,85413.55600589456,1350,24167888,20675741,1333739,1053135,5425230,4365150,4505674,2995135,4425517,2958377,976078,2201367,2827513,1720440,492000,2281981,4182137,3100156
122,000546,2017-09-27,-0.002225519287833877,-0.0014836795252225476,0.3600283225730987,20325.0,169933.89069577676,1405,56786089,35912478,579440,863766,8484382,5867132,6755478,4895282,8876988,8229921,4116785,5720778,3197185,2473838,2890756,1294938,21885075,6566823
123,000547,2017-09-27,0.002523128679562614,-0.004205214465937801,0.23956225255558877,35310.0,153083.32827665834,2465,104970410,93425833,1033464,1429133,9997960,11729670,19102926,14628147,21762191,24664326,8909639,10487977,8757787,6733960,3524778,4691960,31881665,19060660
124,000548,2017-09-27,0.005115089514066584,0.002557544757033181,0.2919440774842222,7074.0,36557.87362888705,717,6518916,5948096,700121,599980,2243778,3015436,1264224,1098969,1022096,456455,1288697,0,0,777256,0,0,0,0
125,000550,2017-09-27,0.004980079681274896,0.005478087649402497,0.6505706212346046,12114.0,83830.42190110155,952,14464697,16922645,817775,740739,3611472,4548016,2775806,3970397,2657284,3001841,687918,1894541,307836,1685121,865725,452690,2740881,629300
126,000551,2017-09-27,0.0010905125408942062,0.0032715376226826187,0.4097289835976948,18360.0,44008.297442236784,500,6137015,8567259,368155,524625,1972877,3579286,1415462,1810269,1057420,1468870,1020821,1184209,302280,0,0,0,0,0
127,000552,2017-09-27,0.014962593516209655,0.012468827930174564,0.10012967160074258,2856.0,91052.01431157344,1609,19840237,20788576,1530790,1167724,2749253,4668372,2286507,3359831,1913210,1927123,1359203,888676,1823574,1018816,2147054,2287822,6030646,5470212
128,000553,2017-09-27,0.010211524434719177,0.011670313639678964,0.3698686651719614,2760.0,41867.42741288069,1374,10895466,9929966,1613800,1658855,3300379,2411586,2793700,1231466,2289233,1009322,200825,728148,697529,1340354,0,837531,0,712704
129,000554,2017-09-27,0.0020512820512819108,0.004102564102564044,0.2682835024702071,16490.0,98456.46020345729,1321,34341873,27521385,1282771,1324068,5979568,6132509,6668517,4924519,6771569,5481887,3350445,2828063,2494846,2046082,1857199,1315682,5936958,3468575
130,000557,2017-09-27,-0.01683501683501687,-0.011784511784511786,0.16739923112880326,11720.0,67178.71527568297,1260,25909592,12777630,1266101,1024909,6256362,4320209,5488558,3310640,5088870,3233272,2153704,888600,1451466,0,897577,0,3306954,0
131,000558,2017-09-27,-0.004531722054380682,-0.0015105740181268201,0.22337170056927666,8573.5,80728.88087498047,878,14036158,9941959,884759,999649,3590809,3067802,2315763,1738021,2351177,1417852,1409789,764843,697381,1358892,428350,0,2358130,594900
132,000559,2017-09-27,-0.023708721422523338,-0.011854360711261669,0.22460653548178078,44384.0,234873.20000773735,2767,165145472,146214347,1151185,1006461,13244406,12256118,19334649,14432101,28968427,26980787,18759555,22066563,20469974,12594300,11296629,8957305,51920647,47920712
133,000560,2017-09-27,0.02230483271375472,0.021375464684014966,0.2791722784557359,18436.5,111829.38092505999,1486,32768793,38113633,1005072,1001070,6777070,7326170,7269005,7232535,7077288,8835789,4068903,1727565,1681870,2092584,874722,2659470,4014863,7238450
134,000561,2017-09-27,0.04292682926829272,0.044878048780487845,0.25593422206802013,20840.0,192830.00700332964,1605,43786827,68821101,977943,1054110,7094261,6400466,6673462,7736152,11656147,13169926,6352428,7373280,4196638,4466333,468450,3962949,6367498,24657885
135,000563,2017-09-27,0.0,0.0037735849056603765,0.15836912060349753,9010.0,115579.01526664401,1121,20913697,20529392,604155,1268621,3199716,3931502,3169464,4769179,3995672,3570607,1511648,2404957,1408980,0,882749,850136,6141313,3734390
136,000564,2017-09-27,0.0076687116564417845,0.0015337423312884457,0.2370896530056305,9840.0,51342.08144100547,756,11612704,7997768,744133,774938,3504707,2669370,1962427,1807581,2188400,2198483,672448,245520,708844,301876,1294245,0,537500,0
137,000565,2017-09-27,-0.0010775862068965747,0.0021551724137931494,0.3986732372181149,11136.0,55149.178912852156,541,9150209,6618829,426063,697139,2619540,2310693,1649355,1878719,1445506,967999,1194655,445735,371200,318544,902522,0,541368,0
138,000566,2017-09-27,0.0023346303501945442,0.0023346303501945442,0.6394006020777431,25720.0,143558.02560767127,403,11709077,18050330,213377,221100,899624,2927300,720226,3513447,1614414,3061791,2777823,1215356,1082569,1450550,0,0,4401044,5660786
139,000567,2017-09-27,0.017333333333333423,0.020000000000000018,0.8879930025229995,24344.0,131649.87491473413,1143,33275679,38767630,770861,655332,6618943,4680422,5318314,4175961,12902861,6263454,2269303,3324580,2035825,3879161,484932,422970,2874640,15365750
140,000568,2017-09-27,-0.006891676974730476,-0.0033574836543559528,1.1383395411546182,33789.0,308868.3090595719,2472,128417565,105718891,540949,1028488,14586696,13094864,15066376,13079215,17669495,16963758,11903634,12587992,11692856,8069659,7740501,8879811,49217058,32015104
141,000570,2017-09-27,-0.0014224751066856944,0.0,0.32749531447318503,9758.0,44472.95449632919,460,5338522,4724593,381777,419155,1779009,1521123,1673589,1524289,675661,619395,0,295121,323161,345510,0,0,505325,0
142,000571,2017-09-27,0.00554785020804438,0.001386962552011095,0.26163295763444033,11536.0,65763.12916854999,759,11744784,12222883,638404,891654,2584041,4018567,2812630,2506467,2474470,1650651,1033552,1261217,330076,359718,434160,433800,1437451,1100809
143,000572,2017-09-27,0.007936507936507908,0.007936507936507908,0.14482294752900637,12612.5,115174.4732277638,1212,32046502,29807515,729814,1026477,4792682,3440008,4662805,4586850,6573667,7296933,1873031,3978731,2761122,1666772,1274004,866145,9379377,6945599
144,000573,2017-09-27,0.013355592654423987,0.011686143572620988,0.20365147881142168,5463.0,37029.45729622916,865,6931025,8561099,527229,1712548,2375956,2810431,1769544,1479290,1453791,1281536,442705,793294,361800,0,0,484000,0,0
145,000576,2017-09-27,0.006682867557715744,-0.0036452004860269005,1.2934086147393322,6552.0,97703.38456797523,161,3590970,669781,180245,146006,704184,325176,273155,198599,337016,0,0,0,0,0,490500,0,1605870,0
146,000581,2017-09-27,0.019327731092436906,0.012605042016806678,0.4970803123227589,26257.0,111898.60310512572,2293,53508971,59821870,657005,2329485,19867650,10297594,11774204,9927238,8936063,11560871,5460455,5320143,1344894,2744531,1827012,1777286,3641688,15864722
147,000582,2017-09-27,0.007679180887371961,0.006825938566553003,0.4809462180286309,11810.0,57396.41417549268,593,9985009,8851243,506521,441697,2883016,2900892,1188008,1671504,2932434,2471446,739995,445127,1735035,375240,0,0,0,545337
148,000584,2017-09-27,-0.0020790020790020236,-0.002772002772002735,0.5877112632266986,17270.0,100362.62147706425,602,11293286,19272018,481324,306473,4554220,2446173,1845642,1446507,2020355,3065089,1797851,2202134,0,2720962,0,2619404,593894,4465276
149,000586,2017-09-27,0.017893660531697497,0.023006134969325354,0.8742449311262834,13629.0,73042.80609660782,500,7148499,9404997,801029,350259,1983154,2063332,1325417,2410299,1460745,1922542,464959,248665,0,378100,493768,0,619427,2031800
150,000587,2017-09-27,-0.011627906976744207,-0.007751937984496138,0.30723599326466405,9611.5,526153.4732087684,634,30544041,59798402,372960,781067,2311361,1985523,1715566,1140830,2149816,1631492,2895353,468330,1845638,978501,1785481,0,17467866,52812659
151,000589,2017-09-27,0.001814882032667775,0.005444646098003769,0.25755049275658315,5540.0,49912.97003819709,457,5229640,4093344,351231,383947,1541518,1315913,1477574,590653,959425,704813,284280,0,0,656419,0,441599,615612,0
152,000590,2017-09-27,0.006349206349206327,0.0031746031746031633,0.9586355123700756,4746.0,60884.14633148109,269,4498553,1711181,310066,182319,1021497,698752,641631,588204,979169,241906,0,0,378470,0,0,0,1167720,0
153,000591,2017-09-27,0.020066889632106788,0.018394648829431315,0.13960951584879033,8526.0,89117.51405792394,1838,27978939,37489242,994267,3515412,5122738,6470495,4363154,6574727,3956203,5612116,3698435,2603616,2344879,2419422,2691828,2216437,4807435,8077017
154,000593,2017-09-27,-0.02980132450331119,-0.019867549668874163,0.3890599096965707,13035.0,163421.09882122654,964,36611572,18914330,862908,593103,4559624,3076466,3320679,2701521,5879007,4745470,4788581,1398571,2352878,1425690,3090542,1380042,11757353,3593467
155,000595,2017-09-27,0.005747126436781658,0.003831417624521105,0.17576482991670053,9360.0,47846.71206250346,882,11549142,9345015,786637,845776,3899137,3149669,3465345,1463652,2160582,1028823,477106,1082889,0,938483,0,835723,760335,0
156,000596,2017-09-27,0.01591743921637212,0.006646842749693738,1.4883042668406017,34647.0,247503.1083756334,1476,51537196,68031508,630933,670438,7087886,7148769,10353139,10754391,10231382,9685268,5330238,7717130,4443711,3739423,812192,2287872,12647715,26028217
157,000597,2017-09-27,-0.003561887800534347,0.0008904719501334757,0.4624201944152687,16860.0,76304.44320378415,589,14731095,10258222,301554,444126,3464742,2511962,1565556,2351420,3649028,2298188,2163988,1239381,716633,677305,2266496,0,603098,735840
158,000598,2017-09-27,-0.003502626970227629,-0.003502626970227629,0.15469192697105535,6543.0,142969.11771981994,1364,33791580,19652084,758664,1512808,4540708,4673220,4035483,2562456,4349097,2497299,2496145,1655790,3232630,745390,892560,400007,13486293,5605114
159,000599,2017-09-27,0.0015220700152207556,0.004566210045662045,0.2680603165956001,13120.0,70352.91332456657,600,9996806,9718741,626809,476835,3331951,1933091,2071436,1734501,1781338,1334392,1199615,1138389,985657,1071099,0,453362,0,1577072
160,000600,2017-09-27,0.0017543859649122862,0.0008771929824560321,0.24993929070122892,18256.0,102578.73231541942,2081,58504519,44912258,1662976,967538,11003974,8891998,12191937,7595174,10215570,8152210,8494146,5266708,2489107,6165189,3484994,957286,8961815,6916155
161,000601,2017-09-27,-0.012016021361815787,-0.009345794392523366,0.26457575731458427,8892.0,103372.31192735683,801,15781180,12430365,406456,1038779,2987302,3105986,2449744,2231722,4497181,1806619,1580795,2019268,371000,380360,0,0,3488702,1847631
162,000603,2017-09-27,0.005780346820809301,0.009393063583815087,0.460730326641036,7005.0,64493.32656021497,902,11972822,10156422,1719642,818345,2615813,3138288,1237921,2223478,2364514,1752442,1005260,699344,397208,683925,477400,0,2155064,840600
163,000605,2017-09-27,-0.0073800738007381295,-0.006273062730627332,0.6348040936075406,26970.0,163346.0977038438,1823,80115546,56939142,875826,1110863,8448539,9402796,10149931,9026847,11534795,9196489,9365307,4848795,4956234,4851476,4140515,3143199,30644399,15358677
164,000607,2017-09-27,0.024390243902439046,0.003658536585366079,0.21925581583362524,16300.0,86575.22208407891,1399,33221472,26848971,1426369,966940,7602296,5823082,7039116,5785437,6379589,6754870,3746052,2725381,1046348,621422,858480,410500,5123222,3761339
165,000609,2017-09-27,0.006968641114982521,0.0006968641114981633,0.6001007830516425,14320.0,76902.38194227677,571,10467715,9672718,356772,531572,2424861,3370776,1721344,1962172,1467798,1555299,1286302,565390,364873,683909,1290005,429600,1555760,574000
166,000610,2017-09-27,0.021212121212121238,0.016666666666666607,0.389214587548669,14784.0,160806.29413313963,1150,20182760,33868382,835185,852091,6188416,6250005,4178281,4160248,5282755,3686167,1450514,1753459,674578,1772467,891955,405900,681076,14988045
167,000611,2017-09-27,-0.005543237250554167,-0.009977827050997812,0.4084722695783956,12628.0,59035.611355837864,487,9681773,5535726,535688,464477,2215116,2282281,1816012,1230748,1724088,1106808,1189079,451412,360000,0,1841790,0,0,0
168,000612,2017-09-27,-0.0009132420091324533,-0.004566210045662045,0.3123416479625608,15329.0,70823.8304217476,1229,31934517,17738853,1224826,764692,6495970,4155775,8035746,3489000,8292618,3727900,3258907,3023736,1018725,1361280,0,489018,3607725,727452
169,000613,2017-09-27,0.0,-0.004882812500000111,0.31626008077936285,12704.5,51807.29995693693,1048,18385936,12658619,887203,684556,5761523,4422550,4403411,2961961,3690149,1991849,1211780,1634289,1024549,0,902321,450839,505000,512575
170,000616,2017-09-27,0.00222717149220486,0.00445434298440972,0.18588812050817818,7650.0,114889.6282172577,583,11470041,7633984,714843,501069,2235164,2138895,1714609,1262530,2090490,1727000,928185,225000,673650,0,0,451000,3113100,1328490
171,000617,2017-09-27,-0.0023809523809523725,-0.0029761904761904656,0.777695277975175,8330.0,39356.2279159191,466,6375714,4087996,536293,409172,1374362,1794547,1117835,772884,2598083,893903,749141,217490,0,0,0,0,0,0
172,000619,2017-09-27,0.007551240560949246,0.006472491909385258,0.39214486567568446,9315.0,41361.99622980919,558,6952954,6484173,577052,762212,2161620,2597765,1947422,821254,1222674,1507890,739422,795052,304764,0,0,0,0,0
173,000620,2017-09-27,0.03238866396761142,0.0013495276653170407,0.22437659271483043,2221.5,32406.237987669465,1092,5009985,7160686,1571188,1116816,1307526,1450767,446332,1536356,964720,1272264,720219,1023052,0,761431,0,0,0,0
174,000622,2017-09-27,0.006861063464836947,0.005145797598627766,0.3121482985886646,10227.5,61341.224729736205,348,4970302,4951075,298441,348946,1097841,1239526,1101684,1380006,735162,862100,790179,263424,364995,306414,0,0,582000,550659
175,000623,2017-09-27,0.003140421713772934,0.007178106774338167,0.5834361217461981,17896.0,252286.47100259783,1459,40645638,65188738,780966,1491013,6322413,7619727,3651308,6354816,6158159,7856116,4871972,4570280,1680355,1680758,2166623,3682216,15013842,31933812
176,000625,2017-09-27,0.0014534883720929148,0.0029069767441860517,0.2914619964454522,23409.0,248785.32918835134,2229,87468242,88470404,1061561,2064255,9390703,13593078,7089405,11554308,12748248,15131752,7753773,11476558,6235253,7268756,5804673,5633701,37384626,21747996
177,000626,2017-09-27,0.008695652173912993,0.008695652173912993,0.4542215617852391,17540.0,84622.22474169855,1442,38019598,28273737,1101382,1057627,6722355,6747549,7979707,5927896,8081546,6703049,3325043,3264726,5585869,1969023,405653,866837,4818043,1737030
178,000627,2017-09-27,0.005586592178770999,0.005586592178770999,0.21730858754606402,12529.0,100926.57062552852,1697,38310616,32535587,1536404,2064366,7188516,7882237,6302893,5468360,6289059,5297014,3516422,5072212,1410154,1365795,3169749,2648603,8897419,2737000
179,000628,2017-09-27,0.002970297029702973,0.0,0.4209000527944182,12649.0,47229.83540831288,575,8398488,7261376,372933,455080,3041572,2763223,2306998,1666695,1441254,997118,758001,202399,0,640605,477730,0,0,536256
180,000630,2017-09-27,0.006644518272425293,0.0033222591362127574,0.06235101383872638,10854.0,195556.56777090594,2354,41466586,81310999,1374057,2512519,6753552,12846506,5642202,8450981,4894894,9769202,1618017,5105613,3631358,4700320,1350242,3722018,16202264,34203840
181,000631,2017-09-27,0.0,0.004962779156327368,0.17116342497519213,8060.0,70523.95703349353,554,9410894,8924792,493006,603847,1752395,2080633,1616702,811439,2186598,1188062,2137879,2236768,395343,0,828971,1267348,0,736695
182,000632,2017-09-27,0.009957325746799306,0.005689900426742556,0.25198403481212767,11360.0,73561.09017683659,778,16672844,13088347,949210,539734,3385713,2066272,2899458,2697354,3267991,2751890,2808673,1571626,1390203,2429876,903512,496300,1068084,535295
183,000635,2017-09-27,-0.0016501650165017256,-0.0033003300330032292,0.6464700516186356,12726.0,80851.83164405846,790,15337538,9314878,699905,941243,3744884,4100825,2315923,2643858,2241771,1341003,1248424,287949,363600,0,949214,0,3773817,0
184,000636,2017-09-27,0.0021208907741250282,0.005302226935312904,0.21805560101881488,10428.0,74051.34634912295,1871,29756685,36073043,1336084,3075240,6490238,9706455,4214088,7738828,6783005,6512583,3634551,4024711,2510419,2057060,1761073,1889836,3027227,1068330
185,000637,2017-09-27,0.014662756598240456,0.01319648093841641,0.19920000708801855,4830.0,35080.990081317046,1173,5024657,9645249,552130,1982177,1627777,3518638,1165186,2405569,576539,1738865,571725,0,0,0,0,0,531300,0
186,000639,2017-09-27,-0.019294117647058795,-0.008470588235294119,0.6020618740000372,10770.0,62302.75318758431,1247,22441954,8887421,2405961,650408,9208153,2893893,1409229,1687260,2073098,3086914,1832637,206610,1367492,362336,826064,0,3319320,0
187,000650,2017-09-27,0.0034246575342467,0.005136986301369939,0.1777206387245708,7618.0,24039.962904118183,1080,4787763,10355878,466152,2968491,2003627,4725457,1421775,936160,402024,985748,494185,740022,0,0,0,0,0,0
188,000651,2017-09-27,0.0018191268191267707,0.00597713097713104,0.6473610804884922,123375.5,535060.403310442,3534,435762325,533247168,204272,316159,9080267,9232443,23294451,29221966,54500496,57536212,42393888,49998580,35163504,36949863,31198453,27252381,239926994,322739564
189,000652,2017-09-27,0.003929273084479545,-0.0019646365422396617,0.1781852091561323,5095.0,94594.15443484539,816,14189981,11769695,571284,853751,1860604,2778705,1461713,1468278,1668629,1543207,1605715,1653289,2514112,304382,465226,1832534,4042698,1335549
190,000655,2017-09-27,0.018779342723004744,0.021126760563380254,0.24552630863542652,13712.0,163547.39145362767,1204,21163523,29673472,1118128,1226820,4800469,5405744,5276218,4469836,5199807,5327618,1937362,4017588,1327261,2055342,951958,0,552320,7170524
191,000656,2017-09-27,-0.003960396039603853,-0.003960396039603853,0.11806303079164705,11545.0,172465.77636192107,1834,50824272,42881673,1372239,1514218,7119931,7835154,5472945,5733186,7183194,7723564,3021633,3869777,3415511,3112661,1221176,1775717,22017643,11317396
192,000657,2017-09-27,-0.004736129905277275,-0.0013531799729363803,0.3803599928158932,16373.5,84389.15673973323,1510,38384983,27855735,986000,1224545,7720365,7745466,6960899,5173513,7747947,6409540,4434172,3703968,2453016,1648103,2239501,432100,5843083,1518500
193,000659,2017-09-27,0.0025974025974024872,0.010389610389610393,0.15387708943252965,9494.0,131807.91881180948,626,10523314,17869791,416405,566001,2443635,2778161,2291293,1590499,2068822,1236523,1442796,1219183,0,1920277,0,425700,1860363,8133447
194,000661,2017-09-27,0.006923076923077032,0.009160839160839096,4.648046756145465,28656.0,258574.67044161406,946,34446071,55481825,0,2860,5683872,6408528,4285427,4443130,4736610,7140681,3421712,3141912,962437,2675145,1369655,2965243,13986358,28704326
195,000663,2017-09-27,-0.0026402640264027166,0.00990099009900991,0.5938643480672379,15330.0,68924.76053270971,650,14274715,13828147,624548,440385,3221209,2766985,2700710,2548851,3769079,4822824,1285357,1669798,1330472,610724,823140,429930,520200,538650
196,000665,2017-09-27,0.0033670033670032407,0.0016835016835017313,0.5089758450512051,5950.0,37884.668547715286,544,6268928,2807842,1356996,378537,1182547,1306902,1265225,552012,617422,570391,740794,0,1105944,0,0,0,0,0
197,000666,2017-09-27,0.006407097092163694,0.010842779694430815,0.4973282581048216,8220.0,90695.23011412821,1664,24715547,31136138,1976067,1802784,5909770,6726728,3326078,4999056,5941528,4828406,2648916,4564906,1344734,1065639,1692170,1746824,1876284,5401795
198,000667,2017-09-27,0.00591715976331364,0.00887573964497057,0.07853775596901687,3060.0,76688.46697331168,1859,13014624,18945815,711666,3513763,2488252,4543669,1296951,2850878,1686923,2086806,1338901,489084,2040905,699858,850712,1859716,2600314,2902041
199,000668,2017-09-27,0.0035842293906811484,0.009557945041815952,1.0345393570440076,8310.0,87421.56531063159,261,4354746,3560811,204448,235176,594593,939734,379190,876759,270565,789075,606600,202320,0,0,1373120,0,926230,517747
200,000669,2017-09-27,0.01189730745147144,-0.00250469630557304,0.5301214887539876,15950.0,83671.73470348176,907,19443477,17027360,942053,789212,2986369,4537716,6726735,4553474,3518440,2651232,748036,227227,986761,1324859,878880,845090,2656203,2098550
201,000670,2017-09-27,0.025936599423631135,0.036023054755043304,0.1359572508272559,26714.0,108877.62506491116,2611,67469719,92813647,1786743,1502839,12079316,12606507,13910738,16891958,15360148,23869478,10293964,12552266,6845901,7443635,3120359,5560036,4072550,12386928
202,000671,2017-09-27,0.009681881051175623,0.020746887966804906,0.1514880829913456,21780.0,181630.42673010667,2283,72200011,102401602,1609401,1683803,7670958,9626394,11921397,10520028,14305340,16032520,8601767,13230459,7306003,7762976,2250759,5633192,18534386,37912230
203,000672,2017-09-27,-0.0009960159362549792,0.0,0.2117363132545225,10030.0,124903.65652682964,2250,49590819,31841201,2240570,1495999,9075919,8453207,7047874,6124419,6255218,5814973,3564722,3943112,3237916,1698555,4860301,0,13308299,4310936
204,000673,2017-09-27,0.008695652173912993,0.01043478260869568,0.4366072785958629,16282.0,64606.67284577523,693,12919904,13464913,386229,614871,2570599,4372847,2959916,3405439,2801541,3192378,2421887,844580,680028,0,0,408320,1099704,626478
205,000676,2017-09-27,-0.0007215007215006786,0.003607503607503615,0.5981936658191312,9712.5,35615.7716357614,536,6570904,5050852,467413,739011,2111128,1998803,1430147,1044171,1185331,1268867,1376885,0,0,0,0,0,0,0
206,000677,2017-09-27,0.0193133047210301,0.008583690987124415,0.2516879237956729,8901.5,60262.39439346132,342,5817621,3356564,273991,354318,1810305,801229,1293701,529513,733160,1052294,455831,0,320249,0,930384,0,0,619210
207,000678,2017-09-27,0.0048661800486617945,0.0048661800486617945,0.4131431599696488,7443.0,62943.03832999758,395,7450375,2686565,518563,456192,1376784,878150,1091428,859986,944128,278562,1274986,213675,330000,0,1357611,0,556875,0
208,000679,2017-09-27,0.0022222222222221255,-0.0022222222222221255,0.3917909594507986,6293.0,72529.66135167761,527,8055875,4587292,577853,810727,1387386,1660144,932055,807940,415321,612781,797799,216000,1436897,0,448500,479700,2060064,0
209,000680,2017-09-27,0.0052631578947368585,0.00877192982456143,0.14696158207527565,8535.0,109883.17904238928,1506,24305785,26067369,1126524,865605,8259399,3654284,4337927,3604203,3400688,5953387,2305232,3691192,1979011,1081961,1361249,478192,1535755,6738545
210,000681,2017-09-27,-0.014778325123152691,-0.006020799124247356,0.45939175450116965,7248.0,65096.47976610222,1584,16885583,15599489,1210601,3830562,6240891,3983592,3701188,2520917,3457470,2324447,724595,767362,692055,0,858783,0,0,2172609
211,000682,2017-09-27,0.009469696969697017,0.005681818181818121,0.2182083280370403,5310.0,41285.639675642065,585,5768588,5303223,486240,558082,1828749,1625393,1569793,925924,1354806,1223477,0,500237,0,0,0,470110,529000,0
212,000683,2017-09-27,0.0030864197530864335,0.0030864197530864335,0.07543238158033443,9810.0,140928.02569214767,1857,34419409,50351505,1268353,1913695,6627175,8690681,3465235,5175210,6455587,8133389,3388849,4441486,1380396,3388129,2342683,1899454,9491131,16709461
213,000685,2017-09-27,0.0027881040892192566,0.003717472118959231,0.345001341919022,4281.0,59864.14006565658,972,6391699,13982450,425252,1342330,1807192,3245794,2276983,2704188,1667872,2318035,214400,1204826,0,323400,0,877894,0,1965983
214,000686,2017-09-27,0.0,0.00291545189504383,0.2811720126574045,15273.0,141797.79965293556,1339,43355721,38432244,723405,959817,5248730,6028756,3494591,4386257,7697196,7576007,3293525,4770112,4047783,1406830,1331707,2242623,17518784,11061842
215,000687,2017-09-27,0.024216524216524427,0.01139601139601143,0.29355424963628357,28000.0,131126.30853765766,2289,82161285,77242100,1476510,1205340,12145168,11747144,13777491,10786973,16944528,18323053,10279372,10784035,7341198,5169890,4854517,3006821,15342501,16218844
216,000690,2017-09-27,-0.006257822277847325,0.0012515644555695093,0.21757092425066946,7970.0,127416.68839371792,1349,28448424,22520155,1523970,1201970,3005041,5237055,5072116,4559225,4706192,3694951,2693891,2926875,2089504,1016490,825651,477403,8532059,3406186
217,000691,2017-09-27,-0.0013333333333332975,-0.0013333333333332975,0.49052449392026953,9024.0,111447.38728369925,233,4020773,2636360,299533,257962,1003192,993132,540570,267528,590249,381758,0,225300,0,0,0,0,1587229,510680
218,000692,2017-09-27,-0.008733624454148492,-0.008733624454148492,0.429506022424286,6800.0,46826.763839346284,255,3525873,2059391,318225,200759,893803,1063943,467558,658489,1097787,136200,203700,0,0,0,0,0,544800,0
219,000695,2017-09-27,0.014873140857392775,0.012248468941382429,0.49480821675913145,6888.0,26298.621194201532,533,3711237,4524847,1065473,290693,1580939,1841805,611492,853469,453333,1311180,0,227700,0,0,0,0,0,0
220,000697,2017-09-27,-0.011056042699199353,-0.005718642775448091,0.5638511733361438,33735.0,195886.84466301044,2165,103600767,88854637,1021042,987765,9303394,10465304,12792537,12084920,21008811,16765915,13835439,12199496,7768234,4729246,4791153,3120981,33080157,28501010
221,000698,2017-09-27,-0.0015105740181268201,-0.0030211480362538623,0.2920602614768307,13200.0,59482.77564832641,513,9127672,7637626,301780,654466,2294248,2664686,1245474,1715895,2085957,1208659,970412,702900,1687281,691020,0,0,542520,0
222,000700,2017-09-27,0.004341534008683201,0.0028943560057885787,0.2492644585255125,14195.5,65603.33618630374,768,12152080,7644928,391929,625015,4712553,2382437,2019784,2062283,1558509,700121,222180,652438,657157,389466,478172,0,2111796,833168
223,000701,2017-09-27,0.0024330900243307862,0.0008110300081103361,0.4476012123085214,12310.0,40659.79665164997,758,10248149,8452075,614442,743224,4072847,2977259,1876546,1793648,2465464,2463424,726450,474520,0,0,492400,0,0,0
224,000702,2017-09-27,0.005780346820809079,0.0011560693641619046,0.3080148241182988,13848.0,58864.96342260986,788,12915559,11657490,697293,862688,3088029,4598478,2399964,2476606,2276038,2885526,1437963,518700,719097,315492,448239,0,1848936,0
225,000703,2017-09-27,0.006740196078431238,0.006127450980392135,0.5038482772191093,9792.0,62661.42184829639,1049,15350466,12229513,2202723,533044,4744641,3405904,2880535,2591747,2306974,2515949,888216,1392511,1023377,684078,0,400575,1304000,705705
226,000705,2017-09-27,0.025691699604743157,0.024703557312252933,0.24306031137574657,2114.0,108975.49540815648,1736,20383187,32366607,486402,1828438,3381382,5284588,2474362,4085695,3962886,4316964,3066954,1994188,2491452,971345,453150,1282837,4066599,12602552
227,000707,2017-09-27,0.0014285714285713347,0.0014285714285713347,0.3721703169380451,10530.0,47875.31413062445,353,4898966,4179174,235745,357068,1324176,1334523,1140709,1397840,1098767,1089743,210000,0,395364,0,494205,0,0,0
228,000708,2017-09-27,0.015838732901367836,0.018718502519798452,0.32476396540079583,28420.0,120671.02367782083,1830,62089003,68633336,991494,1295183,7908129,10304829,9781125,9858158,14318553,14551718,8559765,11216605,5893611,7142304,3381793,3701794,11254533,10562745
229,000709,2017-09-27,0.006772009029345494,0.006772009029345494,0.07996060729133034,32184.0,406216.4821939126,3086,139695303,298855604,1243702,2342048,9005196,17080073,10719193,18639545,12741658,37261254,16018641,27368768,9177481,19630562,5811364,17667761,74978068,158865593
230,000710,2017-09-27,0.04653748411689951,0.06226175349428198,1.4247318846893775,38841.0,250686.5234202508,1954,83284058,122292740,698171,945611,9526163,7751513,11794890,10530206,16385577,19313884,9938982,14395689,11042057,12956002,5792580,8304487,18105638,48095348
231,000711,2017-09-27,0.007746478873239537,0.007042253521126751,0.48583657581257994,8550.0,99605.86776957382,854,16190985,7030836,2378373,547306,2613358,2553932,2069079,1464839,2122347,1006554,491591,464908,371540,0,0,441561,6144697,551736
232,000712,2017-09-27,0.01781415503129513,0.01877708233028419,0.434364089385038,41960.0,285230.12106073456,2288,108780590,161242981,766247,995362,9151816,10613388,12765496,13380223,18280085,20255556,15291828,16337526,12006900,12065646,9268612,9935172,31249606,77660108
233,000713,2017-09-27,0.00242424242424244,0.00121212121212122,0.41942609617710547,9888.0,44984.318567127426,386,4637078,3728475,361181,438073,1651915,1368164,852697,1138036,876534,221100,0,209550,0,353552,894751,0,0,0
234,000715,2017-09-27,-0.011680143755615546,-0.007187780772686447,0.4077398894953729,5545.0,54176.61524801311,745,9286807,6579143,1236453,773941,1982851,2214791,1605901,1798031,1675780,1028862,945329,0,1047053,0,0,0,793440,763518
235,000716,2017-09-27,0.0,0.0,0.1971941966858552,6420.0,34639.67439488505,1057,9827569,9769882,1256093,1185212,3447349,3717571,1250968,2344084,3135981,1509058,737178,707559,0,306398,0,0,0,0
236,000717,2017-09-27,0.02230483271375472,0.018587360594795488,0.13661620193826104,104139.0,737707.2170584188,3499,473155957,582642497,1155672,826189,10971295,11169794,19068859,19286205,40407919,40099046,37290474,37066934,32959187,37081097,31912470,32141445,299390081,404971787
237,000718,2017-09-27,-0.001814882032667886,0.001814882032667775,0.13849706068666526,4376.0,96353.78162157159,1585,28459511,18554894,854872,1758158,3470727,4408435,2671458,2962977,4382982,3951354,2987570,2456352,2681986,1997524,493394,400770,10916522,619324
238,000719,2017-09-27,0.0009514747859180606,0.0009514747859180606,0.3279974338239074,10560.0,46854.48759475042,1027,14393620,5399115,953480,703992,6609823,2883023,1021098,978215,2653666,426555,418733,0,321606,0,481816,407330,1933398,0
239,000721,2017-09-27,0.0,0.004016064257028162,0.28220874456721584,9000.0,58211.26734322588,700,9684503,8577038,804152,825049,2719449,2911736,1702708,2209691,1438347,1069583,247830,428142,1838663,316500,415104,0,518250,816337
240,000722,2017-09-27,0.005892255892255838,0.005050505050504972,0.4803566454736239,10791.0,84401.5916993836,611,7858100,14011064,574156,465679,2034447,2247546,939235,1832811,1116145,3240867,916802,2463142,633869,1336580,0,1779459,1643446,644980
241,000723,2017-09-27,0.008423586040914532,0.00962695547533099,0.2469224001838249,22100.0,152902.77130655615,1133,40620007,36267085,793235,946096,5451663,4927403,6428948,4455105,5562579,9572898,3540433,4061850,2362868,2373762,3050567,1353621,13429714,8576350
242,000725,2017-09-27,0.012048192771084265,0.028915662650602192,0.06952796625648518,215122.0,2420106.0250929403,3592,1165825603,2009570461,343653,259337,7168564,6647519,21342458,19141065,43962075,43934837,41142612,41041324,44176972,39260348,32849926,49051065,974839343,1810234966
243,000726,2017-09-27,0.0008368200836821327,0.002510460251046176,0.3019794415224065,4800.0,49326.16749291451,1567,13713502,14051307,1278856,1464591,4313235,5026215,2550754,1808944,3382589,2857486,1240520,217562,0,988968,418950,455661,528598,1231880
244,000727,2017-09-27,0.0,0.0,0.07622264323023534,2800.0,168389.81509974055,1357,21748297,21451333,1021603,845894,3509169,3394442,3301082,1761142,3112644,3095308,1872600,1215017,1094238,616517,877455,496719,6959506,10026294
245,000728,2017-09-27,0.007902298850574585,0.009339080459770166,0.2971332790377043,29442.0,226474.91750042373,2195,110733085,112162866,998035,1404807,8940038,11504239,12064950,12276169,17045707,15340987,11141120,11670534,10235240,6878686,10504577,7943116,39803418,45144328
246,000729,2017-09-27,0.0,0.0,0.19233574396810962,3831.0,166440.06062544105,1104,9338404,17511278,621911,1192817,1927664,5612248,1230256,2011790,1577767,840763,1205820,989910,677768,0,479250,466470,1617968,6397280
247,000731,2017-09-27,-0.009478672985781977,-0.0035545023696681444,0.28530778945996305,10068.0,144337.68070789007,875,21342677,14293336,726880,1144205,3803323,3319047,2360494,2351459,2142492,3002175,2568433,1678968,1007619,1315360,897926,0,7835510,1482122
248,000732,2017-09-27,-0.0005515719801433283,-0.004412575841147182,0.4643363610967712,7276.0,76681.07533485968,1526,18258424,29565241,1134427,1804476,4567843,6245920,4298208,5925402,4320699,6081880,1286935,1179854,1050713,2358341,480130,487800,1119469,5481568
249,000733,2017-09-27,0.006670709520921969,0.003032140691328067,0.5009182654169767,16530.0,101948.55010452287,1083,28031476,25858053,1187274,913171,4371054,5250695,4917572,4485256,6466529,5101125,2828756,3174690,2341930,637384,2522314,1871480,3396047,4424252
250,000735,2017-09-27,-0.002777777777777879,0.004166666666666652,0.2264240479745566,13718.0,139751.46872902729,1011,26748358,27201176,657833,903926,4240865,3890661,4115221,2672229,4570453,3103103,3699429,3848810,1415474,3252558,2137840,928228,5911243,8601661
251,000736,2017-09-27,0.022755227552275326,0.022140221402213944,0.36033070845846865,22959.0,151755.68589596683,2039,66564796,72551293,1531652,1524471,9879360,9606058,9706651,11261724,11550127,11692714,5986927,6650148,5025215,3065605,5014947,3191682,17869917,25558891
252,000737,2017-09-27,0.03392330383480813,0.002949852507374562,0.17370311715829376,13460.0,89768.9598549392,1525,29581798,27744398,1233286,1413873,6216213,6538160,6135132,4917072,7708383,5443840,3742070,1638527,2772139,674125,424575,1354216,1350000,5764585
253,000738,2017-09-27,0.006075949367088551,0.007088607594936791,0.5716606365341628,19910.0,105080.44144581775,1193,26975483,34195291,963151,1114560,5625512,6150570,5137597,6757707,6926226,5672646,3280064,3844950,1021773,2105365,489227,1301313,3531933,7248180
254,000739,2017-09-27,-0.0013495276653171517,0.0026990553306343035,0.30884551218525974,10388.0,67408.26287267738,575,7779469,7956714,783381,404985,1861170,5495057,1330401,655190,872980,243730,581285,277512,0,0,0,880240,2350252,0
255,000750,2017-09-27,0.0017094017094019254,0.00512820512820511,0.16351479469564922,7044.0,93904.35692964902,1281,15869034,29238403,903190,1142952,3335717,5057606,2520729,4208021,2511416,4238943,3027326,3327942,0,2126933,1809726,873230,1760930,8262776
256,000751,2017-09-27,0.004854368932038833,0.004854368932038833,0.13010226948258088,20361.0,191947.06971234747,2261,83439918,85749282,1783578,1666150,9937856,10574987,10114379,10184310,13937486,11156863,6128119,9975585,5856415,7905437,3458015,4414098,32224070,29871852
257,000752,2017-09-27,0.027797576621525266,0.016393442622950838,0.5641365923101028,14200.0,61689.24753589602,618,7915774,11222149,482550,565030,2711534,3807360,1260583,1974068,655557,2026137,998060,1593435,649298,686119,426000,0,732192,570000
258,000753,2017-09-27,-0.0022026431718060735,0.0022026431718060735,0.19600237934911555,8607.0,84040.26186675552,536,10922690,8238743,444507,658097,1817307,1949976,1552049,750478,2427593,1265992,1144522,1440930,1350977,372190,1321230,438620,864505,1362460
259,000756,2017-09-27,-0.007006369426751591,-0.01146496815286624,0.49434370313142917,9414.0,76305.39444165114,1009,20816438,12781684,1062773,1146406,5225276,3920556,5476136,1542421,3477159,2916433,2172760,234750,622200,929600,1424318,454542,1355816,1636976
260,000757,2017-09-27,0.004021447721179738,0.008042895442359255,0.21823466423301077,13410.0,69064.06690247408,1169,24009050,16299646,1321271,793329,6857298,3955806,4118760,3225031,5033660,2422524,2439875,1145619,2822841,2049539,894545,0,520800,2707798
261,000758,2017-09-27,0.0013245033112583293,0.0013245033112583293,0.1839814868598312,13626.0,145043.32776017522,1685,43961126,43300714,1133860,2003792,6167027,8533827,4431206,6622243,4693953,6408207,3865887,4399678,3942217,3190456,2301051,3578391,17425925,8564120
262,000759,2017-09-27,-0.008501594048884176,-0.01062699256110522,0.33902827839830557,11196.0,81788.12702673374,770,16008462,9012084,898733,671385,3324341,3091986,2552315,2089038,1869540,936593,2071641,471696,1355479,317184,886743,0,3049670,1434202
263,000760,2017-09-27,-0.01322482197355046,-0.00915564598168872,0.3381192861370897,6825.0,66000.34047464182,845,11726974,9256162,846599,1053792,2798269,2972556,2208682,2496045,2079307,1710108,506718,1023661,393820,0,442776,0,2450803,0
264,000761,2017-09-27,0.004807692307692291,0.004807692307692291,0.12864602509247244,22900.5,210964.04880693954,2358,99314569,110779133,1230007,1713320,7119173,11889079,9647523,13105664,14770703,20840906,10804685,10385091,7061539,10868616,6074076,8514234,42606863,33462223
265,000762,2017-09-27,0.006708193579300525,0.019166267369429724,0.3609525501358264,134316.0,486840.8279020581,3347,445791843,501281922,483008,413749,8824340,9188045,18103821,17268155,41305865,42491061,34909814,49439596,33822606,36611771,35376759,46742654,272965630,299126891
266,000767,2017-09-27,0.0057636887608070175,0.0057636887608070175,0.17881336190657898,6960.0,69742.21782039845,376,5014944,4386630,370579,341990,1125602,1268551,800097,447910,867306,690322,260652,246394,0,349698,894708,424035,696000,617730
267,000768,2017-09-27,0.00967221923696937,0.012358946802794257,0.4172593345729537,30000.0,308656.6169423616,1989,88193694,105776418,1369543,1213569,10720543,8493743,10465949,10162883,15293909,14684652,11004843,12173636,7750701,7189409,6717587,6371417,24870619,45487109
268,000776,2017-09-27,-0.0010621348911311612,0.005310674455655917,0.4345715324485856,28365.0,374465.08654694597,1877,119902702,105213881,1203800,1237745,8193034,9473708,10906063,7683144,11273731,12877575,11498433,10387944,8895572,8880699,4030799,6588986,63901270,48084080
269,000777,2017-09-27,-0.011938601478112654,-0.007390562819783897,0.7495059273992511,10476.0,56666.50447345403,550,7962576,7694841,588441,544718,2388351,1805353,2022339,1617076,1757678,1468104,202420,1208542,1003347,0,0,437500,0,613548
270,000778,2017-09-27,0.0079617834394905,0.009554140127388422,0.1339171262781158,18415.0,174803.71218285017,2203,59839278,81869211,1572365,1957338,9442790,10187139,7553626,13068964,9112205,12246791,4268573,9399358,3976995,7464983,3206570,3066379,20706154,24478259
271,000779,2017-09-27,0.028295376121463045,0.02898550724637672,0.5738316335215378,14550.0,71054.06606980164,637,10413718,13091713,490982,614285,2716419,2749919,1725986,2234183,2283062,2504535,575476,4323365,741325,665426,442800,0,1437668,0
272,000780,2017-09-27,0.009615384615384581,0.009615384615384581,0.20142404012738535,10540.0,69291.6469528624,666,9409235,12747683,467180,517421,2582022,3251790,1331545,2180224,2331839,1997880,786925,1415445,0,711377,884874,2673546,1024850,0
273,000782,2017-09-27,-0.009871668311944859,-0.009871668311944859,0.3080757580517451,10050.0,53629.978506124986,1081,21908219,8483984,1314191,357125,5326344,3168228,4397803,2346977,4488846,1574126,3141912,624062,1820537,0,891534,413466,527052,0
274,000783,2017-09-27,0.0040858018386109585,0.008171603677221695,0.25818015521871723,9845.0,149817.40963127345,1438,40276003,35921099,1679304,1621692,6187728,4047509,9088566,2908949,5004699,3811483,2104081,2381923,715851,1679904,3730059,2340849,11765715,17128790
275,000785,2017-09-27,0.0,0.0,0.6370135321842603,11340.0,93868.03680504303,316,6364200,5000130,189494,216033,1481020,1356497,1103703,579567,1342865,1001558,461400,272976,0,0,0,454799,1785718,1118700
276,000786,2017-09-27,0.011919698870765272,0.025094102885821812,0.2861283627342805,45276.0,300606.629018081,3105,157230609,240052911,856925,1648316,10983044,20689955,15032476,24726637,23899247,39651548,14107786,22580654,14881032,17141959,8945101,12535287,68524998,101078555
277,000788,2017-09-27,0.005976095617529875,0.0009960159362552012,0.3997474968333007,6026.5,38867.73911210604,630,7576632,4742206,675094,429109,2024742,2179474,1207129,1479048,2112524,101909,849582,247450,707561,305216,0,0,0,0
278,000789,2017-09-27,0.0,0.0,0.2151688484096301,21192.0,141026.75801260694,1709,63754238,41400720,1601670,1072342,8179454,7542091,9187518,9925376,11673393,6639796,7091656,4405114,5958917,2369226,3999583,1402002,16062047,8044773
279,000790,2017-09-27,-0.018292682926829285,-0.004065040650406471,0.46867493889380035,9830.0,72538.01374957983,440,8426028,5588991,404024,566186,2004829,1215302,1920348,1299681,1325208,515675,903743,1001986,0,0,490000,990161,1377876,0
280,000791,2017-09-27,-0.0012285012285011554,-0.0012285012285011554,0.29097590690897734,11424.0,100789.91253932609,782,22353607,10919117,750012,903282,3711116,2618902,2592114,2503173,3254184,2074802,4678492,909691,1026691,695835,2650944,0,3690054,1213432
281,000792,2017-09-27,-0.02505010020040077,0.002004008016031955,0.33351949589833757,449505.0,2226256.6507381727,3594,1589160776,1711520865,135898,90025,3421406,3223104,9169944,12117452,29928676,35475754,30471674,42852084,38085112,52265413,60286365,50971485,1417661701,1514525548
282,000793,2017-09-27,0.00698602794411185,0.004990019960079861,0.35500992078562504,8040.0,99034.2546685983,796,10072398,15298319,357685,1065135,2039802,2828299,1381818,2272538,2579774,1872912,1425667,1147647,936165,1369795,448787,475365,902700,4266628
283,000795,2017-09-27,0.01303780964797907,0.016949152542372836,0.1519114008959382,23460.0,116972.4769971291,2553,65295335,86174731,1775479,1834308,11635487,13675133,11769396,15936287,15906177,18065678,7646196,9604893,6973197,5945334,3079329,4849213,6510074,16263885
284,000796,2017-09-27,-0.018867924528301883,-0.006918238993710801,0.3755815315041474,17402.0,77855.76137948022,1793,41335427,31575132,1391483,1608495,9312502,9139051,9797759,7927551,7819536,7509107,3771440,2532602,1767918,1399362,1841681,853824,5633108,605140
285,000797,2017-09-27,0.10944395410414831,0.02383053839364524,0.2871123919056429,17415.0,86635.36997103573,1558,35144568,37598215,1067197,1106092,7206404,6746705,7327679,6298120,8696014,10138680,4590173,3971780,1746782,1459851,1803105,897256,2707214,6979731
286,000798,2017-09-27,0.0,0.0031746031746033854,0.4421317870071989,6622.0,29978.162336564972,456,4137648,3374061,550819,661094,1786465,1081464,995671,809879,804693,247661,0,217321,0,356642,0,0,0,0
287,000799,2017-09-27,-0.010360843158270794,-0.012504465880671556,0.5224934528742373,38724.0,273936.528624472,2871,170412264,130813700,995072,1306795,13223763,14536805,16768578,19099081,27658994,24725119,17790587,18386675,11369909,13720594,11537259,6640204,71068102,32398427
288,000800,2017-09-27,-0.015999999999999903,-0.007199999999999984,0.24819445917745186,34832.0,256254.4701431151,2539,141471271,123857822,1416729,1249259,11667853,10927355,11776978,11888088,28312614,21350018,18701264,16878834,13794799,11142449,7772664,9736839,48028370,40684980
289,000801,2017-09-27,0.0096735187424426,-0.0012091898428052694,0.2371765314125562,15656.0,72929.4678282826,1216,27533194,21375551,1061611,1301716,6021679,4819032,5383329,3919610,7636472,5224019,2269889,3361236,1731496,1385035,1754112,840104,1674606,524799
290,000802,2017-09-27,0.0037641154328733606,0.0031367628607277265,0.4482487207969504,15970.0,64983.089723203266,1264,25111329,21594506,1141161,1187869,6285605,7177239,4531232,4843211,4422789,4822813,3146052,1036958,3409802,688744,486780,1301416,1687908,536256
291,000807,2017-09-27,0.03125,0.026388888888888795,0.24728935355130416,109435.5,444197.6652872552,3396,369009476,411154887,601060,556002,10898801,9993846,23730875,18671080,58079914,41824790,43445161,36319914,32818603,34625782,28509809,29691843,170925253,239471630
292,000809,2017-09-27,0.0,-0.0023529411764705577,0.18248707681237025,7641.0,75959.34174578097,542,12146377,6256142,647931,247886,2646557,1517706,1219718,1093544,1884871,1350712,2478818,701516,1062522,392544,448168,426000,1757792,526234
293,000810,2017-09-27,-0.001823154056517895,-0.0009115770282588365,0.4270787267480676,10950.0,59339.99836920926,659,9457805,5964401,655117,657368,3032461,2430521,1024549,1113573,2777557,1204566,506920,0,303621,0,0,0,1157580,558373
294,000811,2017-09-27,-0.0020703933747411307,0.0031055900621117516,0.38958964203205537,9690.0,103035.82865045447,614,12293413,9103477,451522,936167,2171997,2319490,1516670,2016715,2531269,1343022,769202,2003125,1093265,0,886739,484958,2872749,0
295,000812,2017-09-27,0.0,0.0,0.4035028476704773,9460.0,75152.01371891903,462,7985541,8123580,398457,521071,1628846,1593363,891341,1658323,1461785,1744841,996619,1227867,1057066,335916,934056,0,617371,1042199
296,000813,2017-09-27,0.0,0.0025316455696202667,0.2709686420652747,6312.0,34698.71307770496,850,6982204,5766627,514859,2300383,2526544,1564276,1362835,1140640,970320,521049,706382,240279,307310,0,0,0,593954,0
297,000815,2017-09-27,0.022364217252396124,0.04153354632587858,0.4101932566344238,22106.0,171651.42159108794,1457,37937031,53896638,986432,1172966,6432222,7281250,6549427,7673959,7846951,11406753,4669365,4234891,1331867,4528635,828680,1827435,9292087,15770749
298,000816,2017-09-27,0.005722460658083017,0.007153075822603716,0.16297958766697657,24570.0,176020.19764622,1841,75649746,57132027,469063,562333,23186585,4069318,9656798,5057328,9928532,7704173,5169806,6332703,4174182,5243058,2705740,4027328,20359040,24135786
299,000818,2017-09-27,0.007207207207207134,-0.0009009009009008917,0.37513539220077946,11200.0,124210.07180331503,875,22220616,15724547,569285,823560,3941820,3183169,3134117,1660705,4283488,2846203,1019128,3152725,1034160,364468,0,853240,8238618,2840477
300,000819,2017-09-27,-0.01581920903954792,-0.012994350282485856,0.770591053319689,11037.0,44391.11722816193,527,8987821,4139875,468780,590170,2330526,2185122,2059941,992100,2100114,108183,944745,264300,1083715,0,0,0,0,0
301,000821,2017-09-27,0.008600469116497367,0.00390930414386248,0.4149260647686244,12850.0,65271.34651658198,950,19268837,12026518,863410,643347,3829199,3618112,7271827,1982456,3322180,1342962,1948276,766357,388892,1874444,441008,421192,1204045,1377648
302,000822,2017-09-27,0.012875536480686733,0.02060085836909864,0.23244425863320467,32076.0,226060.77659008288,2515,121802097,123335256,1324743,1262021,13568015,11595703,13487177,12133782,21100009,19879561,12587743,15934882,8901769,11918662,7371528,4490636,43461113,46120009
303,000823,2017-09-27,0.006988120195667413,-0.002096436058700246,0.4172218137948816,22832.0,132033.95495472604,1177,36104234,27497701,976063,921183,8701659,4749856,4972358,4246856,7763068,5064494,3019029,2020718,2100152,674166,2612834,887960,5959071,8932468
304,000825,2017-09-27,0.01984126984126977,0.02182539682539697,0.09762178599872531,32896.0,318454.46076233336,2675,122533268,217876678,1179780,1463266,9403032,12672761,9951768,17538658,14956136,24171207,9817061,20822018,11310648,19319182,7926448,11183852,57988395,110705734
305,000826,2017-09-27,0.012124711316397363,0.008083140877598094,0.9114272754785208,24359.0,207132.53180628605,1444,50400388,55416134,788025,691555,6794257,7865159,6825471,7617825,9389607,10126516,4722293,5679594,3833308,4675504,1377114,816149,16670313,17943832
306,000828,2017-09-27,0.003961965134706924,0.006339144215530945,0.47439452521081654,18960.0,101745.9189796794,707,20219889,18776815,278835,997394,2806571,3267518,2787317,2948433,4314699,4823643,2473585,2536904,2172247,720364,1693656,1798038,3692979,1684521
307,000829,2017-09-27,0.0108910891089109,0.007920792079207928,0.2805696321116521,8144.0,60036.625564115726,1296,11959226,17362902,418917,2551505,3741685,5095850,1733890,5196477,1624101,2215855,437280,1374053,0,929162,412371,0,3590982,0
308,000830,2017-09-27,0.04549590536851689,0.02547770700636942,0.18768293861425098,117090.0,895384.5251889892,3438,570572958,652419212,729608,616901,11417206,9738610,15601639,16273027,37458747,33363500,40333984,32414276,35754724,33188046,34640908,30783167,394636142,496041685
309,000831,2017-09-27,0.0060810810810809635,0.011486486486486536,0.3063879206530855,29650.0,140549.60135568294,2334,71734779,85909970,1255565,1220258,11320921,13153743,12364966,15431887,17075667,18406372,6744551,9897532,6690030,5174230,3172053,6438912,13111026,16187036
310,000833,2017-09-27,0.008547008547008517,0.009768009768009733,0.29733440192748084,10731.5,37702.12719763045,758,7315671,11934301,866615,925089,3497284,3449892,2090714,3931170,648724,1975435,212334,1005926,0,646789,0,0,0,0
311,000835,2017-09-27,-0.002105263157894721,0.0,0.3908270975337032,11382.0,89384.85887017465,590,12991590,8417113,424619,795542,2239813,2990399,1911628,1374251,2276942,991580,2065017,965032,768280,345800,1354750,427500,1950541,527009
312,000837,2017-09-27,0.006775067750677488,0.004065040650406582,0.3052140481807593,8140.0,64729.082358460546,584,9754372,7046012,620038,573037,2299408,1752883,1920138,1917533,1489238,668957,2375976,1007700,310574,381902,0,0,739000,744000
313,000839,2017-09-27,0.011937557392102782,0.011937557392102782,0.1955227427126961,57512.0,413745.2360942639,3105,253531671,279295284,920363,1334983,10748657,14350247,16441942,21364875,26199206,38605882,22485948,32168989,22523091,27201211,11313823,19102297,142898641,125166800
314,000848,2017-09-27,0.010449320794148287,0.010449320794148287,0.21710710067990321,27104.0,237958.01765272152,1944,102441099,99217137,1649425,1357484,8049471,8949307,8874309,8469727,11730584,15963326,7856639,9602203,6482109,8468175,10475097,8813605,47323465,37593310
315,000850,2017-09-27,-0.001897533206831059,0.0,0.2622378620948753,10520.0,61513.21697593662,403,5673599,5912162,100861,433095,1179797,1849633,1163450,1374420,1523840,630814,451721,764604,643534,333596,0,0,610396,526000
316,000851,2017-09-27,0.008620689655172376,0.010344827586207028,0.3390837322632455,17400.0,104361.36649654686,1170,29531210,33713258,792259,819478,5216835,5963570,3495242,4335748,6715544,6467301,3897369,5616982,2296832,3177369,3065008,824867,4052121,6507943
317,000852,2017-09-27,-0.005751258087706712,0.0,0.2966371757364974,23545.0,145211.34233845933,2200,76004496,53300775,1375750,1570326,11984981,10906092,12680656,11174992,16600670,10049502,9517098,5788031,4186782,3081204,2114932,2511589,17543627,8219039
318,000856,2017-09-27,-0.01660899653979231,-0.01626297577854663,0.5769097100849148,32860.0,190517.34887405092,2510,116948490,87530232,1083518,1311322,12886248,13189560,15519448,14597348,24576668,20649267,12070094,10351016,7938397,4170293,4401340,7080201,38472777,16181225
319,000858,2017-09-27,0.000529380624669118,0.0058231868713605195,0.9723674964167206,95812.0,480756.57322914986,3397,362582632,343126871,351343,366636,11783255,7876228,34090041,23165502,63957982,46715602,41693155,36173356,30497250,23632541,15941842,18713630,164267764,186483376
320,000859,2017-09-27,0.001976284584980448,0.0039525691699606735,0.24186038322293352,11176.0,74358.617342303,437,8951164,5761242,221606,429163,1355076,1975505,1608051,2063974,1590131,776981,1565518,202800,660712,312819,403200,0,1546870,0
321,000860,2017-09-27,0.0005184033177814129,0.004665629860031162,0.6825095066283133,13517.0,110898.43184571275,798,15802868,15618346,659182,1022505,3291111,3858683,2222938,2034869,1536322,2011837,990864,1818273,1838939,1387038,435728,1780901,4827784,1704240
322,000861,2017-09-27,0.0026954177897575704,0.005390835579514919,0.16736464668152373,3730.0,42324.13260978347,491,5097805,3291744,419447,392569,1783638,1081627,515953,577718,973752,1007955,220596,231875,700819,0,483600,0,0,0
323,000863,2017-09-27,0.0014124293785311437,0.0,0.3880481620969709,12690.0,96456.75500870845,332,7185652,4033337,259944,303554,1503962,1589113,771850,677852,1787644,791168,440245,0,355118,0,0,0,2066889,671650
324,000868,2017-09-27,0.021151586368977737,0.02585193889541726,0.14439624939659698,141094.0,807480.1399270303,3499,595961801,593578566,599272,666016,8874105,8940942,17547935,18741489,43468660,43512985,41257046,43081148,39024578,43952643,36550712,35738429,408639493,398944914
325,000869,2017-09-27,0.0002699784017277107,0.001079913606911509,1.2714406591263319,18467.5,82731.10026456333,848,20947159,17119763,519977,586396,4472728,4170341,3536015,3141813,4735512,4933824,1378812,1920743,1708369,0,923362,1299546,3672384,1067100
326,000875,2017-09-27,0.0,0.0,0.20810254317395083,4950.0,67761.41862546615,563,7619118,5573465,683074,582360,2126439,1533124,907974,835836,1240507,744733,771680,1204340,365349,0,0,0,1524095,673072
327,000876,2017-09-27,-0.0027137042062416183,-0.004070556309362261,0.21180423372861368,14700.0,127126.31895372311,1211,34435860,18807373,944882,1136459,4320513,6233109,10474242,3816417,3478688,3119620,2700639,959040,2716650,735000,1325604,0,8474642,2807728
328,000877,2017-09-27,-0.0033057851239668423,0.0033057851239670644,0.24622463662096525,20672.0,120281.57825206651,2417,70969688,55638495,1550781,1755752,12574188,11056351,13127356,11252525,16122368,12425049,9618751,6809622,4056904,6668312,1691925,408700,12227415,5262184
329,000878,2017-09-27,0.013370865587614356,0.01477832512315258,0.2977146828519985,24463.0,159342.4022365035,2279,75222721,92486612,1059848,1064382,12718949,12041773,10541607,9104439,14162453,17338154,8124526,11296511,5319050,6245639,5876439,3545615,17419849,31850099
330,000880,2017-09-27,0.022747952684258443,0.006369426751592355,0.48159023898333286,5530.0,73485.56570883161,520,6824544,4801186,896305,343055,1607768,1893528,283290,1219619,813984,404179,471406,0,0,0,440800,940805,2310991,0
331,000881,2017-09-27,0.016300940438871647,0.018181818181818077,0.5222841256234075,11255.0,67411.48510964416,932,13111074,16574367,813613,990894,3104790,3884543,2446890,3564124,3003317,4253930,1754013,1445708,1988451,712660,0,457002,0,1265506
332,000882,2017-09-27,-0.0056022408963585235,0.0028011204481792618,0.14420786798538415,4654.0,56471.16944796483,613,7760831,6123478,630403,533835,2001203,1546017,1740357,734765,1662750,1129124,688446,517668,357000,754664,0,407279,680672,500126
333,000883,2017-09-27,-0.005940594059405946,-0.005940594059405946,0.15433140635973303,5010.0,135195.83935139587,1072,15612330,9661545,1520745,871527,2257298,2311763,2057473,1207105,1810071,818984,500996,473497,687146,388583,0,483690,6778601,3106396
334,000885,2017-09-27,0.0010178117048347257,0.009160305343511421,0.4480021016636343,19810.0,90220.1332268423,1924,41370994,41965706,1788773,1783353,11472849,9316350,10242325,7123664,8845113,9405830,4194202,4529211,3373404,1937116,1454328,1740801,0,6129381
335,000886,2017-09-27,0.012307692307692353,0.013846153846153841,0.2515904146401985,17820.0,194825.7091792056,667,21465576,25507439,596729,444157,3436839,1849199,1968754,3045775,2941614,5404775,2199045,1986995,2424441,3028566,897490,419124,7000664,9328848
336,000887,2017-09-27,0.017332691381800602,0.01588830043331746,0.5324928604718436,31815.0,260225.3419441656,1521,87693411,90130239,703021,807718,7040722,6418043,6657083,6904456,12111507,13098182,9669616,11553545,4048001,6929817,6089097,6739687,41374364,37678791
337,000888,2017-09-27,-0.0026385224274405594,0.0017590149516271136,0.44128809406365277,11380.0,83136.32714610557,663,12516315,13081818,407566,695735,2035605,3291243,1842015,2739092,2475648,3412408,999208,1394687,699693,752053,1403390,0,2653190,796600
338,000890,2017-09-27,0.010443864229765065,0.009138381201044377,0.2921304653487873,8503.0,80152.59653927217,687,10227880,10431657,761682,748647,2405310,3039191,1437414,2241821,1578481,1199829,1207786,568651,305671,1141182,0,910960,2531536,581376
339,000892,2017-09-27,0.0024390243902441266,0.009756097560975618,0.26461525726042323,9433.5,54369.62323131939,960,13297073,10409658,1252266,805467,4751218,3740795,2357358,1887217,3608053,1943458,959628,741342,368550,389517,0,901862,0,0
340,000893,2017-09-27,-0.008519701810436597,-0.009584664536741228,0.3090503657866719,9340.0,47017.42189921377,923,14670247,9282298,999073,1028285,4452852,3253346,4494419,1913281,1745518,1796360,1705592,723726,0,0,1272793,0,0,567300
341,000895,2017-09-27,0.03615482773287959,0.02552105487026779,0.42662129927543935,24200.0,237867.930560817,3039,116623749,147301609,1288970,3923802,12192884,16436645,11731505,17307699,17555494,17996165,12099744,12844454,6757262,8114127,8176992,7590083,46820898,63088634
342,000897,2017-09-27,0.007042253521126751,0.0046948356807512415,0.15599823203104446,5777.0,57960.32327658257,746,7691308,7959568,762138,953352,2001472,2873499,1453735,914542,1844567,924071,200732,694664,339832,682664,0,407456,1088832,509320
343,000898,2017-09-27,0.00454545454545463,0.0121212121212122,0.12422047663001633,37296.0,357888.47738092806,2833,151805924,212371412,1080041,1693750,15985262,12727649,13822116,17676268,18780609,25645242,11081005,18399122,13350867,13303593,6936605,11759504,70769419,111166284
344,000899,2017-09-27,0.0,-0.001367989056087482,0.3176105935720587,5840.0,35750.72395499104,529,5994611,3550142,536530,650730,2079750,1112419,1518980,929617,705459,857376,745412,0,0,0,408480,0,0,0
345,000900,2017-09-27,0.0016611295681063787,0.0016611295681063787,0.18431570625984922,3010.0,85436.08692946976,1067,15260006,9369590,591550,1135207,1264704,2571755,5172765,2149803,1216949,1894318,484105,414509,1385366,301000,968812,902998,4175755,0
346,000901,2017-09-27,0.0014015416958654825,0.0035038542396637062,0.8685091066573072,14280.0,83269.74547481709,1079,21834266,16878604,1086424,891780,5187891,4704594,3575383,4056810,3931430,4402459,3704516,1021558,1015917,0,427500,496422,2905205,1304981
347,000902,2017-09-27,0.01200000000000001,0.014000000000000012,0.31428977528792856,10110.0,212864.87492592362,1012,32631485,28630114,652182,524218,2929544,3571613,3100137,4313889,2728722,3104541,3051568,2027224,1241489,1402388,1347108,1324955,17580735,12361286
348,000903,2017-09-27,-0.005012531328320802,-0.0025062656641604564,0.13872987116092056,5572.0,76788.0274718183,828,15768777,5481345,960632,726937,2665850,2424344,2078692,1811753,2996246,518311,680061,0,2636874,0,0,0,3750422,0
349,000905,2017-09-27,0.006917755572636519,0.009223674096848544,0.3546705092909783,14355.0,61598.97222331448,1345,21323805,27146178,746265,1420496,5295466,8051957,4288009,5627281,6542964,6124485,1442183,1313469,1409498,2640686,833941,921119,765479,1046685
350,000906,2017-09-27,0.00557413600891854,-0.0011148272017836858,0.3696833234502041,8583.5,35556.458328580724,588,6294749,5537977,461803,774901,2242880,2318882,1404140,1466150,1055494,978044,711032,0,0,0,419400,0,0,0
351,000908,2017-09-27,-0.005398110661268607,-0.0013495276653171517,0.3253417737068179,5194.0,53468.29655548207,518,6761752,2848531,482081,661100,1914162,1367576,1164316,574040,909417,245815,579877,0,332550,0,0,0,1379349,0
352,000909,2017-09-27,0.045592705167173175,-0.009878419452887588,0.5378770132261016,13040.0,94393.34995798461,598,9019093,7952311,645688,573745,2924626,2559758,1796478,1271562,1118134,858518,507140,270549,354356,765450,0,406900,1672671,1245829
353,000910,2017-09-27,0.01658536585365855,0.014634146341463428,0.6587817910305577,6240.0,31371.897737501124,968,5830546,8407600,1290462,865972,2524046,3949261,1048315,1021914,551315,1889364,416408,0,0,0,0,0,0,681089
354,000911,2017-09-27,-0.002548853016142716,0.003398470688190436,0.44878564601646953,11790.0,48440.95371679695,687,9918895,8234799,499755,745149,3185311,3150600,2127341,1540072,1620821,1861502,763424,937476,308502,0,831327,0,582414,0
355,000912,2017-09-27,-0.022862823061630233,-0.0029821073558649047,0.20266337808387405,22154.0,97162.90956494104,2467,79079110,49612710,1642972,1639990,13613460,11213047,15428022,10414707,19440443,12298976,11443299,4803178,6816834,2090977,2682843,1405844,8011237,5745991
356,000913,2017-09-27,0.019562715765247374,0.013233601841196707,0.8105691732066731,10542.0,80318.32394676306,459,5789910,7836547,573189,403960,1526265,1988420,1097418,1054141,1074954,1526225,288184,451079,0,692115,0,1720607,1229900,0
357,000915,2017-09-27,0.01854667072058369,0.011553663727576824,0.9229270156467153,23442.5,108998.83849624715,1270,35602561,37595438,659034,833312,5961679,7707084,5564847,5833080,8502845,9242529,4251661,2927513,351390,4843877,2302993,2203811,8008112,4004232
358,000917,2017-09-27,-0.0019047619047618536,0.0,0.3512443720640248,10530.0,145180.06614598364,893,21648384,20246716,666821,677224,2741924,3601630,3416649,2505674,3414766,4092928,2289826,1388077,935400,1356809,0,490697,8182998,6133677
359,000918,2017-09-27,0.014388489208633004,0.010071942446043147,0.24610890987315998,11985.0,71969.68996943042,797,13502097,16750799,842585,566603,3299728,3016751,3542986,3489706,3599651,3631865,495640,1520290,654007,1794252,411372,1302430,656128,1428902
360,000919,2017-09-27,-0.002868068833652093,-0.0009560229445507717,0.49204078809363117,11473.0,101351.03311788924,451,13606069,6072453,291124,364362,1610238,2200286,1343845,1059431,2768205,865553,715561,460210,1006810,645503,936194,477108,4934092,0
361,000920,2017-09-27,-0.003278688524590123,0.0,0.271282693199805,24540.0,124946.85392288628,2024,70613863,50538491,1181074,1334451,10027731,9490112,11280146,10913832,14974189,12083094,10095517,7000336,5961787,3615873,2157890,2735101,14935529,3365692
362,000921,2017-09-27,-0.006656804733727761,-0.008136094674556116,0.3369997378475032,14806.0,90795.29498552089,1610,42287323,26615138,1253123,1339975,8853969,6735803,7397174,5605210,6437901,5135155,5697666,3157326,2896764,2052331,1756086,923320,7994640,1666018
363,000922,2017-09-27,-0.0024009603841536054,0.008403361344537785,0.21906258322958896,17535.0,449301.5718715933,1447,76910639,55160403,922004,1242830,6108557,6501453,7096406,5792717,5978108,8462723,6574389,6120371,4001826,3758951,1433579,3504679,44795770,19776679
364,000923,2017-09-27,-0.003552397868561208,-0.001776198934280493,1.0113263172438738,16836.0,58173.07842294497,774,13740412,11554450,576288,573510,4513177,3685811,2811393,3608488,2669895,2042106,916426,1173127,0,0,859148,471408,1394085,0
365,000925,2017-09-27,-0.01412429378531077,-0.01016949152542368,0.6631157008555248,15876.0,247429.74626454827,713,22716426,18544356,451025,916674,2729355,2833074,3668340,2206864,5196983,2301672,2758235,1451773,999070,768409,1774469,0,5138949,8065890
366,000926,2017-09-27,-0.006436041834271933,-0.0032180209171358554,0.3409935363211187,12400.0,233610.6315929631,1329,36441085,36690088,819204,1525043,2938382,7860587,3336226,5968375,4965140,6887841,4067199,1599731,1715910,1402100,406315,421817,18192709,11024594
367,000928,2017-09-27,-0.007117437722420017,-0.00474495848161316,0.22621374370669944,16860.0,138504.28948262674,1389,37260146,21195596,1018810,1159029,10978326,5997435,5396290,4606718,4258132,3729460,3929874,1665487,1023472,733052,1764857,2178875,8890385,1125540
368,000929,2017-09-27,0.018575851393188847,0.01393188854489158,0.4276791600834473,2616.0,13748.71227787545,912,1712557,4848811,181383,2207456,530306,1642873,608275,759882,392593,238600,0,0,0,0,0,0,0,0
369,000930,2017-09-27,0.0028985507246375164,0.006521739130434856,0.2566519865707023,42811.0,261015.4223895596,2893,178124970,186756021,1016928,1669332,11474136,14711308,14727597,19776652,28594981,30751053,20299326,17700663,10082206,14949721,11411583,10185271,80518213,77012021
370,000931,2017-09-27,0.021592442645074206,0.006747638326585648,0.31689101555187416,8167.5,56319.24114837113,546,7454641,6369292,636319,504174,2671559,1738283,1322201,989715,1010063,1235550,985575,445500,340860,357212,488064,417183,0,681675
371,000932,2017-09-27,0.027027027027026973,0.027027027027026973,0.26855837909607,20612.5,823687.7215214818,918,93447080,112557577,1360823,19937,5046392,380710,4077067,1527843,6682054,4023630,7759829,7837423,4546521,5771893,2239572,4987503,61734822,88008638
372,000933,2017-09-27,0.022648083623693305,0.024390243902439046,0.20790367492652304,54602.0,355774.0737454293,3055,256809089,255240875,875497,841875,15326552,11738370,18904715,15263298,30034916,27109664,26693208,25717200,18969530,24598091,19823627,10791453,126181044,139180924
373,000935,2017-09-27,-0.017135325131810264,-0.005711775043936829,0.41364436767731155,45320.0,289352.8193451284,3031,168865577,149730441,1135303,1354240,14026793,15399686,19522595,19734367,26499428,28601307,21914243,19635427,14570981,13290250,12578444,9605191,58617790,42109973
374,000936,2017-09-27,0.004249291784702569,0.0028328611898018607,0.215968047289085,7080.0,124244.44328559574,1069,20586908,17697767,673403,1234862,3048618,3967406,2545674,3277375,2042129,2868716,1338576,2610090,1401981,1350414,896812,1333491,8639715,1055413
375,000937,2017-09-27,0.010218978102189746,0.01167883211678844,0.17073741802186035,13860.0,172764.28347739138,1611,36632365,60709093,1315606,1327812,6622164,7097092,4490850,6351162,6522858,8253432,3632722,5617175,1813632,5142746,3046509,4990415,9188024,21929259
376,000938,2017-09-27,0.032258064516129004,0.0043591979075849885,1.572170962887986,23024.0,171462.06080519303,1330,48163030,43557568,735467,792715,6830229,5554271,7256501,7322551,7886107,7450616,6716512,5833797,2167610,3419465,2223935,2220388,14346669,10963765
377,000939,2017-09-27,0.0219780219780219,0.020146520146520297,0.1350280558727605,17680.0,255229.57724431093,1638,64844996,81436919,1222823,1089281,6148690,6095487,4791430,9020705,11153466,8890968,5953191,8021048,3856926,5878074,3159386,5343562,28559084,37097794
378,000948,2017-09-27,0.010887772194305034,0.003350083752093891,0.49898479139657925,13172.5,33856.78490364772,572,7930023,6487740,366042,635300,2816708,2638410,4025671,974168,721602,1108693,0,473164,0,658005,0,0,0,0
379,000949,2017-09-27,0.004494382022471877,0.004494382022471877,0.21775166907025573,6705.0,37773.17072854498,417,4562022,3566401,266266,398994,2105552,1232716,1056024,837181,536400,503842,267000,223552,330780,370116,0,0,0,0
380,000951,2017-09-27,0.0015831134564643357,-0.004749340369393118,0.43433693419981567,18815.0,107337.9888510701,1906,49640991,37230165,1744585,1107904,7640869,7908015,12262146,7060667,10810176,7882534,5093340,3477548,1768738,2182338,2740876,1291499,7580261,6319660
381,000952,2017-09-27,0.001877346683354153,0.001877346683354153,0.6741628484379336,16010.0,65964.88337759094,561,12506045,10029225,526922,434838,2651391,2515706,2151837,2725525,4214156,3168499,1863973,291018,301266,322796,0,0,796500,570843
382,000955,2017-09-27,-0.00455927051671734,0.0,0.3025629222578112,14812.0,69948.37947822952,473,10127276,9351231,610287,258978,1826219,1358636,4078374,1594082,1648471,1910848,1262835,778487,701090,2002947,0,406100,0,1041153
383,000957,2017-09-27,0.01893663510560817,0.03932993445010924,0.25268594903432795,52771.5,289141.16060017946,2958,185346633,226373827,979468,1235550,11401598,12719803,18128370,18735655,30660364,30466011,22325946,21854967,17250054,17599017,15553039,17934850,69047794,105827974
384,000958,2017-09-27,-0.005256241787122251,-0.003942181340341633,0.18947589822822106,15300.0,130449.39398128739,1614,43405336,37591533,1382759,1676151,7344074,7312323,6161567,6619540,7337756,7247003,5327447,4113131,2203960,3818193,3577580,1335251,10070193,5469941
385,000959,2017-09-27,0.021994134897360684,0.024926686217008776,0.1500801858794646,13319.0,114725.89453065,2069,35422735,50057351,1779787,1617044,8360873,9159226,5446422,5058500,5190361,8719512,6837491,8736896,2191577,1993921,1774598,2651453,3841626,12120799
386,000960,2017-09-27,0.009180327868852478,0.009180327868852478,0.2746651371965442,55760.0,377956.2126969556,3087,273708208,258948900,1805066,765991,13440548,9135149,18952196,14533241,35180921,27030867,25398118,25469088,22597476,20631452,16656869,21791604,139677014,139591508
387,000961,2017-09-27,-0.004687500000000067,0.0015624999999999112,0.16511355857041607,12820.0,77378.3108860491,1504,27913722,26974347,1100751,1097986,6081582,7747487,5259992,5447764,4739429,5791624,2406334,3054240,3001386,999729,1860946,449920,3463302,2385597
388,000962,2017-09-27,0.02136752136752129,0.008547008547008739,0.21698603374381314,47000.0,457612.86574719165,2916,195744588,231883303,941715,1224399,10473456,15636331,14584024,18715102,23751817,31888617,18165760,20796735,14955813,14971127,10516116,15531272,102355887,113119720
389,000963,2017-09-27,0.004769805060141019,-0.0012442969722107344,1.0653107167006217,14511.0,187839.0972574111,2050,60672599,58553728,977688,4522624,7434402,11477416,6674636,4687562,7476889,8527337,4173496,5250993,4122058,2471998,3258944,2667515,26554486,18948283
390,000965,2017-09-27,0.004213483146067398,0.001404494382022392,0.23861534060623538,12104.0,65251.043666530866,890,13914172,14154912,831619,1109331,3527667,4010116,2724298,2626407,2715442,2197664,717741,1975683,1751198,1395551,458595,0,1187612,840160
391,000966,2017-09-27,-0.008510638297872353,-0.00638297872340432,0.19475876197587358,6538.0,69996.38905289453,582,10023452,6295677,596461,779957,2003963,1984737,936423,1308599,1307406,1285629,1278076,936755,948310,0,458594,0,2494219,0
392,000967,2017-09-27,-0.007345225603357708,-0.01049317943336825,0.3710616374276914,14174.0,103419.7344602863,659,18243416,13101730,328749,1110945,2616702,2736794,2946172,2384658,3612983,2851068,2903540,1669636,2370905,332992,442978,446982,3021387,1568655
393,000968,2017-09-27,0.01662404092071612,0.014705882352941124,0.3893915875395087,18678.0,116200.24806573108,1614,38884992,44725245,1363082,1100850,7998697,7410472,7359687,8939127,9246112,8903397,5266535,2965660,2625444,2411172,2792792,1401132,2232643,11593435
394,000969,2017-09-27,0.0037209302325580396,0.013023255813953583,0.23303080226201792,30884.0,228194.1485160597,2131,103276940,94933728,1166673,1239854,8150862,9953907,10754639,13124968,15933521,18431666,8921033,14773124,9588366,10205394,4426469,4935193,44335377,22269622
395,000970,2017-09-27,0.02631578947368407,0.03415453527435597,0.30661735479204183,109922.0,538331.8468170628,3395,410743915,476463575,614288,508495,11413707,10182262,23653453,19027207,42055073,45128459,45362688,43230459,35395887,34903541,27901854,29740558,224346965,293742594
396,000971,2017-09-27,0.01890243902439037,-0.0012195121951219523,0.7494479051956816,11434.0,64601.51585824439,478,7348667,5008439,504402,430962,2581449,1535795,1395129,894081,1234055,663775,0,693938,349248,0,489600,0,794784,789888
397,000972,2017-09-27,0.00240963855421672,0.00240963855421672,0.2584423788222085,7923.0,97262.57689230495,257,4781494,3106452,277582,226042,1025593,621939,766425,619516,783994,408546,200445,482013,0,748396,413999,0,1313456,0
398,000973,2017-09-27,0.004975124378109541,0.008706467661691475,0.18145163620541002,20400.0,135643.06048481973,1965,57353947,63680944,1458442,1700624,9553375,9193484,8626974,9868853,12065456,13466499,4879211,7730635,3704107,3492834,4260792,4054407,12805590,14173608
399,000975,2017-09-27,-0.0028694404591104172,0.0028694404591105283,0.5546599431928984,11152.0,156292.17372573927,631,16936361,12425028,763175,736788,2058029,2523118,972800,1644753,2177679,2042701,2803173,568432,344318,696621,1287925,0,6529262,4212615
400,000976,2017-09-27,0.01626898047722336,0.018438177874186445,0.370675991199192,16947.0,129282.98095408693,618,14070014,18128081,566016,688745,2995064,2638203,2186676,2532769,2714743,2964005,2440109,2054633,713063,1049565,415480,1347782,2038863,4852379
401,000977,2017-09-27,0.012698412698412875,0.0185185185185186,0.37558545223479756,41558.0,251801.96784517582,2533,143785253,177540002,1282055,1439362,9484515,12586033,12083287,15278285,21750566,27320448,14131827,18511324,9519723,17413763,12968063,15391092,62565217,69599695
402,000978,2017-09-27,0.0,-0.0020470829068577334,0.32342578394769905,5850.0,42951.03210633013,912,11254086,7132689,1221538,928481,3656332,2570245,1532656,888224,2423914,2093602,1258678,272862,739120,379275,421848,0,0,0
