,code,date,pchange_whole,pchange,change_std,amount_median,amount_std,length,sumsell,sumbuy,sell_vol_0,buy_vol_0,sell_vol_1,buy_vol_1,sell_vol_2,buy_vol_2,sell_vol_3,buy_vol_3,sell_vol_4,buy_vol_4,sell_vol_5,buy_vol_5,sell_vol_6,buy_vol_6,sell_vol_7,buy_vol_7
0,000001,2017-10-10,0.012356575463371655,0.009708737864077666,0.20610206570435755,71757.0,484893.5317586513,3025,358549077,321508773,1168373,916385,10955171,10217410,14065085,12814702,44654773,25797409,38127145,22102048,30846575,20188595,28560672,13527508,190171283,215944716
1,000002,2017-10-10,0.007196969696969813,-0.001136363636363491,0.4514255270848074,98142.5,495931.46162668674,3422,447997399,322875392,548589,439689,13395848,9770659,24860541,19643596,52040337,42986543,50286044,34033840,37802372,28833769,27112254,25608154,241951414,161559142
2,000004,2017-10-10,0.04013104013103996,0.03521703521703512,0.8001465742708285,17101.0,89382.1660486927,931,11556178,23248263,661600,921192,4350975,5093144,2108601,5161337,2505120,6421356,943789,2597599,986093,333960,0,472175,0,2247500
3,000005,2017-10-10,0.003937007874015741,0.0019685039370078705,0.16373051228634153,10100.0,107259.78800012839,963,19757301,15042060,823880,787867,3785191,3397363,3571437,2258110,3087811,1447090,4152861,1450612,2208881,980769,895131,490313,1232109,4229936
4,000008,2017-10-10,0.002185792349726823,-0.006557377049180357,0.25071080167195414,9150.0,113134.43008475151,1332,33680488,20613208,1921868,951383,6530491,3201127,4412679,2199324,4337045,3162934,3299064,3221353,2829048,741670,4577510,870367,5772783,6265050
5,000009,2017-10-10,0.005452562704471253,0.0010905125408942062,0.19043170907372783,22950.0,175382.109225333,2321,103198802,84717341,1816952,1468341,11059332,10146160,11196450,10007176,13672835,12711069,15104909,10405982,9106863,7633285,7507712,9880275,33733749,22465053
6,000010,2017-10-10,0.024208566108007368,0.022346368715083775,0.15527790551636714,11726.0,172584.74585257942,1199,28279894,29206964,978527,781265,5169054,4441665,4172693,4304418,5365513,6013489,2590707,1754707,2055603,2897258,455800,1348310,7491997,7665852
7,000011,2017-10-10,-0.0010055304172951196,-0.007038712921065837,0.4916726326355387,19740.0,68493.04530578539,1636,41124636,28727865,1519753,1441791,9325129,8673342,9334113,6590133,7762088,8068782,6708783,1581904,2220887,306072,457967,420938,3795916,1644903
8,000012,2017-10-10,0.0047562425683709275,0.00356718192627814,0.25400623203353884,13488.0,108881.4467376861,1096,30718686,21512373,957803,1021262,4551461,5022650,3687084,4503897,4751332,3420696,4717256,2104944,2967145,1992205,2667804,1337316,6418801,2109403
9,000014,2017-10-10,0.0035629453681709222,0.002969121140142583,0.766355346396478,10149.0,67213.6720466013,482,7108890,7191297,534829,290348,2446940,1815930,1457832,1045220,1614322,1592390,485447,1436298,0,0,0,0,569520,1011111
10,000016,2017-10-10,-0.015100671140939603,-0.010067114093959662,0.1575450805658723,3534.0,71014.98920021045,1433,23213093,14769406,548373,1445334,2679658,4499980,5515721,3277771,3633491,3176051,1669999,1342246,1838834,0,3058080,492894,4268937,535130
11,000017,2017-10-10,0.020408163265306145,0.0063775510204080454,0.42774407481549515,7880.0,34789.45747553899,335,2650921,4152372,278740,386068,1720936,1439762,543053,660454,108192,847016,0,494496,0,324576,0,0,0,0
12,000018,2017-10-10,0.00881612090680095,0.0037783375314861534,0.22528878579131925,14337.0,93960.42550236036,1242,30619661,27778424,1126998,1360946,5407132,5833212,3893189,4734895,4669603,5335959,3822371,3881643,4800541,1724560,4084554,1389193,2815273,3518016
13,000020,2017-10-10,0.003136434918975528,0.001045478306325176,0.6982995886835074,15244.0,36313.89080235859,750,10870876,5242228,632601,486726,5569375,2370944,2105597,1623817,996229,760741,696064,0,334928,0,0,0,536082,0
14,000021,2017-10-10,0.0010330578512396382,-0.005165289256198191,0.20558960105947363,14535.0,148333.592771078,2220,59660631,44810075,1700391,2211261,10338822,10364400,9271137,7338539,13376389,7200321,4249701,5463545,3456605,1817783,4428674,973776,12838912,9440450
15,000022,2017-10-10,0.0050407134548275945,0.0003877471888329431,0.9994312951249652,18102.0,74297.55627152843,665,15528933,12459255,368731,449986,4049921,2855286,3121146,2358014,2636853,2249369,1447752,1588093,1384525,2047227,892815,405060,1627190,506220
16,000023,2017-10-10,0.004493464052287566,0.0032679738562091387,1.2528824662646505,12295.0,49811.24696827429,381,4936382,5204901,375678,456853,1855711,1827986,702939,1147587,790313,722581,720341,245400,0,356410,491400,448084,0,0
17,000025,2017-10-10,0.006184150251946852,0.0032065964269354374,1.220960483288586,15340.0,46585.978680593515,1278,17861033,20255467,1217548,1761332,6641468,6813094,5191467,4716073,2505509,3908775,980017,1577907,323824,1053771,411250,424515,589950,0
18,000026,2017-10-10,0.0295109612141653,0.02866779089376048,0.3158481093304141,12260.0,115697.56002209964,1410,30234300,38083897,903791,1227607,5353001,5758207,4429546,5974198,7826514,6675179,3184041,3480242,1648803,2329320,1290601,1761833,5598003,10877311
19,000027,2017-10-10,0.004615384615384688,0.003076923076922977,0.23586298128192884,6510.0,91184.79639489035,759,9000319,10578758,554672,942981,2401651,1611014,2365256,1859448,1524939,2101641,1193621,267886,0,1295851,0,0,960180,2499937
20,000028,2017-10-10,0.014986776373787869,0.011166617690273162,1.8328058959828042,34225.0,141796.42810027875,1381,42848889,52257036,880152,1098243,7446955,6030070,5966444,8506500,7873370,16339221,3241119,4163755,5053329,2817527,1718700,3169861,10668820,10131859
21,000030,2017-10-10,0.010078387458006599,0.006718924972004547,0.23112000129677016,9010.0,69507.60141179406,1493,19199562,26556283,861972,2645527,4394046,5901494,5254897,5022153,3129895,5561166,1520830,2101285,1369898,618512,448500,2591451,2219524,2114695
22,000032,2017-10-10,0.016603773584905612,0.015094339622641506,0.4461454913603072,15012.0,81330.31263289922,882,19133663,16643975,718638,806381,5102518,3637020,3589814,3131968,4877238,3816522,1378814,807279,937233,703510,462060,883627,2067348,2857668
23,000036,2017-10-10,0.018428709990300662,0.004849660523763344,0.25066550478626254,18612.0,106173.6739777642,1692,40637898,42231721,1063931,927009,7715961,7766990,6582427,7259092,9146155,8212148,4239226,4870909,3394143,2414073,2207329,2264427,6288726,8517073
24,000037,2017-10-10,0.0226757369614512,0.01927437641723362,0.34983151006759083,11401.0,83110.05567705797,635,7452232,11480677,649724,584841,2296391,3452840,1298150,2317107,1215448,1472314,263100,848621,0,356000,0,0,1729419,2448954
25,000039,2017-10-10,-0.011046817464492431,-0.002104155707522537,0.3822811815044302,20790.0,462242.37939948915,2474,149000115,198740134,1378583,2262673,6876783,10879362,8739916,9284922,16580568,17511693,11888328,10392272,14436730,11241636,9488962,10713350,79610245,126454226
26,000040,2017-10-10,-0.008403361344537896,-0.01098901098901095,0.5475728916640701,12256.0,132355.69030879604,799,18156601,19278758,358271,898570,2016911,3982407,2663108,1845518,2983535,2790309,2763647,2703968,1971923,619956,483742,0,4915464,6438030
27,000042,2017-10-10,0.010778443113772518,0.0011976047904191933,0.7788228370802681,5016.0,44352.867021797465,459,3910113,3695894,552966,381250,999109,1576449,341418,984936,660578,753259,0,0,351120,0,437802,0,567120,0
28,000043,2017-10-10,0.0018921475875117721,0.0,0.5491269257373553,27482.0,104942.05926679872,370,9991712,9456200,164941,123908,1130807,2849334,1829921,2268022,2722984,2214956,265250,940980,1088657,0,0,0,2789152,1059000
29,000045,2017-10-10,0.005947323704333041,0.000849617672047609,0.4209779474674004,14064.0,75534.57395399209,781,16129399,11784765,497271,746594,3651313,3873168,2785475,3008512,2772812,1938203,1643840,1237098,0,981190,2360266,0,2418422,0
30,000046,2017-10-10,0.0,-0.0024449877750610804,0.3460428396825961,4902.0,85355.62619667455,558,9951208,5264226,1057145,450335,1392018,1523601,1260124,832964,1317476,1010104,802634,409889,326800,321474,1314764,0,2480247,715859
31,000048,2017-10-10,0.005150554675118935,-0.00198098256735324,1.4979127090677096,10068.0,55245.76783701794,283,4889627,1998690,184029,345235,937082,907532,1183111,397977,1308980,347946,201680,0,0,0,0,0,1074745,0
32,000049,2017-10-10,0.005414813382324635,-0.004641268613421068,1.4012847623395819,25615.0,116292.64215639989,1361,35878231,41734385,424862,854416,6416796,7136634,7161434,6701563,7944264,8594501,3607007,5732690,3727505,2368647,2270929,3066821,4325434,7279113
33,000050,2017-10-10,0.00590219224283306,0.009696458684654408,0.42424233774889447,99897.0,612695.7020601747,3128,417884519,459477148,688607,679561,10911068,8346358,19743160,18651078,39127486,29231452,38201971,36913221,28701985,28760497,24618968,22581673,255891274,314313308
34,000055,2017-10-10,0.0025510204081633514,-0.005102040816326481,0.21629947570172456,5470.5,52958.74875483595,1314,18875442,12769539,980255,991115,4591396,4379917,4098946,2480910,4501690,2293664,1927804,1184036,1090200,1034569,908151,405328,777000,0
35,000056,2017-10-10,0.014218009478673022,0.003949447077409296,0.7081205911925426,11412.0,131439.17238021418,319,4185567,5658654,265556,272233,1599910,1121204,518174,467404,709603,750670,460824,257550,0,382200,0,0,631500,2407393
36,000058,2017-10-10,-0.01490825688073405,-0.017201834862385357,0.18597549232294075,19665.0,127451.44074183675,2201,65902113,49488390,1824466,1723455,10386222,9669452,11587329,9412153,16172931,11953657,9890562,3353931,3380473,2699001,4420922,1288655,8239208,9388086
37,000059,2017-10-10,0.0036166365280287938,0.0009041591320071429,0.2988871321609861,14391.0,128014.79968825736,1369,39689682,34733894,724282,1086706,6302426,4831401,6852913,4598966,5264272,6565124,4873794,3959828,3859647,3090250,1726845,3109793,10085503,7491826
38,000061,2017-10-10,0.003386004514672747,-0.003386004514672636,0.3074323543309584,8855.0,76547.2517899717,830,18662444,9465296,892774,1041661,3838846,2527178,3336486,1989757,4375684,2153605,278466,1451651,1778971,301444,400428,0,3760789,0
39,000062,2017-10-10,0.009025949605114603,0.0011282437006394641,0.7410708553558206,21376.0,145778.98670632314,1287,45927191,29854652,647700,874629,6091420,7689035,5724486,5758098,6940682,5461281,6047465,2955464,3079650,980568,1313456,885675,16082332,5249902
40,000063,2017-10-10,0.013468013468013629,-0.004713804713804781,0.496956832054672,298700.0,1547889.349775796,3575,1394763867,1114901036,127528,147828,5127543,4140655,13385440,14759421,38840086,41180700,46928548,43150873,51278917,46730712,46157472,47107055,1192918333,917683792
41,000065,2017-10-10,-0.00606323083585969,-0.008228670420095341,0.7710386381066024,11470.0,75096.03601692215,896,19056417,12132506,648864,1150066,4212014,3564059,3405554,1948267,4524135,3342205,1639768,1429448,1440120,698461,456599,0,2729363,0
42,000066,2017-10-10,0.010273972602739656,0.009132420091324311,0.18595581617364676,25375.0,226934.8606577547,2221,95784932,105366256,1645236,1902529,9931123,9237674,12840986,11757431,15433164,15562477,9125425,9461926,5268017,9322550,7749076,4431830,33791905,43689839
43,000068,2017-10-10,0.010043041606886627,0.007173601147776099,0.23309098114737323,13910.0,66661.71452359349,894,16143415,13695172,785529,701095,4026713,4291376,3628181,3179637,3313798,2396045,963347,1303372,1793002,347500,0,822612,1632845,653535
44,000069,2017-10-10,0.010895883777239712,-0.002421307506053183,0.16573893237602058,20575.0,156248.7422181982,2489,92426046,47802971,2151536,1663638,23893710,7199933,12648591,6093333,10729907,8687160,6396068,3327200,2692613,2398632,4398903,2253195,29514718,16179880
45,000070,2017-10-10,-0.011067193675889375,-0.01976284584980237,0.24196895882668318,34692.0,211411.44217612816,2736,157712626,105260414,1526554,1371031,12102037,12300414,18267513,13130103,25882858,21049920,17725456,12377965,14910631,7107750,10256885,8250827,57040692,29672404
46,000078,2017-10-10,0.04892966360856277,0.059633027522935755,0.11306888901694401,63664.0,360383.21155044204,3358,260722504,340293900,1110018,1292306,12664052,13681414,18123071,17935307,34857481,39509927,26211250,33674971,23825657,28083415,18643204,22416226,125287771,183700334
47,000088,2017-10-10,0.004479283314669846,0.010078387458006599,0.25851987273107385,11726.0,84518.66574687583,1193,17310633,33324834,1215131,1694077,4412952,5551267,2268179,4576904,2307265,5415696,1682033,5272872,3105491,5645504,444500,3442534,1875082,1725980
48,000089,2017-10-10,-0.0011547344110853786,-0.009237875288683584,0.2398771824447013,10356.0,145829.02176143296,1304,42764393,17590696,1277133,1433742,6462269,3114978,6008758,3033064,7289930,3732743,2827039,1383025,2534670,779669,1393077,1738468,14971517,2375007
49,000090,2017-10-10,-0.0009090909090908594,-0.006363636363636349,0.3292386304873214,10940.0,99764.70648325638,1116,28987057,18132379,1883493,1128450,4388045,3497632,4021840,2871063,4210946,2836758,2653537,2610678,2052709,1092484,2236364,476532,7540123,3618782
50,000096,2017-10-10,-0.0035211267605632646,-0.005633802816901401,0.8642473813434326,7065.0,121613.11251136093,269,4418025,1628372,376812,264113,1126125,794956,575710,216153,365378,141200,0,211950,0,0,0,0,1974000,0
51,000100,2017-10-10,0.010810810810810922,0.002702702702702675,0.06828346349527718,29970.0,521249.86150838254,2961,233566186,234523621,1514925,1636949,14300138,12797487,15660250,13224279,17498726,25341372,15998625,13809300,12938834,12473316,8957451,9534585,146697237,145706333
52,000150,2017-10-10,0.027056672760511935,0.027422303473491727,0.9083484089616986,14125.0,62534.32929287691,907,14858768,16740434,710567,917421,3542966,4045543,3899916,3682663,3166007,4000962,1317154,2161036,313908,1932809,466620,0,1441630,0
53,000151,2017-10-10,0.00861573808156213,0.0028719126938541173,0.6562195667267187,17460.0,73685.28596380264,703,15842574,12897418,493371,512431,3579214,3779370,3202772,3773729,2863234,3270723,1865788,946573,332913,0,867831,0,2637451,614592
54,000153,2017-10-10,0.016683022571148287,0.01079489695780178,0.2931618243539586,13377.0,68658.95033687791,1208,16102059,24366550,471177,1296539,5202825,6955630,3154676,6144918,4420948,3449130,1488538,2260055,0,0,847865,878139,516030,3382139
55,000156,2017-10-10,0.004067796610169427,0.0,0.42496667863235477,5880.0,69673.88103218489,1204,16430794,21141048,376179,1891849,2565767,4854572,2183408,4109774,2635002,4352382,4764490,1749947,675115,2376736,1366551,1805788,1864282,0
56,000157,2017-10-10,0.01298701298701288,0.01298701298701288,0.08037059427844676,19270.0,366022.08109555295,3325,136529950,179887867,1271007,2881744,10442310,17430480,10769767,17364269,16078543,21763648,12286946,17030617,9914455,14773410,5951822,10092235,69815100,78551464
57,000158,2017-10-10,0.018656716417910335,0.019589552238805874,0.2227762016247606,26087.0,174596.7684875887,2317,76879180,96571796,1265530,1322699,12377057,11178269,12757607,12273500,18007932,16370384,10010799,9106218,5596345,5818488,2656362,4126070,14207548,36376168
58,000159,2017-10-10,0.013293943870014813,0.007385524372230501,0.264805314974792,13540.0,57182.8937712088,653,9102801,10838067,552588,665289,3024286,3129526,2146021,2251098,1485535,1644540,958919,1100457,382480,1073377,0,468540,552972,505240
59,000166,2017-10-10,0.006837606837606813,0.00512820512820511,0.13246522077719425,12295.5,214295.56332025287,1954,44518285,76430457,992723,2152050,6000857,9999505,5474148,7670434,6344781,6393726,5520794,9765522,3775417,4714483,1739434,2063938,14670131,33670799
60,000301,2017-10-10,0.0,0.0,0.285968135240401,7956.0,257203.53607710358,457,20656087,0,995551,0,3143880,0,2439432,0,2047752,0,940032,0,1394748,0,1445544,0,8249148,0
61,000333,2017-10-10,0.004088659350118373,0.0021519259737465823,0.7849689449790566,204468.0,619956.4962404153,3508,723928564,567517275,306462,379112,4644792,5048984,14556583,15824100,50787348,59198637,64426801,55702769,56708470,53544848,42023215,54277707,490474893,323541118
62,000338,2017-10-10,0.0013262599469496816,0.0,0.13880714815984826,21837.0,217065.97287605665,2957,114857011,124128283,1845239,2127699,10520927,14217268,16481414,15497314,18602678,17586667,10750172,10378202,9721861,10375549,6103238,5419364,40831482,48526220
63,000400,2017-10-10,0.0012055455093429313,0.0006027727546715766,0.40899453130772817,11571.0,93485.67235984498,1645,30871072,32126263,2230029,1678626,6794201,6422296,4393064,4479039,6332572,5776063,3463173,2201998,1995420,3819592,961593,920954,4701020,6827695
64,000401,2017-10-10,0.013398294762484664,0.006090133982947554,0.3231047024034608,46200.0,252888.2639780217,2583,157312919,176049291,1383390,1478344,9412464,13218137,14079416,14180166,25634457,30489191,17649308,16851046,12524409,17954063,10416623,14184762,66212852,67693582
65,000402,2017-10-10,-0.011447260834014816,-0.011447260834014816,0.24142746322487701,20519.0,134994.074043743,2568,94644795,50536213,2212134,1616206,15193517,9354343,13943140,7521275,15706796,9737032,13354030,4396452,5560693,5593932,4585430,2223825,24089055,10093148
66,000403,2017-10-10,0.0043697478991595595,0.004705882352941115,1.1171150875851612,23696.0,133659.77468908395,709,25138131,15153590,356982,623576,3032693,3933265,3213772,4038504,3946250,2300708,5290507,1764835,1645061,1006202,877940,0,6774926,1486500
67,000404,2017-10-10,0.012804097311139628,0.00768245838668391,0.21499608542253879,23670.0,186333.05447012305,1320,53988388,42698408,819198,1142990,5340222,6146349,6793047,8847877,7750970,8260858,8095294,5117617,4380314,3623046,2323961,1703060,18485382,7856611
68,000407,2017-10-10,0.006211180124223503,0.003726708074534013,0.3074085025272966,8877.0,81523.27772642342,685,13547598,9268967,348106,774032,1936279,2248122,2301274,2192248,2413838,1036885,2005960,939348,0,1049100,1844871,403000,2697270,626232
69,000409,2017-10-10,0.0161943319838056,0.0161943319838056,0.1684886415471049,1482.0,40517.69565449625,1935,9986990,16335291,559693,2411488,2202635,4182291,1443712,2926340,2699853,3383069,1997472,1094884,675801,1443307,407824,893912,0,0
70,000410,2017-10-10,0.0067264573991032695,0.0022421524663676085,0.35074506997668603,8955.0,62422.78563755638,646,9339292,10749787,908364,585705,2688978,2643226,1732187,1497389,2236444,2786529,979173,1206916,336172,376794,457974,448788,0,1204440
71,000411,2017-10-10,0.013574660633484115,0.015837104072398134,1.0999292481748093,13530.0,98149.82030508934,403,7604334,10609905,165442,456761,1442736,1891585,800161,1375142,1661356,1327874,696106,1485377,1050223,1027387,892710,1848439,895600,1197340
72,000413,2017-10-10,-0.012291483757682187,-0.013169446883230962,0.19352584493557806,136080.0,586183.2197926787,3467,632508664,508344753,456546,393944,10134760,9082327,22291582,18430253,50470253,44890096,38464346,45550255,41164966,35331066,30039021,35830024,439487190,318836788
73,000415,2017-10-10,0.007496251874062887,0.004497751124437732,0.165712831346496,6700.0,136735.34066527136,1622,28440802,24215714,905128,2034516,3845588,5740940,3571498,6282290,6844761,2074709,2067840,978832,1674839,1081728,0,402069,9531148,5620630
74,000416,2017-10-10,0.006329113924050667,0.0012658227848101333,0.4119185348214112,12592.0,108123.19575197758,367,9664538,5686922,272117,413210,1616217,1826015,1588377,586366,926700,1096651,442294,472200,1041741,0,0,474000,3777092,818480
75,000417,2017-10-10,0.0010626992561104665,-0.007438894792773709,0.29053850149966465,11184.0,180317.22965322135,1049,39037704,19400346,1065182,1047876,4012532,4149565,3542914,3017757,5229957,4038114,4518579,1639748,2400219,348568,2700381,847949,15567940,4310769
76,000418,2017-10-10,0.013020277481323284,0.0059765208110993395,1.2132170181206041,18970.0,169213.10145735342,1492,46894268,53207431,1443690,2127585,5591657,6873007,6592637,4595835,10456952,5434210,7140802,7423118,3845345,1712687,4812730,1806430,7010455,23234559
77,000419,2017-10-10,0.012802275960170695,0.008534850640113723,0.33710776793183367,14140.0,56211.09320345958,434,6801763,7586890,279970,384298,1942052,2358804,1426243,1635858,1257055,1460708,1362866,636652,0,1110570,0,0,533577,0
78,000420,2017-10-10,0.0,0.0,0.11135767845952214,3159.0,74594.60730138289,996,13508245,5955480,1024907,646295,2797224,2265700,1422382,1059119,1917587,822750,876599,489100,2065274,672516,0,0,3404272,0
79,000421,2017-10-10,0.012784090909090828,0.008522727272727293,0.16197385224266428,1410.0,33847.83005306714,1889,4756369,8996518,211308,2275963,1150265,1932069,1198835,1419635,819303,1318942,775852,689304,0,0,0,0,600806,1360605
80,000422,2017-10-10,0.014999999999999902,0.008333333333333304,0.18704891721636507,16227.0,186534.97810379104,1029,32545687,37064060,874664,735010,4017108,4585987,5969134,3484953,3517181,4746240,3619286,3833942,1279471,4708909,2183071,451469,11085772,14517550
81,000423,2017-10-10,0.004691283292978188,0.00045399515738497875,1.2489347569658733,72380.0,276523.326620228,2799,238931685,193350250,720515,812518,11484592,10380308,22686997,17708139,38808274,29266771,26898201,22426313,23069527,21731417,17864181,13366392,97399398,77658392
82,000425,2017-10-10,0.0053475935828875,0.002673796791443861,0.07047820305660199,10125.0,133609.9003563081,2841,50592853,50637748,2073427,2052649,11927323,12475053,5513899,5997055,6290876,6520165,5186537,4727265,3543257,2520027,2636602,1386267,13420932,14959267
83,000428,2017-10-10,0.006147540983606703,0.004098360655737876,0.2390600768044417,9008.5,91038.54402538484,416,6816500,8014611,458068,424402,1546650,1774823,520323,593695,2120621,1089819,455258,1691815,0,0,871884,1435753,843696,1004304
84,000429,2017-10-10,0.004629629629629539,0.003472222222222099,0.21431068976886009,8690.0,113800.52623971054,1626,32058645,34173865,1387004,1074955,6193693,6110170,3566239,4994132,4330285,6679337,2454222,3571110,2789792,396719,2197342,1835475,9140068,9511967
85,000430,2017-10-10,0.0009643201542912649,-0.0028929604628735728,0.4273350633573832,10330.0,43041.30939346257,588,8768251,4738794,549859,528873,2866430,1965056,1974268,1071925,1680864,901770,490738,271170,621882,0,0,0,584210,0
86,000488,2017-10-10,0.01124169647419504,-0.007153806847215116,0.37805618243430117,44735.0,268242.4282372181,2681,210236831,151461241,1314919,1529409,11055413,10622275,15877723,13846507,28830280,24040343,20096284,17372406,20226314,14207919,12527807,12504548,100308091,57337834
87,000498,2017-10-10,0.03523693803159156,0.017010935601457833,0.18358177768041284,1657.0,52207.44392901382,2011,10097319,23295673,778603,2798028,2368927,5963709,2502733,5345124,1591198,2043195,1685501,1794645,338250,638640,832107,2205915,0,2506417
88,000501,2017-10-10,0.015342465753424683,0.0032876712328766544,0.39413793300448247,10938.0,106076.16701675284,2145,56163824,36853180,3016965,1194705,11461631,5244691,8483015,5170315,10489778,7007408,6063726,3708122,4574915,5697097,3497971,2325038,8575823,6505804
89,000502,2017-10-10,0.036020583190394584,0.04116638078902235,0.3873982517699567,14520.0,90218.84802204833,906,16791222,21373593,711985,738797,4227649,4127050,2795153,4445531,3398635,4552024,1408091,2802522,986409,0,484400,1831970,2778900,2875699
90,000505,2017-10-10,0.0009049773755656076,0.0018099547511312153,0.34960213684489827,19908.0,103589.53895572286,999,27094494,25569356,817734,547127,4306878,4827029,5023336,3549464,6575548,6165434,3489043,3567039,3137389,1422327,1846335,1419334,1898231,4071602
91,000510,2017-10-10,-0.015857284440039643,-0.014866204162537255,0.29332944685115125,10956.0,86199.23785893836,1183,26720107,12630915,1225663,1473836,5922115,4752256,4543830,2845791,4380314,1689337,2041402,967523,2005405,305772,1419510,0,5181868,596400
92,000514,2017-10-10,0.006501950585175553,0.002600780234070177,0.26078154383261404,10752.0,53312.78295381942,869,11367499,12171538,931879,917551,3855951,3747255,2483292,2516238,2167631,2831804,645013,503096,735328,0,0,400374,548405,1255220
93,000516,2017-10-10,0.030947775628626717,0.029013539651837617,0.1227398180303599,23276.0,188698.90061967974,1778,62306395,89846178,1014805,1123697,6342300,7287962,7711676,9740299,8986476,13015043,9828743,10430710,2128680,7653105,2179454,4579259,24114261,36016103
94,000517,2017-10-10,0.002336448598130758,-0.004672897196261738,0.12992356707083344,2988.0,30329.808070938,1087,7674370,4970657,1125155,962544,2228966,2587614,1278514,465412,1808326,614098,715900,0,0,340989,0,0,517509,0
95,000518,2017-10-10,0.020270270270270174,0.020270270270270174,0.22663089714711676,9398.0,46539.096724470066,1066,9599159,17241838,986270,1393267,3565995,5576674,2383530,4318857,1152666,2394666,443970,1621108,1066728,961988,0,440786,0,534492
96,000519,2017-10-10,0.006300630063006407,0.004500450045004545,0.27120858862194613,15567.0,81233.57899918723,1678,28930461,39166900,1181222,1426541,8666322,7472024,6491925,6119648,7159135,8368480,3038354,4838524,694804,4077714,443289,497728,1255410,6366241
97,000520,2017-10-10,0.0038022813688214363,-0.0019011406844106071,0.1958695249318591,7875.0,63302.97165333131,721,13559666,6660592,649145,724392,2497293,2264381,2499182,1349999,2119650,1076138,2370796,658140,1819559,0,408986,0,1195055,587542
98,000521,2017-10-10,0.013559322033898313,0.008474576271186418,0.20908398116007842,5920.0,94898.40482510034,796,11004551,13600448,342662,788785,1708118,2682259,2555446,3143000,2270947,1515618,2126209,1077577,928773,330301,0,0,1072396,4062908
99,000523,2017-10-10,0.013655462184874123,0.005252100840336116,0.42327563699791715,11364.0,55721.155190925965,505,7753352,7564740,556085,478420,2416346,1849530,1579530,2525126,973959,1400894,579264,916486,746624,394284,901544,0,0,0
100,000524,2017-10-10,-0.011295180722891485,-0.015060240963855387,0.5404869658405819,13110.0,54491.14310098756,603,12117901,4756580,517329,426961,3536218,2545850,2621654,1352777,1951762,430992,791544,0,687569,0,456750,0,1555075,0
101,000525,2017-10-10,0.0018214936247722413,-0.010018214936247882,0.6247327034960153,13065.0,215318.74688473914,1236,60660404,20537665,865422,1274624,5299932,4876456,3882307,2469062,6354832,5451745,3141406,763167,2132192,1068594,3072197,1348639,35912116,3285378
102,000526,2017-10-10,0.012838801711840375,0.006276747503566549,1.969328000866284,12371.5,99755.68470465213,316,7314601,4123088,179313,314028,1408420,1343136,991587,618436,994429,258380,849592,226664,0,317610,467346,0,2423914,1044834
103,000528,2017-10-10,0.0022050716648289725,-0.0011025358324144863,0.17011890516044995,9040.0,66785.02480428261,2848,39149353,22899327,4576465,1199395,13677558,6237086,6014691,4730142,4718676,3487049,1790725,2541635,1072942,1343109,1328031,920906,5970265,2440005
104,000529,2017-10-10,0.048484848484848575,0.046060606060606135,0.23828035993458535,12278.0,95446.0588500253,1200,20560470,24574673,1140048,882751,4014726,6056954,3784218,3966414,4924167,5104628,2029602,2994283,1024720,1982584,885290,473155,2757699,3113904
105,000530,2017-10-10,0.013458950201884257,0.013458950201884257,0.2246510009632491,11392.5,88611.0834590159,1094,18818631,24890261,870972,1309529,4653605,3855939,4352863,4255194,4864782,3911993,1241736,2376621,1056860,2905281,0,447600,1777813,5828104
106,000531,2017-10-10,0.008018327605956443,0.0034364261168384758,0.32863861101989505,873.0,36477.22420530525,705,4079246,4578765,563978,540871,1292459,1446756,711555,769192,913815,537341,217250,525573,380189,349672,0,409360,0,0
107,000532,2017-10-10,0.01611721611721606,0.01391941391941387,0.5118329721976154,15180.0,93865.81519512572,711,12512046,13838529,630521,548970,3570395,3504874,2918292,3118698,2774923,2617624,549200,1169295,1642292,301678,426423,487890,0,2089500
108,000533,2017-10-10,-0.0019398642095054264,-0.0029097963142581396,0.5625229470332405,12336.0,107643.48649568348,335,7527825,7088604,220933,308276,1420142,1295935,1331469,1034604,1534492,1004183,1062784,412856,703405,0,0,412800,1254600,2619950
109,000534,2017-10-10,0.001343183344526544,-0.016789791806581578,0.6716803919172116,10276.0,58773.50296782999,491,8720777,5987120,556989,418821,1986596,1731021,2564670,619559,1893633,1513770,732619,489240,398670,331200,0,883509,587600,0
110,000536,2017-10-10,0.003401360544217802,-0.005102040816326592,0.18968589145455095,11740.0,84056.2405990714,961,22661810,15334666,955428,806035,3680343,4375002,3062929,3030464,5232508,2903574,3592712,2578755,692886,1062127,0,0,5445004,578709
111,000537,2017-10-10,-0.04585798816568043,-0.041420118343195145,0.2704682837628721,36064.0,240593.93492295253,2507,174361596,107603210,879886,1159976,10923553,10371550,15584595,10681034,26588467,17500037,23337423,14588237,17371422,9061258,10455970,6460700,69220280,37780418
112,000538,2017-10-10,0.0040708548795247435,0.0029706238310045485,1.932194976989978,64386.0,385632.48720220564,2213,242064376,179178013,1202567,1550045,9042223,8208096,13850113,11112880,22958200,23694916,24783755,20335333,10525369,13871544,16226342,16840103,143475807,83565096
113,000539,2017-10-10,0.00190839694656475,-0.001908396946564861,0.2430896217256006,2088.0,31475.501132878646,464,3369516,2452767,372246,382850,826007,977629,937102,313800,920126,308502,0,469986,314035,0,0,0,0,0
114,000541,2017-10-10,0.009879253567508295,0.004390779363337094,0.2727893001795066,9160.0,102258.69171204379,1115,17853895,24374457,1036740,1139846,3770712,4399555,2740761,4086855,2076523,2754705,2355967,3081539,370457,1083754,3231910,3172268,2270825,4655935
115,000543,2017-10-10,0.0035842293906809264,0.0,0.20578185911008598,5570.0,102090.04327574867,735,10984915,9696968,550735,763578,1695461,2292915,2228903,1673607,1988758,1110888,1213653,1276862,374861,0,0,896535,2932544,1682583
116,000544,2017-10-10,0.01396973224679865,0.004074505238649717,0.41503317276718393,3450.0,55069.136239423366,1713,20843626,17904506,2910649,432488,6163671,4445492,4566966,4130335,3345491,3057677,279288,2039866,360734,1667292,1301525,429774,1915302,1701582
117,000545,2017-10-10,-0.003215434083601254,-0.004823151125401881,0.1846571804510893,11178.0,60516.79300418977,1135,18996191,18344221,844391,1639497,4440042,4440358,5382400,3447745,3434725,3582645,1447535,1629418,2436020,2250416,401112,1354142,609966,0
118,000546,2017-10-10,0.014915254237288122,0.02779661016949153,0.34082240703045785,29820.0,143814.6324709673,1877,43751765,77915519,952860,953919,6922826,12367563,8552177,13829338,9520145,13818994,6173988,5646169,6228257,5855884,3191947,4987336,2209565,20456316
119,000547,2017-10-10,0.005093378607809784,0.0016977928692700761,0.256555379914124,27071.0,120306.91537589666,2109,84162447,60847710,1041952,1111681,12876656,9313923,11387637,9114846,18395721,12950209,15068192,11944671,7582162,3956780,4986681,3072423,12823446,9383177
120,000548,2017-10-10,0.036662452591656125,0.03539823008849541,0.232569588553725,13481.0,126683.54907609434,1157,27569696,39851040,656826,1065379,3568234,4782595,3664536,4246283,6247940,6098342,4369561,5084432,2702984,4391244,2256899,3639683,4102716,10543082
121,000550,2017-10-10,0.009136592051164794,0.006395614435815489,0.48381970534227803,30842.0,149892.1131486687,2048,89970735,86487211,1258270,1007067,10177135,8984062,9090941,10362229,15742090,16597692,14054675,12566289,11799541,8324608,5009116,9896615,22838967,18748649
122,000551,2017-10-10,0.014861995753715496,0.009554140127388422,0.39224090426015795,17127.0,97525.0771310068,576,10294431,14063001,571809,480843,1878711,3823415,1836844,2779663,1627383,3167029,812264,0,0,605155,496850,879064,3070570,2327832
123,000552,2017-10-10,-0.004962779156327701,-0.007444168734491385,0.10284914935095264,6000.0,117204.62749705584,1541,33268738,17473991,1297460,2035217,5005078,4328938,3424005,2461757,3755344,2294953,2758008,409200,3308464,619984,2109335,1832387,11611044,3491555
124,000553,2017-10-10,-0.0007077140835103357,-0.0007077140835103357,0.4547253277912562,8490.0,98307.38031257721,965,14362849,14726439,1654813,848714,2915163,3488545,2443940,3782622,3321656,3188956,438666,728600,1009800,397181,495963,0,2082848,2291821
125,000554,2017-10-10,-0.0009970089730807485,-0.00598205383848438,0.28377151638034254,17928.0,80579.54415572363,1249,33232357,24341028,1294398,1089977,5711349,5737906,7080406,5042280,6768576,5254042,3999417,3752126,1404354,1280923,2781471,1679292,4192386,504482
126,000557,2017-10-10,0.021052631578947434,0.007017543859649145,0.17814918862457044,11480.0,63002.847312597,1024,14259537,17276580,850447,854086,3781044,5085688,2911443,2824164,2288778,2758846,2001967,2067639,945297,1688589,407161,908868,1073400,1088700
127,000558,2017-10-10,0.021341463414634276,0.01371951219512213,0.20671350126305096,9900.0,106142.15701294733,1007,12302862,17375220,937525,1255496,3638399,4204658,3051056,2682568,2717440,3935813,497309,1206688,735811,666305,0,437570,725322,2986122
128,000559,2017-10-10,0.0032493907392363575,0.004874086108854536,0.22737135362090674,54119.5,265422.78445884294,2934,206752813,195621377,1109282,1136574,11932597,11794500,17791120,19320694,31793711,30166954,25480303,25771334,16834885,20522189,17255824,11061530,84555091,75847602
129,000561,2017-10-10,-0.003574620196604039,-0.011617515638963294,0.24653843043679718,22120.0,100807.8726850391,2061,60030258,44155705,1559356,1267520,11103964,11527666,9968487,9251898,12293165,9957216,7592082,3387063,4712444,1367559,3620821,876529,9179939,6520254
130,000563,2017-10-10,0.0018761726078799779,0.0018761726078799779,0.1491165140715262,7964.0,108128.4751719119,1279,26235349,23440909,918937,1142121,4809891,3573023,2955620,2548586,4720895,2471399,3928817,3134125,3134136,2743450,1353236,1328042,4413817,6500163
131,000564,2017-10-10,0.030981067125645634,0.03958691910499157,0.1197731114803444,16173.0,1037857.8201581058,2371,60383095,225695087,501453,3190856,4686911,16828996,4131254,13124787,5504829,15662491,5320060,11531644,3123516,5802090,902170,4838628,36212902,154715595
132,000565,2017-10-10,0.0042918454935620964,0.0032188841201716833,0.3928342671880662,13965.0,92016.39874755853,562,11780960,7891832,543731,698692,2621816,2561586,2546729,1740369,1746245,702846,874967,1019406,1170267,359590,0,809343,2277205,0
133,000566,2017-10-10,0.00691244239631339,0.001536098310291889,0.4832637030714204,18200.0,121008.84789076881,725,21609368,20489726,423460,585364,2578894,3219494,4733055,3122595,4467619,5426062,3602945,1236158,3006163,2244453,0,471900,2797232,4183700
134,000567,2017-10-10,-0.024390243902439046,-0.026016260162601612,0.9013063635117723,24272.0,164799.19381179527,1164,45405063,34177489,766959,928750,6147072,5289657,6135868,5137597,8150488,6637524,2256006,5046554,3654272,3406389,2208772,1789100,16085626,5941918
135,000568,2017-10-10,0.021419720304478584,0.007611966719773378,1.056278882868501,61732.0,242972.2314357785,2865,193281318,157026883,634128,804621,11045904,12346839,24210062,21065907,32634942,29842326,25553065,18337184,20554566,10213145,13450600,10755040,65198051,53661821
136,000570,2017-10-10,0.005586592178770999,-0.0027932960893854997,0.37691728388187357,14260.0,45348.87181414816,360,6848153,3978736,274553,300556,2305997,1326901,1409389,1603438,1257676,464465,1244538,283376,356000,0,0,0,0,0
137,000571,2017-10-10,-0.0013736263736264798,-0.006868131868131844,0.25525185616141194,14440.0,156533.18132529862,813,29548889,13535959,656596,855165,2659667,3922898,3557205,2441111,3466274,2812230,2812404,961381,1373750,1031245,2181403,0,12841590,1511929
138,000572,2017-10-10,0.0,0.0,0.1669963371229177,16250.0,1832138.5346794466,1514,326672544,0,2753496,0,12170158,0,13141296,0,13320450,0,8881600,0,9293050,0,4069650,0,263042844,0
139,000573,2017-10-10,0.0050000000000001155,0.0,0.19436560932475824,10217.0,98511.14312519532,953,18890896,15445783,413388,1218249,2924234,4799500,2106907,3148520,4325776,2663518,1251134,1205635,1140711,1405161,458400,409200,6270346,596000
140,000576,2017-10-10,-0.0071727435744173285,-0.006575014943215773,0.9168617881336865,11634.0,37904.1964415344,332,5397975,2195349,463825,226273,2216128,972847,1194823,340822,1073068,104706,450131,229356,0,321345,0,0,0,0
141,000581,2017-10-10,-0.005976095617529986,-0.005976095617529986,0.5286810039197433,24890.0,183888.25421564255,2254,96740804,80397354,1259396,2597456,6993713,10480097,17468006,9836831,15040071,13782529,10949772,10766643,9196447,6702334,4153940,4553305,31679459,21678159
142,000582,2017-10-10,0.009314140558848383,0.0016934801016088574,0.44113179829515836,10620.0,69223.89665152738,716,11789887,9380465,416288,865751,2852523,2834538,2453922,2084255,3150105,1230026,0,995225,353400,310470,828724,0,1734925,1060200
143,000584,2017-10-10,0.03034389750505717,0.026298044504383,0.3854937872486463,31521.0,154819.27353148352,1480,45103904,68251765,542657,834275,8374344,6575969,10183122,9812571,11178005,12246207,5710156,6947260,3421126,4562102,856978,5394636,4837516,21878745
144,000586,2017-10-10,0.008395061728395214,0.007407407407407307,1.1273149786075838,15311.0,119419.69593556992,322,5613357,11332612,217692,159120,1602156,1165027,972129,543397,883394,1785826,834231,1317170,351546,1352280,0,2671098,752209,2338694
145,000589,2017-10-10,0.001769911504424737,0.0,0.24458260911762725,10735.0,57788.664342893884,533,8544983,6531309,557156,372475,2255877,1979037,1357451,1364159,1619846,1024235,1380467,1064093,335580,727310,446406,0,592200,0
146,000590,2017-10-10,0.010685103708359511,0.0025141420490257804,0.8693083765257269,13530.0,52815.54370781256,334,4453034,5108658,224877,464912,1300984,1716926,715874,951656,1208829,1271036,491750,256312,0,0,0,447816,510720,0
147,000591,2017-10-10,0.004885993485342022,0.0,0.14252680258094688,9872.0,94445.73634166752,1859,33301831,29305028,1983169,1132591,6272210,7950016,9123763,5765362,5837233,5011721,1606176,2561404,2818956,1399709,0,0,5660324,5484225
148,000593,2017-10-10,-0.011475409836065431,-0.013934426229508245,0.42893926051534553,16996.0,154627.86283066077,809,30130623,18586425,549672,575297,3637593,3281090,3305705,2805714,4801663,3267618,3410665,1243383,3880621,1343605,3356153,815635,7188551,5254083
149,000595,2017-10-10,0.017274472168905985,0.0057581573896352545,0.1814868394687824,7800.0,39197.726990656534,824,9735788,7488924,808095,674493,3734357,2534683,2164749,1641054,1471571,1841884,468581,796810,673235,0,415200,0,0,0
150,000596,2017-10-10,0.04501557632398745,0.016978193146417464,1.475244311482005,26660.0,235038.50369434388,1896,94272379,76254770,1242918,1523032,9464598,8576069,9359446,8949168,15056635,10985877,8443355,5041648,7827626,4775849,5308594,5728817,37569207,30674310
151,000597,2017-10-10,0.01760563380281699,0.012323943661971981,0.32427163292910305,18208.0,93952.18229983053,1227,29259830,30169827,785753,708022,6510063,5332381,4865040,5709150,6431604,6765942,2734978,2998555,2377441,2023139,1401438,856613,4153513,5776025
152,000598,2017-10-10,0.006920415224913601,0.0,0.14137919974082916,6900.0,158249.67478301623,1674,45774196,26168541,1753779,1143508,5231964,4177978,6280246,3816628,4730887,3181044,5105724,3266022,3463393,3068908,2225276,1406878,16982927,6107575
153,000599,2017-10-10,0.010401188707280795,0.0014858841010401136,0.24516701947752662,12749.0,96152.28150613893,753,17543775,12907212,660883,714733,3595870,2692012,2668945,1727354,3119857,2676056,1651498,1703769,686624,1354286,1291105,0,3868993,2039002
154,000600,2017-10-10,0.004351610095735259,0.0,0.2595547038464878,23020.0,131197.37246865043,1960,65099318,61390419,1127008,1131910,9230905,9463294,9572133,9966186,12738084,9800277,11229967,8635100,5141032,4469772,2648443,3280906,13411746,14642974
155,000601,2017-10-10,0.0040000000000000036,0.002666666666666595,0.286014843232248,7480.0,47047.475121916934,687,10070856,6405391,581568,647870,2852090,1965246,1856811,1404014,3164103,982989,1294644,271138,321640,693722,0,440412,0,0
156,000603,2017-10-10,-0.005637773079633535,-0.00986610288935863,0.4917842287222733,8463.0,66085.71801434526,832,14686045,9721943,647752,1117477,3255901,2738120,2657544,1915043,2142423,2863118,992672,713391,1748116,374794,1687222,0,1554415,0
157,000605,2017-10-10,0.0015094339622641062,0.0,0.6574592803554026,26410.0,146337.61261683668,1625,65023005,47161255,716278,1018706,7380443,9098349,7468213,8215888,12867072,9078911,6705490,4910416,4528523,2693108,1286962,1382466,24070024,10763411
158,000607,2017-10-10,-0.0036144578313254128,-0.004819277108433884,0.2402271711648583,18106.0,105457.04426680681,1194,41610154,19249110,1249595,964609,6399737,5711983,6077627,3398281,7758681,4287131,4953494,1789302,3695230,1776176,2951539,1321628,8524251,0
159,000609,2017-10-10,0.012543554006968716,0.002090592334494934,0.5664212908050696,15774.0,83800.40791680355,641,12991137,8874064,368399,516247,2799111,4230354,3117591,1514928,2329827,438380,1226911,912900,1026544,663047,0,0,2122754,598208
160,000610,2017-10-10,-0.0030143180105500766,-0.0045214770158250595,0.5048587053120334,13250.0,53155.90409172464,690,12303960,10846738,842199,252211,4315808,2297150,2217886,3028407,3031492,3763758,1330265,992510,0,0,0,0,566310,512702
161,000611,2017-10-10,-0.00917431192660556,-0.02064220183486254,0.3029857826527835,13072.5,68757.27575696373,828,18348417,10277093,524399,1112202,3784082,3607099,3494088,3271527,3195544,1721141,2717977,206879,1060976,358245,890960,0,2680391,0
162,000612,2017-10-10,-0.015065913370997941,-0.022598870056497078,0.2868232043591604,19722.0,118369.52385525218,1371,38548014,32505079,780093,1041433,7043123,5799721,6334309,4820080,9562530,6497410,4164151,5367282,5884615,1268394,3595887,440960,1183306,7269799
163,000613,2017-10-10,-0.002970297029702862,-0.00990099009900991,0.4162660631469645,11005.5,81916.27097524748,588,12076161,7816863,551160,440424,3201113,2052153,2170404,1401805,2341106,1243642,1119969,891399,641748,390780,858661,400800,1192000,995860
164,000616,2017-10-10,0.0065502183406114245,0.004366812227074135,0.16494921249271563,9618.0,113332.26415954588,771,17884785,17208341,851655,647881,3078220,2854950,2309626,1845755,2664568,2500835,2811574,2028040,1013911,1002340,1337142,2293718,3818089,4034822
165,000617,2017-10-10,0.001776198934280604,0.001776198934280604,0.636307868396474,5067.0,33583.04355671779,704,5926424,4283966,317321,1333852,1997611,1573687,1454945,392365,1147747,514113,0,469949,1008800,0,0,0,0,0
166,000619,2017-10-10,0.011702127659574346,0.01382978723404249,0.3561120880488685,16056.0,125839.44419712388,696,19269182,22423379,596678,744336,2968258,2935666,2497715,2624768,2919361,3220746,2535699,2665098,996820,1797200,3257474,3271203,3497177,5164362
167,000620,2017-10-10,-0.002781641168289384,-0.00417246175243402,0.19322564240478043,4998.0,33810.822805863216,1387,9332405,8319898,1885336,1818918,2771369,3000466,929639,1099395,1870880,646258,779502,1035655,641718,719206,453961,0,0,0
168,000622,2017-10-10,0.02184873949579824,0.008403361344537785,0.2983224292380807,11419.0,77536.03925895067,397,5032786,8562284,199354,362155,1649410,1902688,694512,1818695,475091,1403909,748017,988612,383382,673875,883020,474790,0,937560
169,000623,2017-10-10,0.012820512820512775,0.009283819628647105,0.44768016067017474,27456.0,164868.37269671864,2553,103915239,96759437,3006554,747441,13205849,8872496,16297031,10261215,23351518,18308851,14760681,14022166,9515930,7263569,5408760,5762696,18368916,31521003
170,000625,2017-10-10,-0.010273972602739767,-0.012328767123287676,0.2584427075357465,71850.0,476746.5620509872,3193,369818380,250072861,930792,984879,10740269,12196057,19428948,19997306,37712730,39666198,31556830,29481801,25772282,26414450,23061555,18258167,220614974,103074003
171,000626,2017-10-10,0.03539823008849563,-0.0005899705014748013,0.5153962027865698,16910.0,100569.01818108314,1081,22459807,20457881,728296,916854,4898249,5912606,4031588,4049575,6094194,4731249,879579,1553741,1774298,1389186,469278,499435,3584325,1405235
172,000627,2017-10-10,-0.001098901098901095,-0.007692307692307776,0.19827196830341814,13650.0,109605.11136012775,2108,56470239,42836344,2519952,1789144,9792582,8073989,9691214,8000678,8655240,10267106,7457712,3198217,5140656,2722810,2695296,1832812,10517587,6951588
173,000628,2017-10-10,0.015748031496062964,0.010826771653543288,0.42789824479601535,13325.0,67944.12990545086,563,9805886,8233706,382516,393638,2770756,2292297,2106008,2941304,915122,1744114,994329,492328,0,370025,477555,0,2159600,0
174,000630,2017-10-10,-0.003278688524590123,-0.006557377049180357,0.06225178873364231,11211.0,248459.83235932686,2427,90575836,53333735,2017196,1959539,8741511,8911824,10245713,6184902,12901532,11389783,7030481,3583936,5267024,4072385,2692136,2222873,41680243,15008493
175,000631,2017-10-10,0.0,-0.002481389578163906,0.15300032077454773,6007.5,120547.06366191697,694,19033183,7659761,495018,655091,2041753,2363432,1510444,1147178,1601906,2017853,1654604,821346,1414343,654861,2123028,0,8192087,0
176,000632,2017-10-10,0.019635343618513268,0.02103786816269282,0.21758076746662253,10927.5,113012.8033588165,1074,17522181,26249078,932138,999698,4007335,4363343,4145100,3897881,4114401,4126369,1569872,3406092,666839,2093597,463524,1307042,1622972,6055056
177,000633,2017-10-10,0.0024449877750609694,-0.0024449877750610804,0.3823012733522093,8998.0,45128.191834230616,457,7667929,4579220,483418,448723,1930039,1961964,1524261,1354900,2033419,813633,1225356,0,0,0,471436,0,0,0
178,000635,2017-10-10,-0.0005431830526888559,-0.0027159152634438355,0.5177405843182629,16560.0,57685.00709026456,1264,25395467,17398461,1179124,1098973,7595849,5276930,5956888,4336124,5148931,3226416,2699199,2023807,1022582,318493,0,0,1792894,1117718
179,000636,2017-10-10,0.012371134020618735,0.0010309278350517648,0.21348564356806563,19360.0,136215.43775526437,2066,61946559,47955681,1939104,1603650,10167029,9680908,9983907,9474279,10305837,9516636,6029000,6175641,4733012,3206511,3104693,4256319,15683977,4041737
180,000637,2017-10-10,0.013062409288824517,0.00870827285921627,0.1919178191413739,3445.0,34174.308011191824,1289,4712617,11630349,492276,1965764,1233309,4248472,1705156,2501168,1081021,806958,200855,698570,0,704313,0,0,0,705104
181,000639,2017-10-10,-0.011467889908256867,-0.010091743119266194,0.7375562396354323,12885.0,71807.29763708213,874,18469959,10082294,709145,617792,4695115,2991869,6555984,1593208,2745774,1494648,1672015,526480,395808,0,0,972417,1696118,1885880
182,000650,2017-10-10,0.047457627118643986,0.04576271186440661,0.11553209201008091,24400.0,248170.22871585243,2615,89972328,141792281,1549031,1895669,9736081,11887284,11363608,12768205,18286247,23834493,9831739,14623535,9463378,15957744,7577873,5731019,22164371,55094332
183,000651,2017-10-10,-0.012474541751527513,-0.013492871690427677,0.65665160087741,389620.0,1519636.0382025861,3579,1455962660,1304022892,34560,84618,2276720,3147693,7933511,11554260,29888690,44898734,48450416,54888434,54830993,64822904,50329545,61572010,1262218225,1063054239
184,000652,2017-10-10,0.009708737864077666,0.009708737864077666,0.1456373086940109,5160.0,75440.48712005778,1252,15155323,17778034,1009114,1162339,3421958,3722309,2600442,2332680,2706597,1788280,2303680,2412646,674540,1065980,400920,1318108,2038072,3975692
185,000655,2017-10-10,0.0,-0.008149010477299212,0.2052210567201487,1718.0,58931.398378253754,1753,20370563,15134952,681668,2093114,3696415,4689977,4787902,3301950,3992596,2973972,3114182,1594839,1684603,0,824409,481100,1588788,0
186,000656,2017-10-10,-0.0019920318725099584,-0.003984063745019806,0.13198842076980283,10500.0,96984.68288109703,1449,37462617,20027476,1411309,1389094,6777331,5458436,3985077,2255768,7889283,4787711,4056172,2593486,3495444,1961252,1353033,0,8494968,1581729
187,000657,2017-10-10,-0.008191126279863514,-0.011604095563139905,0.41155231411082094,14670.0,96061.52596277176,1267,30438349,19081581,781284,1179807,6187437,7197970,6374809,2747689,6081487,4462731,3006580,1812844,2390395,673029,925194,470611,4691163,536900
188,000659,2017-10-10,0.0,-0.007792207792207906,0.14137814985717645,10314.0,71823.28065539905,742,14575996,10002355,594358,637185,2808585,3289377,2505876,2659057,2934734,1358397,1241530,925210,1304250,385896,1309203,0,1877460,747233
189,000661,2017-10-10,0.02083053353043951,0.01390942077677737,3.319098830398379,45200.0,185479.88272270293,2015,107792896,80831133,24373,297,17073381,9165252,16076224,9054955,24975473,15409548,10891155,10161123,10434600,4102331,4930172,4172083,23387518,28765544
190,000662,2017-10-10,0.012440758293838838,0.009478672985782088,0.40328374014785356,17035.0,103568.87553055979,1754,63564724,36183081,1532053,678900,5286484,5599650,9170257,4465545,27540425,9118614,10297950,6168350,3926904,3018308,1463424,1880545,4347227,5253169
191,000663,2017-10-10,-0.01436031331592691,-0.011096605744125299,0.5641213817933335,13608.0,67079.0757032627,737,12147044,11856945,350332,834799,3010665,2851170,3334936,3728001,3619042,2013117,1395829,1418284,0,605200,436240,406374,0,0
192,000665,2017-10-10,0.006655574043261225,0.0033277870216306127,0.4296141294012415,7220.5,75737.6817064684,782,15060271,14125973,993420,615179,1918168,2498716,3128046,3173337,4033921,3179255,2596398,1231753,300750,2402081,0,412452,2089568,613200
193,000666,2017-10-10,0.003323836657169954,0.002849002849002913,0.492961144814461,14798.0,98517.9298933299,1826,37671864,51635025,1339664,1372297,7450946,6318111,5956707,6118382,9144256,20408982,4867526,4510061,1352371,1023305,1787094,1757227,5773300,10126660
194,000667,2017-10-10,0.01179941002949847,0.002949852507374562,0.08776100191461332,3400.0,74109.99487674271,1499,17519509,13114389,1772459,971894,4546493,3225092,2779718,1409823,1730816,2290890,426080,2202983,1961759,989507,0,1288780,4302184,735420
195,000668,2017-10-10,-0.0029052876234747504,-0.005810575246949501,1.2326086421590852,8545.0,20127.058530340433,194,1114077,1875355,174323,193310,697330,816055,242424,763450,0,102540,0,0,0,0,0,0,0,0
196,000669,2017-10-10,0.00436408977556102,0.0012468827930174342,0.49935422081578895,11270.0,68719.25916062178,1031,12775735,17491413,546016,1575566,3159070,5739912,3348279,3500852,1088643,2746205,1372691,1559928,695597,339921,492735,497614,2072704,1531415
197,000670,2017-10-10,-0.0063856960408684715,-0.0063856960408684715,0.1406885599550019,39000.0,205194.51299800267,3105,164980743,138994801,1403516,1492236,14523187,14080515,18416879,16655637,31826456,28344558,19893493,20733907,14122389,13373642,14197732,11532015,50597091,32782291
198,000671,2017-10-10,-0.01632653061224476,-0.01904761904761898,0.14185370307240042,22472.5,271084.44784823473,2698,130806867,117581969,1179045,1113697,10306930,14969987,12086793,10333732,18637511,16343518,22586653,15298540,13118216,11124050,4331960,7762511,48559759,40635934
199,000672,2017-10-10,0.014940239043824688,0.0029880478087651596,0.2167160467344902,17153.0,100437.80844296188,2147,42168256,61876852,854502,1835818,7173368,12598927,6515056,10994075,8601940,13822651,5756381,9048087,3280159,4889811,1724146,1357928,8262704,7329555
200,000673,2017-10-10,-0.004230118443316444,-0.002538071065989911,0.43735707399190854,23470.0,78232.81955810945,730,19332575,12044476,415091,495412,2820466,3296075,8152668,3113108,2819039,2407467,1193021,1633682,333785,0,0,460992,3598505,637740
201,000676,2017-10-10,0.004264392324093924,-0.00497512437810943,0.5000520989157669,9807.0,84927.99453577396,791,13521172,11405820,632873,723991,3176500,2915218,1901544,2206711,1744130,2987730,1482918,709391,0,335118,1313297,474214,3269910,1053447
202,000679,2017-10-10,-0.0011061946902655162,-0.004424778761061843,0.3725830156729608,8990.0,61117.94775758436,588,10707966,6305594,537889,706470,2607026,2379833,1821373,1226698,1859135,1178695,752914,507898,1075276,306000,857264,0,1197089,0
203,000680,2017-10-10,0.021015761821365997,0.014010507880910739,0.14962483213367753,12159.0,101224.22101363236,1458,23312817,35872722,991831,1178498,5601342,6597607,4379777,4821146,5055071,7292111,1712766,5805435,1745152,2686770,406580,495900,3420298,6995255
204,000681,2017-10-10,0.0356952583910497,0.029302077783697422,0.4569997154490219,19255.0,131888.02027570078,1688,36389977,51126753,1228123,1630837,6748362,10188362,5984812,6236377,7378086,5203464,3884737,7260526,2015518,2980788,2261552,2642856,6888787,14983543
205,000682,2017-10-10,0.020446096654275214,0.014869888475836479,0.16181286930945685,8728.0,51943.86663595679,1106,12232699,17517894,800006,1507678,3323269,4908528,3521529,3737627,2704760,2817056,981755,2642161,314940,372640,0,945228,586440,586976
206,000683,2017-10-10,-0.0030487804878047697,-0.0060975609756097615,0.07526349570026875,12753.0,141401.35020789705,1911,67355317,27084326,2173139,1067696,10456618,6691177,8081829,2619819,9445857,4099146,6823575,964717,6723535,2117439,3545537,1326696,20105227,8197636
207,000685,2017-10-10,0.0064397424103035394,0.0009199632014720294,0.3039076334070745,4352.0,83935.44082064807,1279,18071726,15593594,1200918,1286264,3162929,4024397,2164521,2946178,2858661,3295717,1224845,2397478,1002536,0,912317,495910,5544999,1147650
208,000687,2017-10-10,-0.01526717557251911,-0.014573213046495503,0.34960712703554037,25087.0,104964.41655518932,1699,57462743,44736258,1084202,1235501,9457103,7692268,9800809,7255073,14078004,10036695,8433205,8301124,5716319,3831642,1763658,1723495,7129443,4660460
209,000690,2017-10-10,0.0012269938650306678,0.0024539877300613355,0.23965837224525438,12345.0,100995.50801115873,1157,31600189,21032961,1302853,1099017,5746444,4194968,4495035,2877993,5207426,3129197,2809956,2444269,3344089,2265349,3570488,1399169,5123898,3622999
210,000691,2017-10-10,0.006811989100817373,0.005449591280654031,0.41238287291396664,14540.0,78042.0410104296,316,5276109,6596602,260013,298231,1268672,1724028,1310608,711046,1132614,1357610,0,1146437,355200,0,413910,0,535092,1359250
211,000692,2017-10-10,-0.001434720229555153,-0.00430416068866557,0.2997357112034612,2091.0,52148.043412732724,540,3817859,5871759,462252,362512,1302915,1051779,1588506,636333,464186,593188,0,1628247,0,0,0,975100,0,624600
212,000697,2017-10-10,0.00745434215430496,0.000745434215430496,0.588779495278199,37786.0,201510.33235389623,2078,112842648,93710634,1114088,858707,9258706,9032344,13043523,10884982,19910799,16513869,22390010,12755808,12094971,7518921,7109344,4546755,27921207,31599248
213,000698,2017-10-10,0.01644245142002987,0.005979073243647326,0.26808683214662726,13410.0,90301.36312958975,622,12200045,13577500,437230,735379,2577346,2570140,2374200,2576547,2314845,1782261,1495171,869552,722167,1478167,936686,836539,1342400,2728915
214,000700,2017-10-10,0.0069735006973501434,0.004184100418409997,0.22459149831091862,14400.0,116301.314770448,1019,23079520,28834431,816147,819823,4687538,4422473,3542772,3695455,3371074,3837701,3517901,2919737,3102326,2206571,1288129,2269565,2753633,8663106
215,000705,2017-10-10,0.016221374045801484,0.016221374045801484,0.29076653327471985,10610.0,73364.79409909812,1299,16165892,24802045,569390,1856320,5216868,4337909,2717776,4645031,3631929,5313612,979588,1963550,2075358,995248,453050,1335756,521933,4354619
216,000707,2017-10-10,0.00855920114122699,0.0014265335235377208,0.2973904718857753,12618.0,109859.40533611822,555,15056970,10106142,374872,800976,1837095,2643224,935163,1836240,2504362,1198949,2547130,1172077,640947,1115208,2193865,455650,4023536,883818
217,000708,2017-10-10,-0.019410496046010084,-0.021567217828900143,0.3971199665116505,20430.0,161238.34917079654,1227,56528341,27099702,822026,1016568,5997807,5393090,6288652,4082981,8889737,5451364,6673446,3763355,4067566,2145155,2219005,1797691,21570102,3449498
218,000709,2017-10-10,-0.0022675736961450532,-0.006802721088435382,0.08092695596900656,22932.0,239867.75237085772,2987,160482369,115867066,1556336,2268490,13449896,14957112,13461842,12227491,24047950,14541777,16841020,12297284,9331795,6690047,11310142,7635291,70483388,45249574
219,000710,2017-10-10,0.05745341614906807,0.05124223602484457,1.293059812169831,53600.0,202323.31304593358,2483,119076322,164379709,982231,844336,9564554,12515421,14085900,18104629,24556459,29234275,18516277,22283329,11412698,15214764,9932109,12906792,30026094,53276163
220,000711,2017-10-10,0.007601935038009655,-0.004837595024188013,0.5139522806060195,12928.5,50574.457391147174,792,12464348,7170862,408017,797247,4339838,3406620,2028071,1457007,2035443,1206148,1304970,0,1125365,303840,0,0,1222644,0
221,000712,2017-10-10,0.0037700282752122227,-0.0009425070688029447,0.47250530816839437,33792.0,218872.8587308782,2017,115630171,89984593,742235,917881,8935743,9791924,11079216,10861170,16056664,14638706,14031167,11238259,11533455,6013009,11766369,6687658,41485322,29835986
222,000713,2017-10-10,0.013064133016627011,0.01187648456057011,0.35618777436163385,12787.0,60988.48057106081,558,10112800,9805269,616769,529107,2295758,2746290,2666510,1597692,1838807,2598366,1240073,1992215,316200,341599,0,0,1138683,0
223,000715,2017-10-10,0.012999071494893322,0.012999071494893322,0.4264604470206913,4344.0,39735.50151966133,637,4466493,6671407,483405,647016,1420723,2372400,953080,1291518,1104333,660883,504952,269724,0,962685,0,467181,0,0
224,000717,2017-10-10,-0.027127003699136787,-0.0295930949445129,0.1435802946265433,49241.5,513659.8252852608,3198,311629423,251678123,1533693,1345421,16306820,10847329,19626590,17035296,34253268,25831120,20521929,19574274,17459575,17183116,24179981,20414637,177747567,139446930
225,000718,2017-10-10,0.016274864376130127,0.0,0.14407771642167094,4424.0,106330.15226399797,1476,23131836,20670464,1449572,1587900,3959462,2860475,2561862,2291111,3802853,3144026,2572396,3433144,1647246,2047105,452376,872702,6686069,4434001
226,000719,2017-10-10,0.01614434947768273,0.01139601139601143,0.38431839230859954,8464.0,56135.94036064257,750,6930371,11920165,375562,996527,2409256,2564282,1592669,2064163,1241219,1981605,998793,2397833,312872,742686,0,426869,0,746200
227,000721,2017-10-10,-0.0026075619295957697,-0.010430247718383301,0.22538463012403384,11039.5,68771.65035775649,1158,22903225,14514607,1246890,1262195,6026464,4149289,4412473,2102961,3507694,3330641,1819164,632984,2135034,1304975,1343448,497145,2412058,1234417
228,000722,2017-10-10,0.03169307756463713,0.04170141784820691,0.34721178611933995,29040.0,149438.38345973127,1193,37995298,59170977,554292,783023,4670023,6537455,5918338,5969829,6614130,12813149,5100560,8899932,3135722,6217668,3059649,4875691,8942584,13074230
229,000723,2017-10-10,-0.06666666666666654,-0.05502645502645498,0.21786204358162314,44394.0,616216.2170107584,1885,177499173,158984170,847630,1557641,6754525,8415055,6798018,10952706,12489067,11898222,14254972,12014236,14757319,9649242,23856429,12281429,97741213,92215639
230,000725,2017-10-10,0.0041753653444676075,-0.008350730688935326,0.08010554260004056,381434.5,1865486.8314647079,3600,1698123693,1822215195,15106,33673,3557996,2822885,11877912,13556555,40629159,47191622,41469571,56868776,45367023,58405933,45104229,54220389,1510102697,1589115362
231,000726,2017-10-10,0.023372287145241977,0.008347245409014992,0.25687762354328453,5990.0,46008.36832836378,2177,17031990,23343683,1513642,3535027,5139841,9228218,4047964,4151930,1967172,2614786,1421407,1271321,339675,1413616,431395,451875,2170894,676910
232,000727,2017-10-10,0.01038062283737018,0.01038062283737018,0.057679764338985653,16115.0,317338.22134141,2543,93087039,129814065,1870485,1801462,10279507,10778037,9269064,10364465,13583304,14892517,9273222,10237419,3754554,8008972,4069140,4871742,40987763,68859451
233,000728,2017-10-10,0.0007072135785006761,-0.0021216407355022504,0.2736974830649879,36660.0,216858.97438684676,2670,159854081,144139651,1676559,1336231,11307237,13658221,11726981,15240757,23803869,17885998,30509591,16034585,17503046,17570405,11625047,13199175,51701751,49214279
234,000729,2017-10-10,0.003072196620583778,0.004608294930875667,0.1353199712401677,6540.0,79344.5763193174,2319,29615854,36729577,2826228,1694139,8330763,8114216,5515547,4350140,3627613,6298000,1931043,2580014,2060568,4233903,1758444,864608,3565648,8594557
235,000731,2017-10-10,0.00588235294117645,0.003529411764705781,0.2931826179658751,13600.0,84227.28299130424,840,15902911,18103123,1331956,640714,3582400,3277336,3167788,3725852,3954767,3132413,1398646,3237270,0,397332,833850,1364206,1633504,2328000
236,000732,2017-10-10,-0.0016675931072817063,-0.013340744858254538,0.4283559760875558,7112.0,48052.25385368554,1766,16757151,16138777,1404679,2972277,5256268,5911328,3122339,2089112,1943985,2640237,779886,1478367,2081896,1047456,0,0,2168098,0
237,000733,2017-10-10,0.007058823529411784,0.008823529411764675,0.4488610984172333,20430.0,119858.70030217826,1434,40661641,42683740,782220,1428471,7458546,6849206,7832360,7237021,9166739,6434429,2522448,3989476,2439246,4904365,1670909,2682812,8789173,9157960
238,000735,2017-10-10,0.013280212483399723,0.021248339973439556,0.16728038655921587,23808.0,250617.64437179244,2029,90898813,113352238,1755939,1185177,8688767,8090280,9591837,8263705,13548880,14499794,10780875,9209281,6609522,13358801,5864814,6666728,34058179,52078472
239,000736,2017-10-10,0.01914762198888198,-0.0018529956763434496,0.423057526438548,19392.0,84378.47642017303,1466,35468423,27059769,1358352,981059,8796700,6653795,7489416,6833183,7538137,4811214,4003117,3381659,2106017,644970,1672974,459070,2503710,3294819
240,000737,2017-10-10,-0.005899705014749235,-0.0103244837758113,0.1678915912247063,13400.0,97603.52827778256,1633,38593913,23160691,1280687,1666331,7968464,7457599,5894965,5096646,7725244,4183237,4536552,938480,2650459,691121,1342216,848101,7195326,2279176
241,000738,2017-10-10,0.008020050125313372,0.004010025062656686,0.5124456863590988,20010.0,80564.77667210103,1515,35363580,34458721,1198059,870489,8644919,8223675,6068360,5731462,5951919,5892100,5820541,6127903,2311482,3002495,1754093,2588992,3614207,2021605
242,000739,2017-10-10,0.024324324324324298,0.021621621621621623,0.22925722944197435,11392.5,85002.6179964253,1042,14833059,27960335,912230,1225401,3407140,4121445,3199905,5607285,3587909,6096916,1076904,3260951,999455,1544010,891516,1816066,758000,4288261
243,000750,2017-10-10,0.005059021922428464,0.001686340640809636,0.14908586138751243,10629.0,202029.47825638487,1584,54124604,34891099,1239755,1790036,6312526,5140392,5613031,5041375,5980963,5049613,2794025,2771213,1762376,2064811,2248326,2828839,28173602,10204820
244,000751,2017-10-10,-0.014423076923076872,-0.014423076923076872,0.1309770928937801,21700.0,187341.10025307687,2274,101157367,61429118,1360702,1854086,11430245,9967705,12261501,9291898,14854341,13798535,9535569,6255314,8433310,7438314,4397434,1881392,38884265,10941874
245,000752,2017-10-10,0.00274348422496562,-0.00137174211248281,0.5258779448191588,13158.0,110104.63074314561,768,13792777,14283480,780921,579848,4337221,3009020,2576897,1711047,3519015,2308218,2255043,456222,323680,1365710,0,841000,0,4012415
246,000753,2017-10-10,0.00879120879120876,0.00659340659340657,0.17472211969444337,10557.0,56793.79238651458,678,7789401,12380613,553899,803758,2771285,3613804,1312348,1764280,1709450,1823283,1442419,2856441,0,363528,0,467819,0,687700
247,000755,2017-10-10,0.0,0.0,0.24321086261980832,3045.0,287498.49508138385,626,0,18441129,0,1361724,0,2337951,0,1388520,0,1789242,0,259434,0,318507,0,0,0,10985751
248,000756,2017-10-10,0.06118665018541414,0.04573547589616833,0.3607020222259205,22106.5,334735.0806176414,2016,93502353,138988318,725883,2155348,7487899,8435103,8475385,9580663,11631508,12988378,7983502,9993186,5356993,10042811,6816187,6286890,45024996,79505939
249,000757,2017-10-10,0.0026990553306343035,-0.006747638326585648,0.3001413229252416,14680.0,88089.36897209728,609,14978249,7406445,543944,536330,3128809,2734711,2028768,1238890,2822858,1714870,2227991,759180,684355,0,0,422464,3541524,0
250,000758,2017-10-10,0.0013280212483399723,-0.003984063745019917,0.17256579859315768,9698.0,88566.30814240198,1906,41886401,27915547,1533031,1807874,7068833,7274751,7132704,6265410,8273627,6023533,4061498,1107195,2184306,1728791,1718322,1862448,9914080,1845545
251,000759,2017-10-10,-0.01387406616862319,-0.012806830309498363,0.2626786404066803,12012.0,64056.044321650326,1273,21215379,9980400,1428451,940279,5000811,5803211,3155998,1518793,3888352,1718117,954699,0,1035508,0,1329125,0,4422435,0
252,000760,2017-10-10,0.003061224489795844,0.003061224489795844,0.31975728585359914,6874.0,83023.83768699726,939,14010878,13582914,688281,1051382,2910173,3168711,2687082,2315414,2411286,2065033,1564779,479865,350660,1091387,2169761,0,1228856,3411122
253,000761,2017-10-10,-0.01628664495113996,-0.019543973941368087,0.1470965062676199,12040.0,144188.20259545482,1745,55944612,38362949,1317294,1567671,6272356,6405106,5790764,5834061,6093660,6840829,5464090,2816634,2411130,4523323,4938326,2687685,23656992,7687640
254,000762,2017-10-10,-0.00296003946719281,-0.023680315737543145,0.36256496643598324,71128.0,378531.54763740185,3128,326733761,242621481,1120488,1296609,10904492,11932100,19749494,20459626,32954330,36128923,36779789,25924159,23736973,21265921,21565019,17796052,179923176,107818091
255,000767,2017-10-10,0.011494252873563315,0.005747126436781658,0.14414227291961876,6980.0,86541.0938691068,583,6775631,9141172,518147,475564,2292302,1542672,1282987,543132,1207043,955162,431900,1245070,350350,1021842,0,0,692902,3357730
256,000768,2017-10-10,-0.0010438413361169019,-0.0036534446764091566,0.40885115440074604,32325.5,267631.88225697714,2196,100815509,107163155,1291926,1558156,9764602,9794147,14447178,12719128,20543394,14801175,13920977,8662643,6873180,8266199,5296571,3760298,28677681,47601409
257,000776,2017-10-10,0.008937960042061155,0.002103049421661396,0.3390101197677576,47375.0,454450.17826477357,3149,324521699,230996543,1833121,1122792,11435118,14426989,15439457,16145661,30620398,28054648,25577047,22797341,24568059,17834912,22514189,16251813,192534310,114362387
258,000777,2017-10-10,-0.004589787722317773,-0.010900745840504933,0.5026120877976947,17240.0,138010.6338939117,1202,38180975,24996365,804294,1048712,5466026,6164882,5150623,5077784,5134236,4152599,4413655,2639451,1762285,2032946,2235442,880100,13214414,2999891
259,000778,2017-10-10,0.0031446540880502027,0.0,0.13914501378622807,12720.0,123888.78656005092,2093,57129127,42293663,1653553,2019221,9679138,8900281,8189407,6164676,9372220,5508613,4556999,3100112,3416072,4201015,403860,2247861,19857878,10151884
260,000779,2017-10-10,0.0012698412698413097,-0.004444444444444473,0.4285534293721452,14175.0,66653.90020856714,1351,25472933,21123793,1048436,1251615,7754988,5396724,5860433,4015665,5416736,3975051,3038542,1388913,2353798,644288,0,409500,0,4042037
261,000780,2017-10-10,0.0018939393939394478,-0.005681818181818232,0.26988046053897585,10560.0,60389.765702056226,382,6760971,5408165,310397,189998,2183913,1372858,1101473,672665,1685446,779742,1139221,1450836,340521,0,0,416066,0,526000
262,000782,2017-10-10,0.006006006006006093,0.0010010010010010895,0.4069661006134139,13000.0,103805.42667013059,602,10746295,11961608,556997,536373,3319271,2146632,2095187,1956922,2199150,2425676,731735,493678,381920,1826304,919760,0,542275,2576023
263,000783,2017-10-10,0.0010193679918450993,-0.003058103975535298,0.1978077968664493,9780.0,168739.01713419904,2462,87626463,49921206,2072379,2201751,7231752,9107634,7219157,5082193,17425862,7732863,8143175,5800778,7336396,2867248,7008386,2984836,31189356,14143903
264,000785,2017-10-10,0.02019315188762061,0.0114135206321333,0.45206898639282833,11510.0,64081.02273194528,634,8688751,13514925,309541,860174,2343019,2806219,1090713,2296720,3082204,3708006,433948,2202933,356190,699330,0,941543,1073136,0
265,000786,2017-10-10,0.0010816657652787942,-0.0032449972958354945,0.32827358437692344,69920.0,532872.7234494609,3177,310584882,341078258,1315957,1202652,12919205,10014324,22396495,14129367,35155246,31817159,28746323,28414157,25467341,30215125,23788803,17531164,160795512,207754310
266,000788,2017-10-10,0.026653504442250675,0.02566633761105619,0.2842369233918374,20740.0,95065.2242416746,1270,31981039,36843012,644653,850896,5207079,6748606,5891187,5744574,7349355,7092171,4697743,5646755,3134799,3123419,1250804,1259494,3805419,6377097
267,000789,2017-10-10,0.017142857142857126,0.005714285714285783,0.23110069111875164,24682.0,144409.91802883008,1434,43055678,52968898,787629,1263144,5464368,9294790,6652045,6985141,9869771,10633923,5044793,5315648,3482949,4690638,1769812,2219856,9984311,12565758
268,000791,2017-10-10,-0.02995391705069117,-0.02304147465437778,0.17607641146041578,34040.0,485189.4034421554,2435,104435937,133548396,1391185,1858224,9321841,9541443,17539184,14800394,22877176,18839009,10825569,11278745,8075348,8043330,4617202,9545757,29788432,59641494
269,000792,2017-10-10,-0.08706986444212717,-0.08654848800834203,0.32018119757476377,365625.0,1982229.645800627,3595,1447952396,1428520795,34652,90915,2745206,3185223,9651199,13679820,36635840,47868353,43391529,52373451,46574279,55644288,57547921,55249761,1251371770,1200428984
270,000793,2017-10-10,0.003937007874015741,0.0059055118110236116,0.28757148967885826,7161.0,68725.15833152688,1248,12882085,20434820,471599,1974522,3469447,4452586,1932485,2251123,2660238,4343776,1760077,2329999,630360,1716632,408000,1739981,1549879,1626201
271,000795,2017-10-10,-0.005095541401273884,-0.01401273885350307,0.16458304151416017,19400.0,124637.58979803181,2278,72507267,41791375,1832037,1836471,13508120,9940633,13334192,8577240,13694910,9680589,8316088,3469522,4830967,3385747,3203044,2220191,13787909,2680982
272,000796,2017-10-10,0.00554785020804438,-0.004160887656033285,0.3403078849370298,21592.5,101698.108199421,1796,47654966,43184089,1280888,1117443,9512487,9269924,9355823,8128613,9887073,10615181,6546360,2738460,3812408,4458645,1323785,1283265,5936142,5572558
273,000797,2017-10-10,-0.03120124804992197,-0.01950078003120126,0.2793630540455421,29118.0,157808.85041995012,2107,105561345,54239568,1062860,940359,10747879,9335271,14396147,9749341,21905293,11266209,16940266,7685225,9030411,6582202,7648854,2226666,23829635,6454295
274,000798,2017-10-10,0.01724137931034475,0.00969827586206895,0.4539344544200095,9350.0,44388.40862910198,417,3725720,6005748,314889,703214,1246013,2430373,759567,1739032,794241,524283,0,233250,0,375596,0,0,611010,0
275,000799,2017-10-10,0.03109540636042407,0.016961130742049413,0.5388528796512296,49087.5,270757.42212195264,2760,177006971,198237366,941824,1150100,12818046,11498642,16796517,15560002,25804158,24616380,20620409,18358835,13536054,16207148,12133093,16294266,74356870,94551993
276,000800,2017-10-10,-0.023569023569023573,-0.025589225589225495,0.26010364605510905,81956.0,461358.3414615907,3264,393987968,283047788,808215,630893,12701983,11064818,19682632,18497516,40078775,39478379,37608723,34840414,27854218,21976574,28056357,24212288,227197065,132346906
277,000801,2017-10-10,0.00691244239631339,0.003456221198156806,0.20846187675426997,21750.0,113338.04676887806,1735,56645225,44216256,1404465,1261249,9313455,8237927,8203580,8658760,12537197,9309064,5515634,3988006,4862614,4894089,3648094,2665202,11160186,5201959
278,000802,2017-10-10,0.019484600879949632,0.021998742928975634,0.36755350711926316,25576.0,119150.7374605326,1874,54458011,67946340,1144659,1419441,9938077,9517454,10886769,7844205,13895988,12704548,5621482,9761101,2749251,3292457,5325157,6523408,4896628,16883726
279,000807,2017-10-10,-0.027561837455830407,-0.016961130742049524,0.25094838149861537,69629.0,407146.2610438826,3183,318899930,266804727,906624,1121732,11356564,13439575,19518452,20756919,35982852,38300610,29521561,27644860,21877425,24753621,21639983,18713210,178096469,122074200
280,000809,2017-10-10,-0.0023255813953487747,-0.0046511627906975495,0.21040939301651096,11583.0,126089.83474193835,417,12687312,7422317,367729,384428,1881666,1562079,1548663,1592862,2027093,1731224,621880,701975,0,0,0,450779,6240281,998970
281,000810,2017-10-10,0.019266055045871422,0.0183486238532109,0.35011195068963347,13212.0,95371.03318555208,969,19074447,24292291,565934,852907,4024000,4531964,2971608,3295084,4327649,5710973,1296543,2833011,933138,2691802,875200,477641,4080375,3898909
282,000811,2017-10-10,0.006250000000000089,-0.004166666666666541,0.2804972291766168,6692.0,83674.8453857903,1171,19585654,14289013,3592724,857661,2613086,3305988,2682175,1852712,4110766,1155243,491643,1121820,1813127,1114333,886285,2819878,3395848,2061378
283,000812,2017-10-10,0.010344827586206806,0.0022988505747127963,0.3754846055667243,9998.0,56479.540887352465,536,7010579,8959568,468199,644020,2477777,2260057,1895610,1686406,932904,1527182,712289,1029289,0,1376614,0,436000,523800,0
284,000813,2017-10-10,0.04045512010113783,0.005056890012642201,0.22817422466744652,3180.0,39304.65000589119,1203,11475939,9039476,489995,1319029,4728478,3100615,2236122,2456597,1616452,1027937,732885,472230,691675,663068,980332,0,0,0
285,000815,2017-10-10,-0.017402113113735185,-0.01429459291485402,0.534968517217429,15870.0,59682.547072853326,904,18862504,11703288,869092,704034,5201315,4175655,4069500,2830522,5615338,2061167,1024199,709050,681680,664260,489720,0,911660,558600
286,000818,2017-10-10,-0.0237899917965545,-0.020508613617719496,0.24409326845933754,29040.0,333012.15091384674,2496,128629957,132064909,1132881,1648176,10987015,12407757,11531183,12638138,18878103,17220244,14754607,12983247,13280200,10959372,6611119,10531131,51454849,53676844
287,000819,2017-10-10,0.02639127940332764,0.0304073436603558,0.5386765400027897,20940.0,87767.36349844618,1047,20424176,30378384,805895,665808,5157592,5653626,4753748,5462675,5084014,6280759,2100961,3465712,353449,2777001,406784,1270982,1761733,4801821
288,000821,2017-10-10,0.011372251705837888,0.0007581501137225999,0.41451841919119986,13260.0,81614.74793278461,1012,19969339,17510391,550527,1010773,4231373,5612638,3811120,3858567,5283158,2790159,1544452,1541624,1711409,672705,0,473570,2837300,1550355
289,000822,2017-10-10,-0.009090909090909038,-0.016528925619834656,0.2570105889417955,29674.0,247713.46114220965,2218,123738277,75693914,1052504,1250298,10983584,10350973,13014884,10172361,21369423,15002764,14124181,8277361,10335018,6030903,9729683,4528378,43129000,20080876
290,000823,2017-10-10,-0.01885565669700917,-0.014954486345903795,0.32168051987520546,33572.0,179685.19358106458,2291,92628484,84092171,1463855,716477,15416723,16190417,14998407,12019350,11840040,11728812,8367783,6319367,8057599,5899852,3439011,3643321,29045066,27574575
291,000825,2017-10-10,-0.011857707509881354,-0.011857707509881354,0.10242328322345651,20500.0,266698.3160418522,2450,118393648,72013671,1669742,2297338,11656344,12284455,10388974,8979543,14236866,10184275,14018004,7766074,6397937,3650513,7078830,4843274,52946951,22008199
292,000826,2017-10-10,0.00467546754675463,-0.0016501650165017256,0.7828002199882038,43428.0,204850.1418729216,2160,110078369,91076102,735952,798485,11104594,9535249,16344131,15435341,23721842,17069110,14019239,10413285,12771492,5256019,6346471,4056951,25034648,28511662
293,000828,2017-10-10,0.00943396226415083,0.004716981132075304,0.40352789691271584,12740.0,115261.24530021232,993,18692332,26710114,505689,1248490,4013673,3921766,4091461,2978002,4953204,6960265,2085704,3014349,0,3355633,1762981,1361340,1279620,3870269
294,000829,2017-10-10,-0.01940035273368612,-0.021164021164021163,0.2251052121271154,27700.0,373772.23230187315,2542,126979313,130184452,1484747,1416633,11055283,12220854,12265145,13528058,17780228,17248822,13229885,14482335,7230436,10643567,5693622,8325172,58239967,52319011
295,000830,2017-10-10,-0.005376344086021501,-0.012544802867383575,0.19893804043258148,48664.0,321992.52725872316,3151,265758719,165793685,1088639,1101790,16531744,12466965,20555826,15761984,39358151,24375545,30035950,22251241,27196763,17737344,17862759,10761868,113128887,61336948
296,000831,2017-10-10,-0.018243243243243334,-0.02432432432432441,0.2960979530898517,28980.0,196967.05354364938,2500,124494806,79957473,997621,1625402,11006485,13731855,14861915,13690302,21824163,14787048,14957734,8246389,6908318,5633906,9483795,5417197,44454775,16825374
297,000833,2017-10-10,0.008443908323281013,0.0012062726176118588,0.31750273725799344,11620.0,67046.38037326826,681,13908223,8147538,811040,767261,2951845,3204092,3418536,1670092,2025715,1221889,1219252,866569,1009218,0,912881,417635,1559736,0
298,000835,2017-10-10,0.014659685863874117,0.006282722513088812,0.37932217776673044,11520.0,51517.11010698903,633,8582762,10402528,867373,744255,3454904,2577612,1862635,1874357,1256506,2324325,461314,1959794,680030,0,0,922185,0,0
299,000837,2017-10-10,0.01055408970976246,0.005277044854881341,0.2548789001099518,8721.5,63642.52741641336,884,13250160,14675282,850712,831913,2735885,3859254,2822066,3042482,3636334,2196684,503731,2446111,701992,1322586,1355720,415395,643720,560857
300,000838,2017-10-10,0.005714285714285783,0.0014285714285713347,0.15494532028263458,16077.0,125465.2494336223,2044,53031574,40401058,1637807,1893617,10794372,8011408,10599602,7592482,11126238,9028792,4862626,2959873,3114729,2074035,3163554,858698,7732646,7982153
301,000839,2017-10-10,0.025709219858156107,0.02393617021276606,0.19920085011890645,96390.0,829475.5428025997,3210,435332544,554458235,689158,755550,10823233,10189882,18829104,14615337,38031855,35713220,37657232,35108128,26373643,29904178,23573578,22904091,279354741,405267849
302,000848,2017-10-10,0.03652517275419531,0.02764067127344516,0.21639385901010316,30390.0,268511.4411740278,2194,118886237,133588283,1302734,859535,10917823,6637596,11921593,8634032,18545070,14438885,12810857,15620556,8824997,11726563,9158547,5932731,45404616,69738385
303,000851,2017-10-10,-0.00679694137638065,-0.01189464740866597,0.3411621743289452,17460.0,159208.94286197962,1190,45314897,32688835,543502,1032714,4645591,6435501,4522953,4127316,6527856,5370669,5173778,3182067,3144176,2844158,4584509,1341700,16172532,8354710
304,000852,2017-10-10,0.008148148148148016,0.004444444444444473,0.2998013251937988,24120.0,82281.50136129845,2028,59077591,46600833,1484221,1118301,11034243,10205056,12691498,9410587,14930673,12863032,8511405,3164891,2983774,3758589,3030689,2705274,4411088,3375103
305,000856,2017-10-10,0.02481121898597638,0.02445163610212142,0.5220687964978645,45760.0,323222.2488076004,2839,170075579,186332377,1014034,1075764,14820088,13458826,17548244,16102544,26918459,26754465,16620520,19091381,14497787,11126341,10482060,11001178,68174387,87721878
306,000858,2017-10-10,0.010932695592757113,0.0010249402118209794,1.0261656397061099,99399.0,509908.5693303398,3255,402608571,388157673,352086,738598,8585101,12152937,18825742,20691968,37131802,41588913,37183649,33670708,29728807,29453274,27800894,29204030,243000490,220657245
307,000860,2017-10-10,0.006509764646970506,-0.001502253380069929,0.5287446932389791,19990.0,152474.02295020837,1426,34640064,45684840,1094116,1229238,8956867,4648571,4497653,4228654,6279053,7002933,2928440,3642930,2265564,2715573,1263267,3054323,7355104,19162618
308,000861,2017-10-10,0.021505376344086002,0.008064516129032251,0.16799296037491235,7460.0,92132.3387282245,490,5318592,9188372,484482,480255,2001421,1410897,1271285,776686,1042926,1707971,518478,225060,0,2153503,0,0,0,2434000
309,000863,2017-10-10,-0.0027855153203342198,-0.00417827298050133,0.32052308507740523,5012.0,55719.99695116751,501,8326130,4067365,463276,325342,1703536,914437,2353429,929817,1918667,552633,465204,986136,356500,359000,469574,0,595944,0
310,000868,2017-10-10,0.054451166810717266,0.0855661192739845,0.1946436889161357,156299.0,1760583.5935951914,3570,831513266,977861052,387784,368078,7472185,10124660,17070827,21293093,34680414,53763659,36749852,44871196,25871794,44931460,26745649,34311939,682534761,768196967
311,000869,2017-10-10,0.0020915032679738044,-0.0023529411764706687,0.9495137976620093,38290.0,128880.25470021492,1623,70513440,54535417,756807,707950,8696319,7644082,9520365,9615234,17827875,10901181,8583240,8855658,7821893,5127351,3590484,2699397,13716457,8984564
312,000876,2017-10-10,0.009446693657219951,0.006747638326585648,0.1710790265115067,11190.0,179129.1539690385,1878,38060836,53983095,1370443,1796937,5450603,8332498,8701345,6782056,6335573,7851431,3226988,4988199,3783961,3730887,2120070,3125172,7071853,17375915
313,000877,2017-10-10,0.019496344435418367,0.017871649065799966,0.2343894439923681,38936.0,308068.08244807966,2760,165948209,200833914,1135891,1254098,12696294,11014412,13502994,15202332,24543840,25489438,16578819,22395511,13806087,16488227,12522955,13455773,71161329,95534123
314,000878,2017-10-10,-0.023907103825136722,-0.03073770491803285,0.2646933206470065,38596.5,236887.92730057135,3062,195818410,128034329,1103075,1085029,22717154,13080246,18701121,15543710,33153441,22632658,15227573,20764186,15726859,9020686,14745808,5976211,74443379,39931603
315,000880,2017-10-10,0.013309671694764935,0.008873114463176623,0.5379475353810476,11330.0,51285.75285495131,438,4762256,6530960,330188,399743,1603349,2040216,1104909,1475462,1496610,1187241,227200,291798,0,0,0,0,0,1136500
316,000881,2017-10-10,0.001814882032667775,0.000604960677555777,0.5812246175519639,13232.0,85131.35342344095,808,13951074,13702242,889434,652175,4259001,2951188,2794074,2748150,2975240,2774253,231000,1206245,331200,631032,481895,403256,1989230,2335943
317,000882,2017-10-10,0.008403361344537785,0.0028011204481792618,0.12023139915993812,7539.0,156845.1997223952,883,14599580,26592264,596707,1051780,2467918,3469711,1605103,2390120,1572258,4430336,1771361,2439716,1754200,2335111,1313082,1370117,3518951,9105373
318,000883,2017-10-10,0.0,0.0,0.13614422753487113,2520.0,37197.171134628625,1373,10245787,7233126,1571160,1093596,2329236,2162883,1920413,1261804,1949801,864745,958847,794733,608019,1055365,405810,0,502501,0
319,000885,2017-10-10,0.020746887966804906,0.0010373443983402453,0.45502975792961625,23172.0,92936.65824504626,1795,49086378,44000539,1270766,1608196,9292773,10050979,10252091,8906148,13833397,8829291,4546889,6301721,3240787,2132470,1346394,2121179,5303281,4050555
320,000886,2017-10-10,0.02170767004341534,0.026049204052098318,0.1847188960332073,18630.0,182768.70090330197,1401,38560089,59050208,851138,1138826,4337277,6577677,5535156,7259945,8384747,10156988,5725334,7475552,2289289,6053291,1321628,2252334,10115520,18135595
321,000887,2017-10-10,0.007547169811320753,0.0037735849056603765,0.5129284478196146,21065.0,196143.84503214597,1708,82034475,50599213,1049943,662634,7822085,8842901,7029731,5954248,12300355,8692865,7696032,5494335,6448284,2664577,5585992,3539822,34102053,14747831
322,000888,2017-10-10,0.0053050397877982824,-0.0017683465959329459,0.299557394563604,4520.0,48193.787401560556,1425,17207494,7639206,3945239,396455,3833855,2447418,2048736,1691008,2528503,1860158,861790,508500,1124147,735667,0,0,2865224,0
323,000890,2017-10-10,0.0025316455696202667,-0.005063291139240533,0.25980327535384784,7860.0,117402.38357576779,925,23207423,12894377,955038,1189942,3217087,3020075,2161481,2191601,1668606,3290329,574947,805930,1773803,1010794,1365744,1385706,11490717,0
324,000892,2017-10-10,0.00848484848484854,0.004848484848484658,0.31808025341128915,14008.0,88704.21957158824,672,12931078,10494785,906934,488175,2935531,2914669,3189721,2646353,3513683,1074797,542454,661135,0,332400,405184,412673,1437571,1964583
325,000893,2017-10-10,0.026490066225165476,0.01655629139072845,0.29013118327895765,12754.0,53633.56236054575,975,16065855,15915469,910484,1051968,4371961,4097418,3866114,2662794,3742797,4876852,2042230,2033005,690289,791212,441980,402220,0,0
326,000895,2017-10-10,0.014973694860380249,-0.0020234722784298054,0.4408892419119775,61275.0,264021.74161019194,3149,263525687,220038187,1881049,708328,11667315,14640572,18412761,15476350,37034635,28243980,37426916,26382919,29936184,23131599,24312017,10640395,102854810,100814044
327,000897,2017-10-10,0.004672897196261516,-0.00233644859813098,0.14898049936249494,5550.0,56882.24681605056,826,10335554,6335058,1017475,1239173,2890975,1831248,1653720,629686,1673390,657647,1207126,969081,0,0,0,426999,1892868,581224
328,000898,2017-10-10,-0.021374045801526687,-0.02442748091603053,0.12529134702074718,18004.0,222280.89500827627,2741,150671784,94017295,1575117,2507097,8504298,11905916,8534017,11165574,18346929,14885103,16640365,10264710,18674336,10499115,11904436,3128333,66492286,29661447
329,000899,2017-10-10,0.007947019867549754,0.0066225165562914245,0.19831908374487778,11340.0,79479.03607837482,1450,23709323,20534579,1682412,1293246,6559816,5976468,5481623,3142788,5437173,4435105,1625239,506327,695886,1406081,0,405752,2227174,3368812
330,000900,2017-10-10,0.009868421052631415,0.008223684210526327,0.19885477140174335,8526.0,149383.2089940584,935,21768410,19045072,487587,1464581,4088232,2599996,2262326,1709866,2432364,1354265,717692,794858,2175544,685744,1873940,1836743,7730725,8599019
331,000901,2017-10-10,0.006143344709897525,0.0013651877133105117,0.7333126973585934,23384.0,154988.26922496915,1596,54847868,45145536,761582,1408044,9019166,7529453,8653708,6846098,11559126,10301200,6134167,4735535,3139442,3415421,2311081,2664945,13269596,8244840
332,000902,2017-10-10,-0.004882812500000111,0.0009765625,0.2718908553031574,8192.0,56826.47577320939,1419,15301050,20665698,978096,2228382,2880816,7780363,3573615,2442628,2903876,3239474,3549703,1312546,349174,1703332,440510,0,625260,1958973
333,000903,2017-10-10,0.002457002457002311,0.002457002457002311,0.12033357630351779,6528.0,105317.44823652302,1146,20983982,17758513,1147315,1342706,4309270,3262034,3114327,2156912,3607268,1871379,746226,2511498,718355,968288,895400,829688,6445821,4816008
334,000905,2017-10-10,0.035820895522387985,0.02761194029850733,0.29313221548185786,27140.0,126314.49169630074,2090,67377815,83068104,1088691,1595086,9094604,10923982,9008631,11360235,14395175,16479230,8231911,14447100,8626183,9285114,5852980,5785980,11079640,13191377
335,000906,2017-10-10,0.00877192982456143,0.0010964912280704286,0.38965908970576035,5478.0,31698.86645656619,547,6883968,3951388,1060306,376059,2200020,1831505,1733647,1043743,1660766,700081,229229,0,0,0,0,0,0,0
336,000908,2017-10-10,0.021476510067114152,0.020134228187919323,0.2385674316852177,11385.0,77008.61922074418,975,14949702,21466262,892439,952134,3498772,4508620,2612777,3659773,4058844,5052705,1364319,3125306,1760271,1646869,0,0,762280,2520855
337,000909,2017-10-10,0.015086206896551824,0.015804597701149392,0.39403504333287737,18512.0,93004.77589869399,1248,32833250,32508759,934368,922202,6188261,5172812,4970076,6200798,9815104,6306942,3191532,5190456,3645029,2665330,2258258,1382093,1830622,4668126
338,000910,2017-10-10,-0.0009289363678587348,-0.010218300046446971,0.49783066297269996,4294.0,52238.07360439014,1873,16742172,11472167,3424652,1887761,4632832,2522412,1238683,1314483,1954698,2186653,1369977,878436,1376688,639676,840560,858096,1904082,1184650
339,000911,2017-10-10,0.004255319148936287,0.0,0.40913410283765095,11760.0,44842.014362220114,824,11868664,10360213,679959,631572,4145781,4404874,2277774,2518574,2371440,1729511,1803365,724982,0,350700,0,0,590345,0
340,000912,2017-10-10,-0.0031779661016948513,-0.010593220338983023,0.2183530354717916,14928.0,55499.92174236197,1870,38569502,21973937,1816051,1551912,10956083,7837734,9486659,5376488,7318525,4910460,3454183,740426,2773192,695334,1376015,861583,1388794,0
341,000913,2017-10-10,-0.012665198237885478,-0.009911894273127775,0.8708932782154288,16209.0,53429.141085109404,434,9127043,4541620,410899,310151,2584370,1969489,1488406,818548,2397169,1172232,701219,271200,670338,0,874642,0,0,0
342,000915,2017-10-10,-0.005706134094151105,0.003423680456490885,0.9104834270471948,21204.0,124902.08019965969,1482,41316750,47562950,859388,590548,7971970,7536240,6796610,5686691,9679943,8980187,5156333,6087898,4860609,5194317,1375852,1801499,4616045,11685570
343,000917,2017-10-10,0.022492970946579316,0.009372071227741197,0.27943326908312194,21560.0,168677.8433925779,1458,49010056,63145853,773126,1105030,5620659,7183331,5191329,7013924,7894866,10424418,4333025,9615256,5101306,6495924,3171667,2274731,16924078,19033239
344,000918,2017-10-10,0.004201680672268893,0.0028011204481792618,0.27653265131658705,14240.0,118521.35754598405,666,17735489,12472351,775644,471026,3156869,2443756,3327595,2636084,2069525,1856376,1277414,1764738,960814,2102058,1409094,492608,4758534,705705
345,000919,2017-10-10,0.033175355450236976,0.026540284360189403,0.24314151633183578,32130.0,151506.50727445772,1883,55486744,88688400,518557,1057031,7390312,11750548,7177073,13607361,12335679,21245733,8311454,10240263,5428622,8861293,3088889,3882806,11236158,18043365
346,000920,2017-10-10,0.01413133832086455,0.007481296758104827,0.3193188667237073,21870.0,88210.32563224697,1419,40731019,31471982,982854,846387,7722851,6474449,7722437,6494500,9403181,6454257,8014888,3502867,2774037,1793509,815283,427130,3295488,5478883
347,000921,2017-10-10,0.009272467902995851,0.0021398002853068032,0.2998327378626798,29515.5,217461.96437061936,2188,107067596,88682385,1388603,1075951,11807796,9349834,13742643,10241405,18686900,13143918,11553555,9928373,8568778,5312940,7193645,3530805,34125676,36099159
348,000922,2017-10-10,0.0,-0.007100591715976212,0.2793223038822477,16800.0,97999.9296351816,915,22981054,19961469,820343,684154,4952844,4058977,4199081,3258745,3928520,4395789,2746449,3119901,2094314,604440,856641,484150,3382862,3355313
349,000923,2017-10-10,0.027689030883919052,0.019169329073482455,0.7089604211111217,28100.0,129856.97187710188,1579,43335396,54285293,1193125,757864,9098892,6753657,8159231,9752775,8918765,11814778,5734836,6837100,1039448,3823534,1404047,2257189,7787052,12288396
350,000925,2017-10-10,0.0005733944954127157,-0.005733944954128489,0.7133864267944104,13872.0,96918.72766734909,597,13820150,10282311,344513,769196,2341474,2440648,2208343,2958004,2510280,1732577,2383996,229558,1675194,684396,803850,415072,1552500,1052860
351,000926,2017-10-10,0.006472491909385036,0.004045307443365731,0.3371889115662684,12420.0,135857.4489678218,1344,33939618,33612237,1615197,976146,4684016,4799285,4531162,4771472,5051184,9207641,2042835,3710790,2483560,3168848,888878,899208,12642786,6078847
352,000928,2017-10-10,0.005966587112171684,0.0023866348448686736,0.24569365772970295,10855.0,73218.36128437643,1163,19231602,19357576,1126791,1116167,5157638,4851681,3474161,4703173,4192789,3073389,1266398,1748497,2385065,314879,489216,1860333,1139544,1689457
353,000929,2017-10-10,0.048201989288446656,0.009946442234123776,0.6318778818703669,11898.0,63427.97725071548,427,4980338,7078047,294255,378865,1570336,2130211,1076186,1246247,1492853,1541934,217958,0,328750,338726,0,0,0,1442064
354,000930,2017-10-10,-0.008304498269896099,-0.00761245674740485,0.2567483705516575,63184.0,312057.980612318,3170,254813815,214468337,965515,834857,12292226,13891068,20948545,22551048,36464817,40435881,29910832,26233825,21338956,20320706,17381161,12952242,115511763,77248710
355,000931,2017-10-10,0.014473684210526416,0.015789473684210575,0.22411870943056986,15340.0,95189.9566013967,1150,18484233,28238965,933011,1121318,5128147,5957142,4539082,4783924,2586600,3497101,1543101,2335474,697619,2002513,1365366,1867049,1691307,6674444
356,000932,2017-10-10,-0.0344444444444445,-0.0344444444444445,0.2002732240053686,21725.0,327686.1027276912,2020,66169681,162078451,38337,3248494,905658,15125595,2546243,13644467,5623262,21750564,5574754,15994167,4520785,10804924,2663670,7896680,44296972,73613560
357,000933,2017-10-10,-0.03209019947961833,-0.02254986990459673,0.2090121976977269,34320.0,305344.0200599843,3048,201781650,160574579,1928588,1353835,13578011,12774551,17476449,15419883,29630761,23539803,20150722,15482244,10031154,10108055,10915175,10954822,98070790,70941386
358,000935,2017-10-10,0.02088167053364276,0.01948955916473305,0.39851901900067754,43130.0,250020.1687795499,2926,139251390,163350306,1273094,1223616,16132555,12026460,18025746,17484163,29381378,28515665,16783711,20547597,10602632,12822064,8504030,10352687,38548244,60378054
359,000936,2017-10-10,0.009859154929577452,0.0028169014084507005,0.283185576527791,12807.0,111456.66303775106,628,17208302,13003454,529241,784500,2597104,2671842,2302850,2523045,1300957,2385276,1252071,1132381,717204,1076294,1727627,480562,6781248,1949554
360,000937,2017-10-10,-0.005822416302765698,-0.008733624454148492,0.15612735717409765,13600.0,129189.53564115799,1939,61910360,32484874,2299011,1538081,7224564,9185305,7584767,4787441,7331860,5745107,5281652,1938608,5269297,2716508,5837853,2641483,21081356,3932341
361,000938,2017-10-10,0.0023573785950024018,-0.005343391482005355,1.286004203916351,44443.0,228057.88795603375,2449,140773526,146410648,1601043,945832,8614679,10092714,13580187,13656215,21311716,23644530,18823393,18387332,17489421,12140526,11919546,11020232,47433541,56523267
362,000939,2017-10-10,-0.003527336860670083,-0.024691358024691357,0.12800878732092252,17174.0,341738.42328206747,1967,100086158,71691184,1200600,1609033,7168217,10330836,6595893,9149711,9120084,10825710,5997068,3533911,6596915,3728940,1283221,4641727,62124160,27871316
363,000948,2017-10-10,0.03602882305844668,0.02642113690952752,0.35788521303191323,14102.0,129532.49786415393,1218,23743572,32185373,971509,860468,5698394,5671463,4337928,5051710,4357992,5301431,2934018,2799524,960415,2869521,413126,472500,4070190,9158756
364,000952,2017-10-10,0.020446096654274992,0.019826517967781898,0.4506807685569807,21307.0,133569.93884911976,1282,28989390,46726145,988045,1192944,5038154,7844349,4964154,7617480,6558458,9509203,2749800,5099757,2700079,3913904,3240477,3583744,2750223,7964764
365,000955,2017-10-10,0.004405286343612369,0.010279001468428861,0.26499708749720596,9945.5,76484.43561669654,660,9445577,11441511,713508,584172,3076759,2039084,1909697,1873536,2537891,1798410,711822,1224116,0,343712,495900,469021,0,3109460
366,000957,2017-10-10,-0.007367716008037428,-0.0026791694574681557,0.27242923108096256,50490.0,294942.89611958025,3009,222037894,166654937,1067734,1116150,12525472,12205612,19194475,17503580,33841258,30681704,25340665,18840724,21734814,17389585,19868259,10676859,88465217,58240723
367,000958,2017-10-10,-0.002614379084967422,-0.005228758169934622,0.19613990086056596,15180.0,128052.9656150156,1522,43754095,29436899,1579359,1253861,8311579,5506796,8127208,5215706,5927372,5060337,5781806,4939495,2952387,1784569,1371632,1768947,9702752,3907188
368,000959,2017-10-10,-0.008547008547008517,-0.009971509971509862,0.17817821760181185,7601.0,77860.07782221104,1559,23693641,27448252,1046709,1495685,4100121,5015347,3821486,5420759,7665353,6293167,1786709,5863341,1707373,0,0,443928,3565890,2916025
369,000960,2017-10-10,-0.03333333333333344,-0.03333333333333344,0.2856691704029189,70048.0,471740.65272513067,3101,371236921,233119874,1190977,935673,10337994,12509129,18864844,17951160,38170159,37160548,29709064,26867186,25902379,21415820,24681065,19915394,222380439,96364964
370,000961,2017-10-10,0.012598425196850505,0.0,0.16475243460687858,11448.0,124874.79466439183,1487,34047077,32606522,1483462,1155333,6850224,5124461,3947303,3529621,5518893,7040146,889095,4064966,3901889,3112039,1238088,2250480,10218123,6329476
371,000962,2017-10-10,0.012089810017271274,0.013816925734024155,0.24218748535136767,35220.0,169204.24887674427,2289,106178410,110570173,1031488,1018731,10237536,10089497,11901610,14041535,19886824,18947065,14753118,12809488,12442062,10499797,7998561,8007186,27927211,35156874
372,000963,2017-10-10,0.028259991925716488,0.027452563584981826,1.0497719165131458,50620.0,303437.21169608406,2228,104007363,181388240,587287,701552,9052589,9406155,11735619,21813384,13703279,21564723,10645209,14267084,6338718,11537185,6701951,8099827,45242711,93998330
373,000965,2017-10-10,-0.0014025245441794398,-0.005610098176718092,0.23265510668324282,13490.0,151744.13512848874,939,30184704,13780626,852790,1006761,3781899,4359361,3889415,2564813,3171805,2805224,2010034,538021,3452427,2506446,804133,0,12222201,0
374,000966,2017-10-10,0.002132196162046851,0.002132196162046851,0.2059620762612103,5392.5,77773.616061511,518,6695907,6123610,542673,691848,1831633,1744435,843776,863447,575118,1004256,234000,686571,635971,718873,0,414180,2032736,0
375,000967,2017-10-10,0.005213764337852034,0.0010427528675702735,0.3521425217742347,14370.0,67880.5627428285,741,16769576,6925545,512080,981062,5618060,2144908,2834648,1397790,2269912,1554259,2034933,533606,1397584,313920,938878,0,1163481,0
376,000968,2017-10-10,-0.020231213872832443,0.009248554913294793,0.4359729813990006,20652.0,98567.43791532301,1576,48917955,35318102,1075725,1079962,7035334,7331999,8890024,8154162,12341478,5670785,5393925,4074482,3800414,2975096,3515976,1347431,6865079,4684185
377,000969,2017-10-10,-0.011981566820276401,-0.015668202764976935,0.26915321055460345,21400.0,123641.83904460842,1626,64953812,37972252,894026,937432,7097440,7432173,7873086,7096595,12580340,9305785,8354511,5333768,6539474,1432824,3522182,924301,18092753,5509374
378,000970,2017-10-10,-0.01595159515951594,-0.023652365236523587,0.33265626889985206,55319.5,368467.25132690364,2988,276598188,212914599,848791,1298917,12654223,13387794,17473477,17476766,31979359,32129056,25100686,24962481,22568040,14831818,21126358,16962773,144847254,91864994
379,000971,2017-10-10,0.001179245283018826,-0.0035377358490567,0.6699766021742383,11872.0,50946.01304249743,640,10183712,6350721,593638,422613,3051333,2584841,2228779,1356460,1852390,1152393,742255,834414,678600,0,417677,0,619040,0
380,000972,2017-10-10,0.007075471698112956,0.004716981132075304,0.24861424258702974,10188.0,84489.19951663645,290,3846752,6085002,251463,259867,1398936,1529035,398223,704287,1121267,871378,676863,722080,0,382500,0,0,0,1615855
381,000973,2017-10-10,0.012360939431396822,0.008652657601977864,0.1842116653818537,21073.0,165137.5012799084,1930,58437374,64129335,1699236,1510904,10665333,9226752,9417127,9185214,10911877,10126457,5203350,7048822,5371567,3443360,2153308,1737469,13015576,21850357
382,000975,2017-10-10,0.0007183908045977905,0.00287356321839094,0.4476126120937087,13930.0,73241.67624772998,967,19464195,8829777,434372,1042533,10262759,2519961,2538717,1184825,2323038,1608721,1337708,683068,676266,389478,0,0,1891335,1401191
383,000976,2017-10-10,-0.011603375527426296,-0.01793248945147674,0.3176980248133942,14122.5,112611.6717478028,890,26531376,23425149,314156,1635479,2574996,4021522,4566037,4612231,5318369,4041951,3042150,1043313,2843485,2061652,4580777,2838222,3291406,3170779
384,000977,2017-10-10,0.0362244897959183,0.03673469387755102,0.34878846488437043,96873.0,682380.5901303878,3161,380722710,527791977,765902,871476,9422046,12245312,16947471,18711698,38172566,39117409,34073246,34015599,25032077,22323690,20993248,26617667,235316154,373889126
385,000978,2017-10-10,0.008316008316008316,0.004158004158004269,0.3160307063535758,9580.0,47430.95012097147,926,11737917,11188123,1056773,1395059,3821493,2508661,3487716,2156043,1978288,2180200,724265,1078969,669382,1350986,0,0,0,518205
386,000980,2017-10-10,-0.019404019404019368,0.001386001386001423,0.2608877898483922,63167.0,410241.6758456333,3065,283654863,270467034,842035,852904,13784953,12036234,18693963,16706098,32076055,29516542,28502271,22392237,29071313,24458977,17919379,20283104,142764894,144220938
387,000981,2017-10-10,-0.01039501039501034,-0.01039501039501034,0.3532492167485201,4760.0,67072.25069751583,741,10001046,7461818,451168,1223096,1472937,1931317,1494047,864713,2024655,291618,697836,1700799,1803609,766021,930100,0,1126694,684254
388,000982,2017-10-10,-0.02934537246049662,-0.018058690744921058,0.14973911473005347,8740.0,94976.88836449863,876,18523393,11345443,858322,838482,3085574,3124029,2958975,2175999,2382336,797238,1854362,1346002,1052632,2017118,1349728,0,4981464,1046575
389,000983,2017-10-10,-0.019493177387914118,-0.022417153996101447,0.1942464284887624,54324.0,317320.59702487674,2799,240018634,150693092,849899,1245882,6806037,10124351,11843994,10084027,59940169,29146690,15565569,22476963,18333242,14630406,15371227,7537967,111308497,55446806
390,000985,2017-10-10,0.0,-0.008500772797527034,1.160988966695309,15375.0,72656.36232722222,496,11176196,6040341,268568,369896,2567238,2261753,1849013,2214906,2263589,841970,1018053,0,691229,351816,400296,0,2118210,0
391,000987,2017-10-10,0.009482758620689813,0.006896551724137945,0.47013124751413476,11660.0,41041.014684231,608,7755248,6964708,502518,545597,2571847,2700553,1727476,1781259,2088096,974415,514911,264420,350400,698464,0,0,0,0
392,000988,2017-10-10,0.032165422171166025,0.028719126938541173,0.31580665566196964,55087.0,374127.6864220863,3041,225812312,297883559,994682,1160246,14723086,11449104,15848485,17858141,30498296,34245711,26884459,23639274,20865395,22319155,15979672,14341296,100018237,172870632
393,000989,2017-10-10,0.012793176972281328,0.013859275053304865,0.5146948959225608,11412.0,115763.2227454972,1328,24625768,37135381,2095790,885690,5300533,5641009,2959185,6253041,3113584,6425706,1214237,3296168,2874133,3470539,889066,2703366,6179240,8459862
