,code,date,pchange_whole,pchange,change_std,amount_median,amount_std,length,sumsell,sumbuy,sell_vol_0,buy_vol_0,sell_vol_1,buy_vol_1,sell_vol_2,buy_vol_2,sell_vol_3,buy_vol_3,sell_vol_4,buy_vol_4,sell_vol_5,buy_vol_5,sell_vol_6,buy_vol_6,sell_vol_7,buy_vol_7
0,000001,2017-09-14,-0.00962379702537175,-0.011373578302712128,0.21180543479658012,57150.0,823564.5502678718,2915,437558009,331438392,740010,1546215,8769713,12590533,12037210,18442282,27151135,36467333,19536951,22069916,19948632,16763065,9232042,9688007,340142316,213871041
1,000002,2017-09-14,0.06904577191621408,0.05934833204034118,0.4360683445684792,264811.0,1154244.7936257138,3500,854033234,1208888686,342977,262825,6383643,4997871,14261856,14302646,42937890,37340996,44607285,26130053,38328327,41753085,37169741,44413455,670001515,1039687755
2,000004,2017-09-14,0.015815085158150888,0.01703163017031617,0.8468393283720399,15072.0,47800.51987760986,848,11874455,13200526,662071,657696,4997543,3600351,2967641,3595592,2361591,2829137,225000,1792360,660609,0,0,0,0,725390
3,000005,2017-09-14,-0.00952380952380949,-0.007619047619047636,0.11878155425577895,14040.0,76835.32824945838,1959,47931644,31468571,1555179,1383414,9301196,6962704,9968704,6140077,10328147,6463710,5880715,3807663,5085027,2128449,1800562,1236468,4012114,3346086
4,000007,2017-09-14,-0.0012828736369466798,-0.0057729313662604476,0.7702106397295929,10843.0,114200.07351416624,409,8962442,6997372,279941,407873,1722325,1462353,1584869,1031362,1625049,861664,1011259,525506,692109,372480,0,0,2046890,2336134
5,000008,2017-09-14,0.016826923076923128,0.0036057692307691624,0.29132351026342335,10008.0,81139.62894082523,815,18770742,11327415,1141415,738457,4669747,2619660,2582170,1841610,2570077,2803786,1392942,1206206,1377138,709486,2689795,838000,2347458,570210
6,000009,2017-09-14,-0.02789256198347101,-0.025826446280991733,0.16922331274577906,73732.0,649600.0936271931,3279,401698250,315653652,1044503,985329,12421497,12249916,21160591,19553602,40009871,39361804,31965608,33930656,25490333,21048838,20236781,22840317,249369066,165683190
7,000010,2017-09-14,0.0,0.0,0.22504098003507936,5599.0,57953.24070246829,511,7119833,6132779,415983,473523,1531220,1384877,980329,1641080,1940032,1186953,503467,666290,706386,780056,0,0,1042416,0
8,000011,2017-09-14,0.015518913676042745,0.01697381183317148,0.39552367095939034,46332.0,188209.82750453035,2719,133762197,150945436,745554,728695,13223442,13471276,18542491,18603536,25970854,29053702,20845060,19045253,16707056,14973584,8354524,7402270,29373216,47667120
9,000012,2017-09-14,0.01834862385321112,0.01834862385321112,0.15973920420117682,58250.5,308368.3400947989,2984,190117238,277629939,1279009,1336260,10796851,12720241,16480492,19397945,28182484,38484015,19469925,31483678,15400421,25343556,12861594,19545053,85646462,129319191
10,000014,2017-09-14,0.008144269924374559,0.0046538685282140335,0.570863857360819,14699.5,59647.86638623612,906,16429928,13654144,882197,824952,4046058,3673052,4490451,3563930,3243456,2180521,1458128,2155707,1017490,347200,433249,908782,858899,0
11,000016,2017-09-14,0.03401360544217691,0.003401360544217802,0.18672719576780458,9472.0,73338.80736409198,992,14487401,16141876,456903,1494593,2430026,4591610,1621414,2724228,3368229,3172678,1758349,769223,605118,605937,906488,933756,3340874,1849851
12,000017,2017-09-14,-0.004932182490752002,-0.0036991368680640013,0.3427762288855804,8921.0,42071.88400167283,559,7643333,4466551,649746,569149,2998289,1983578,1667290,989102,803642,383786,225711,223835,377336,317101,921319,0,0,0
13,000018,2017-09-14,0.005063291139240533,0.0025316455696202667,0.19119137594929347,18996.0,88590.00778201432,1708,28995574,61276308,1121206,1748440,6664963,9192367,6033921,7283906,5624431,27980946,3211838,5567439,701097,2974197,1677485,1283441,3960633,5245572
14,000020,2017-09-14,-0.015306122448979664,-0.0035714285714285587,0.9645542271323555,11700.0,39975.72333024327,412,5702380,3804913,478028,544568,2345248,1675687,1238193,503516,881411,783982,0,297160,759500,0,0,0,0,0
15,000021,2017-09-14,0.0,-0.00219780219780219,0.21593132831759618,8235.0,81541.57748991123,1777,31620253,23982034,1882744,2095873,6703191,5634009,4790714,5193483,5701684,3982021,4216536,3954978,2361264,0,1827018,1899540,4137102,1222130
16,000022,2017-09-14,0.003334568358651424,0.0022230455724343567,0.8210564545513034,21548.0,106341.63609243253,1080,27024157,28539112,925899,621314,5497155,5069425,5651270,4735687,6165306,5479303,3624754,3234313,688468,1416300,457980,846586,4013325,7136184
17,000023,2017-09-14,-0.00040322580645169026,-0.0024193548387098085,0.9487429104149431,17381.0,59257.26988859804,683,15970715,9384636,414237,569535,3634144,2532670,3248736,2271634,4504659,2796551,2886512,714646,673331,0,0,499600,609096,0
18,000025,2017-09-14,-0.01512569237324246,-0.005752023860247091,1.064215331813604,23415.0,77810.50928683164,1945,60634897,36986006,1760013,1727856,11638562,8248191,15146529,9297857,13007551,8957111,8232376,4796758,3079676,1459203,2268467,1432888,5501723,1066142
19,000026,2017-09-14,-0.00588235294117645,0.0,0.3671389166609611,8344.0,75794.35256066184,1050,16265095,8211331,3430759,529728,3626532,2200077,1689170,1193328,1898797,1927861,1264309,744485,714880,0,497898,0,3142750,1615852
20,000027,2017-09-14,0.001524390243902607,0.001524390243902607,0.22846765670647617,6590.0,82285.01177682505,824,14170564,9179326,982346,728386,3684734,2136888,2889827,1279390,2594472,1199463,1654870,692335,328000,368672,0,461300,2036315,2312892
21,000028,2017-09-14,0.0025388291517323136,-0.006720430107526765,1.6838387951402276,13400.0,95191.59195471455,1582,33787038,22215760,834622,1188601,14359565,4828670,3713560,3141620,3429099,2750992,2334319,1818033,1630387,2089205,1827176,907064,5658310,5491575
22,000030,2017-09-14,-0.008667388949079147,-0.008667388949079147,0.2833381047014465,11999.0,98504.720096265,1061,27889601,14429911,1411264,878782,4649651,4529225,4330033,2545700,4218464,2898733,2926312,1192009,978742,739441,872322,436617,8502813,1209404
23,000032,2017-09-14,-0.007633587786259555,0.00832755031228305,0.3728480310697662,15977.5,96586.27919394523,1494,36585248,27690356,940577,1266299,7345139,7847646,6211525,5722702,8048095,6367619,4484148,1796585,2503789,2048881,939469,443289,6112506,2197335
24,000034,2017-09-14,0.03027522935779814,0.034403669724770714,0.5458506556077961,22405.0,196143.90902654617,1596,51683650,61297755,1207040,863771,8696828,7742503,6494417,4760267,8121165,8572791,5945466,7821402,3049030,3374517,920769,3572285,17248935,24590219
25,000036,2017-09-14,0.004524886877828038,0.0009049773755656076,0.22646838392660648,32813.5,217323.330823737,2382,102489558,108246232,1090495,1165561,10290090,11039721,13367947,13480477,22106857,19891696,13504816,12010971,8140837,9190547,6160349,6272507,27828167,35194752
26,000037,2017-09-14,0.015677491601343796,0.01903695408734607,0.2799971453674451,9080.0,84855.01503895187,1017,9833374,21520945,748213,1587801,3100927,4308076,2567349,3157844,837961,3715795,274065,1172226,994419,2329755,452500,975880,857940,4273568
27,000039,2017-09-14,-0.011134676564157009,-0.008483563096500557,0.39030168342347743,14944.0,174728.12942464015,2336,62541306,65510378,1770077,3729835,8911051,9902687,8433644,8487684,12031157,11584747,6273198,6864464,3817252,4100821,2113514,3570058,19191413,17270082
28,000040,2017-09-14,0.004084411164057222,0.004765146358066685,0.7320516824991629,20664.0,180367.21758249457,402,16220869,17509898,219656,270065,1197560,2302404,869865,1654507,3288463,2303529,2306827,2332995,1690081,718135,2689638,1330200,3958779,6598063
29,000042,2017-09-14,-0.0017241379310343197,-0.0017241379310343197,0.4988445000126677,1751.0,23296.2653779173,1217,5297240,3947186,1701816,1650973,1507793,1152893,1128035,422320,758452,122500,201144,0,0,0,0,0,0,598500
30,000043,2017-09-14,0.016007532956685555,0.012241054613935987,0.41285337899997493,23342.0,145106.56118680866,661,21426484,24139499,414362,365958,2862066,2792141,3044965,2590616,5056302,5797536,4155929,3295440,2055571,1027282,2329300,1789464,1507989,6481062
31,000045,2017-09-14,-0.004132231404958553,-0.0033057851239668423,0.33624762012307413,19360.0,107007.65189788798,1295,33134803,27005758,887095,974049,6885552,7081682,6035392,5461052,7566282,6150644,3644234,1446053,1365563,1731135,853514,855243,5897171,3305900
32,000046,2017-09-14,-0.0024449877750610804,-0.004889975550122161,0.2891331343429874,9834.0,154733.8367933809,800,16660991,17410187,733797,929133,3702428,3240765,2559623,1495739,2148316,2503535,1163637,746308,667405,327600,2660189,1377919,3025596,6789188
33,000048,2017-09-14,-0.0075018754688671585,-0.0037509377344336903,1.425347190687773,13240.0,770698.5647974146,349,3127892,18738826,323212,267772,1768772,1421190,903958,854332,131950,1300722,0,464845,0,0,0,0,0,14429965
34,000049,2017-09-14,-0.018000000000000016,-0.015454545454545499,1.0950714911970478,43320.0,237041.74289803347,2523,136070230,109819872,415075,1254070,8310286,14250466,18954843,16892138,24475259,21545737,13976137,11684707,12072184,5022874,9798929,3867623,48067517,35302257
35,000050,2017-09-14,-0.013157894736842146,-0.019298245614035148,0.4017736331188966,87555.0,492354.6957135847,3223,418066839,368418928,447753,1290781,9323440,12944212,16866241,20027533,32512282,39320721,32479270,35024894,26031956,27149721,32608153,24635877,267797744,208025189
36,000055,2017-09-14,-0.002564102564102555,-0.0064102564102563875,0.21390381547522727,10153.0,78623.94938220442,1330,29044051,15790090,1740885,1135079,6723396,4420928,5409706,2913094,4356578,2724314,3868954,202280,2566454,389000,1424944,422037,2953134,3583358
37,000056,2017-09-14,0.040000000000000036,0.041632653061224545,0.4183643306583088,19147.5,105773.24475886844,858,18192657,22328831,383218,854141,3563305,4974227,3381193,3686129,4083671,4143234,2037577,1442380,0,2411191,2189317,1779631,2554376,3037898
38,000058,2017-09-14,-0.012360939431396711,-0.0049443757725585735,0.27172336774520384,12952.0,73041.79196140851,886,18975525,9674231,936207,925708,5024678,3794392,2749590,1966837,4039692,2309201,3406768,678093,300510,0,404500,0,2113580,0
39,000059,2017-09-14,-0.009189640768588192,-0.010025062656641714,0.2703433256406143,33264.0,211996.07570451294,1961,107636741,76267249,951863,1057246,8899676,9161312,12227511,10715942,15846622,16088191,12028393,12855355,8375108,4784312,7393216,3576622,41914352,18028269
40,000060,2017-09-14,-0.03669724770642202,-0.02828746177370023,0.2307817591227433,57175.5,557159.2495076829,3216,340882678,275151865,855407,1657664,10733003,13123363,17161146,15692028,40666041,33211202,25129299,26814148,24349917,20532967,18257569,16847825,203730296,147272668
41,000062,2017-09-14,-0.01787016776075867,-0.013493800145878976,0.7123760018583487,21704.0,211883.5000079217,1481,69498997,32242514,807564,1295653,8060845,6105535,7913636,5469089,9974446,6365647,9158436,1521482,3339445,3774501,2106661,429918,28137964,7280689
42,000063,2017-09-14,-0.01524267950260727,-0.017248295226634514,0.4424738418824343,77190.0,572000.5597001156,3175,413255823,322342974,737015,1437553,10315047,11514856,15554407,19046021,35315981,42617767,32845878,34195063,27414532,29857120,22855174,21279248,268217789,162395346
43,000065,2017-09-14,-0.003966505068311976,-0.00352578228294409,0.7350838233942891,18072.0,70359.73704501828,952,22590901,12763946,777703,670500,5762434,4886174,4070666,2224976,5027962,2097959,1254121,2573347,2340095,310990,856740,0,2501180,0
44,000066,2017-09-14,-0.011441647597253968,-0.010297482837528626,0.18397963833892314,18207.0,223365.56766955013,2259,120517620,73439290,1710369,1641412,9333921,8463450,10208009,10495231,13614178,11490107,10180806,7180741,7228917,2732763,10043168,5424258,58198252,26011328
45,000068,2017-09-14,-0.018131101813110173,-0.02092050209205021,0.14420040184258345,21731.0,167771.97886069037,2479,95897267,57744131,2183032,1353698,14765001,10864224,11414822,10938428,16123137,10000953,11814730,8388228,5177247,4600872,4565246,2162983,29854052,9434745
46,000069,2017-09-14,0.031659388646288145,0.025109170305676942,0.17114659150201314,39102.0,442847.818486274,2872,208924209,244225392,1553719,1090312,15349241,6728057,16564459,9670623,34807065,21369509,23473161,13073441,15859999,14500664,21048079,16637983,80268486,161154803
47,000070,2017-09-14,0.01417769376181477,0.017958412098298737,0.2616288004083536,16200.0,216326.3246109888,1637,55750737,60699313,775902,1917920,5692927,7663826,5250452,5430820,9233792,9406826,4225275,5124551,4140351,4906194,4886491,3979280,21545547,22269896
48,000078,2017-09-14,0.0032948929159801743,0.0016474464579900872,0.136517476781105,20706.0,75766.22254123169,1981,27023582,40709731,1402509,1126501,6221747,18697116,4323593,5286504,4041417,8568612,2283371,1709247,2624674,2264471,2601379,469818,3524892,2587462
49,000088,2017-09-14,0.006521739130434856,0.007608695652173925,0.2225784027480296,18460.0,146047.35195627238,1709,49695532,50807472,1577167,1485629,7969805,7580768,8686327,8207261,9120723,7952347,6177655,4436261,3540619,2411873,2611188,5346842,10012048,13386491
50,000089,2017-09-14,-0.004618937644341958,-0.005773672055427337,0.24614412465563656,17250.0,194965.2793972149,1238,57297456,20179879,1657113,861032,8620265,3334971,7616892,2633388,9677095,2724548,2559480,2829619,2495523,1751090,3391478,1379337,21279610,4665894
51,000090,2017-09-14,0.01263689974726212,0.0008424599831509116,0.29379078828036204,16590.0,148381.46589096752,1633,54856625,39574883,994007,1219092,6313931,7493222,7087272,7229011,11196344,7233723,8063567,3966781,4068207,1025801,1780076,886755,15353221,10520498
52,000096,2017-09-14,-0.005509641873278293,-0.0020661157024792765,0.7242722871652345,14460.0,31650.03866457624,401,5098854,3800703,398129,265359,1830716,2365923,1200561,714059,1175141,455362,494307,0,0,0,0,0,0,0
53,000150,2017-09-14,-0.00037174721189581206,0.0033457249070631967,1.1475312969782276,13455.0,114383.55009845454,549,8755231,14576965,570092,344336,2409790,2015131,1131395,2356886,713178,3052257,1202528,1801645,1036381,627010,0,403500,1691867,3976200
54,000151,2017-09-14,-0.0010928961748634114,-0.0038251366120218844,0.5464579308598999,23946.0,135441.22058974946,1121,43715028,30508764,834991,765763,6164532,5013167,5629615,5358809,11286249,4712796,4640083,3887778,3530516,3539090,837932,868746,10791110,6362615
55,000153,2017-09-14,-0.008620689655172376,-0.010536398467432928,0.33154809492929227,11396.0,59251.03596779797,991,19068991,10490082,728764,748548,5122817,3693004,3390208,2425963,4423158,2968208,1868873,654359,1328713,0,0,0,2206458,0
56,000156,2017-09-14,-0.0006784260515603213,-0.0013568521031207537,0.5024561167603352,14780.0,170799.40864134848,860,34164761,13672737,708121,567300,4223802,2876244,2974426,2636358,5657731,2861085,1664770,506725,1827957,1739817,1702542,1830308,15405412,654900
57,000157,2017-09-14,0.002178649237472685,0.0,0.10511608816562136,9180.0,184929.23593394007,1913,46198388,43704254,2895676,1299489,6991280,6926174,4888054,4095088,5709357,7097084,4232929,2172342,1756286,2455730,3690070,2233009,16034736,17425338
58,000158,2017-09-14,0.0,0.0018348623853210455,0.2260683515518772,25070.0,228156.4170942482,2327,88659439,74900606,1497221,1035480,13442276,9428368,14521853,9895228,18261010,14405460,9927728,8668862,8911601,5782278,4792306,3479745,17305444,22205185
59,000159,2017-09-14,0.025073746312684442,0.004424778761061843,0.19858100025309297,16987.5,100859.16350199888,1166,25913774,28770796,1129256,775425,5753419,5406843,4463386,4867968,5632540,6636211,3212803,3225542,2824914,2460761,469800,408348,2427656,4989698
60,000166,2017-09-14,-0.0033444816053512794,-0.0033444816053512794,0.1272152921090766,11940.0,236208.85978062326,2215,74507145,65577481,1324221,2219200,7241260,10374942,6648676,7439879,6982276,9338142,6286455,6123842,5175177,3371970,2357675,2251487,38491405,24458019
61,000333,2017-09-14,-0.005350194552529164,-0.010700389105058328,0.7557165934602348,53404.0,404765.78589850786,2961,251766047,224674358,1061263,1538694,12724032,14742615,19803243,17730329,29006857,34328963,22938635,20385976,11326619,12750717,17544546,16992340,137360852,106204724
62,000338,2017-09-14,0.021080368906455815,0.007905138339921125,0.1315679146900179,32572.5,336934.1863662711,3338,194081774,201330486,1701151,1535168,14304978,20050443,17843253,17595989,24654987,23944392,14536314,17541297,18447724,16116004,8794118,12017436,93799249,92529757
63,000400,2017-09-14,0.0011293054771315258,-0.0011293054771315258,0.3467925391621962,19448.0,123456.988283759,2609,83693001,57951175,2851625,664099,21273261,8405085,12287609,8396295,15688755,11189216,8806214,4441667,5998192,6132683,3029165,1333207,13758180,17388923
64,000401,2017-09-14,-0.006752954417557744,-0.003376477208778761,0.30089666887191624,150700.5,847717.0558852904,3490,708348061,700933087,409441,437980,8464817,8613339,19996362,19945336,50465148,44201004,45271429,46866053,43695125,32783457,27030890,42050443,513014849,506035475
65,000402,2017-09-14,0.023648648648648685,0.013513513513513598,0.24930616922569335,23940.0,232886.0494045572,2257,94135469,112368831,1213563,1234949,9283628,9599068,9448882,9473620,14985731,14472010,10050999,12189402,9432402,7688825,6356711,6589464,33363553,51121493
66,000404,2017-09-14,0.011703511053315907,0.010403120936280708,0.1840439482879668,25789.5,182503.58310895777,1748,72259918,69791056,1525119,1006336,8627115,7105718,8860228,8762275,15550204,13027718,7066571,9067895,7406748,7164405,3107395,6446624,20116538,17210085
67,000407,2017-09-14,-0.00486026731470246,-0.00486026731470246,0.29608195778453444,9900.0,81532.55896298887,772,16819768,12462219,608388,613001,3359693,2566052,3326203,2421213,3849801,2026649,1531926,1753170,1454043,1022988,877641,411500,1812073,1647646
68,000408,2017-09-14,0.054470709146968055,0.0364850976361768,0.40453738090538915,45166.0,347737.58180550457,2320,184583257,203301556,774895,974944,7489731,10572540,11016479,9925923,19285898,20154512,15849679,19623918,14177731,13823907,15077637,10929372,100911207,117296440
69,000409,2017-09-14,0.022959183673469274,-0.010204081632653073,0.2147704605327786,15560.0,62668.2496131848,1333,32277977,14576295,1278545,1131812,8020088,4591174,7907236,3131071,6595635,4108421,2943956,0,1706113,684336,1279112,401000,2547292,528481
70,000410,2017-09-14,0.013143483023001057,0.014238773274917849,0.2789742731520063,12810.0,111083.0955580379,1071,25603516,19131746,1311787,891585,5501649,3554996,4717397,4238615,4182326,3073857,2387072,2448383,1354655,1076740,415410,1778773,5733220,2068797
71,000411,2017-09-14,0.019683149303888703,0.023523763802208553,0.8271110607792872,19201.5,100757.12080820955,634,10972312,17960559,511666,238244,3330539,3418160,1944147,2501269,2429088,2958434,1339982,861739,962574,1287390,454316,1283000,0,5412323
72,000413,2017-09-14,0.032936870997255285,0.036596523330283626,0.1843759680733445,226277.5,1778440.2269190971,3520,971849638,1356409314,288044,308744,6600528,8249619,15780674,15519299,35619992,45011219,42086321,43210997,33015745,38726360,47890998,33444903,790567336,1171938173
73,000415,2017-09-14,-0.004316546762589968,-0.0028776978417266452,0.15059934148264204,11104.0,61035.18754276126,2133,35952107,17724109,2530478,1413318,13355699,4007185,4108784,2400730,5683045,3714219,1965831,2177437,3856661,1690016,1272758,410050,3178851,1911154
74,000416,2017-09-14,0.004914004914004844,0.0,0.3106510882523552,10582.0,77852.91033414847,686,13184236,10746298,539733,561472,2567738,2512045,2550983,2560316,3363493,3324828,1453367,484187,696770,630230,0,0,2012152,673220
75,000417,2017-09-14,-0.015945330296127436,-0.006833712984054552,0.2119466570310732,26280.0,278151.2710142306,1718,67423046,54544815,837442,1500093,9817555,7428416,9814698,7420334,15860841,10548122,6541710,5911471,3112314,3495927,2195817,1324652,19242669,16915800
76,000418,2017-09-14,-0.0076749435665913746,-0.007449209932279821,1.261219522822034,19016.0,127592.75678985994,1233,43130269,28791099,1962599,668678,8704807,3269447,5867438,4549957,6553379,5455496,4062993,8392573,2061361,329304,946102,2247842,12971590,3877802
77,000419,2017-09-14,-0.008450704225352101,-0.008450704225352101,0.26670832409469813,5672.0,57828.9296292127,708,10883465,5032404,1136121,374062,3016657,1435339,1894273,1085029,2618602,485202,1012260,455178,0,319500,0,0,1205552,878094
78,000420,2017-09-14,0.002849002849002913,-0.005698005698005604,0.10101402521336471,8750.0,88144.59504848834,1211,21481100,21349100,1206287,895374,6118539,2858312,3292962,2847994,4087738,2721765,1186370,1779955,2768162,2787823,1333766,964764,1487276,6493113
79,000421,2017-09-14,-0.005502063273727487,-0.009628610729023324,0.29711576473404067,10875.0,63512.22869610328,598,12771326,5512582,685824,462312,2933520,1893424,2895576,1513857,2015997,470532,2063098,746610,306425,0,0,425847,1870886,0
80,000422,2017-09-14,0.016000000000000014,0.011200000000000099,0.13496362162749176,30336.0,219695.00697516085,2148,106370018,115274965,1243172,1403550,8968598,9497170,10263703,10949632,13988003,17658726,11726975,12381821,9325869,10274327,7563535,8746429,43290163,44363310
81,000423,2017-09-14,0.0033143939393940336,-0.00047348484848486194,1.342768450903792,50696.0,243582.22725641605,2226,121213910,118571465,816390,798304,9257172,8704555,16145194,21083669,20467792,19429303,15144365,10495254,12259008,11529585,6195148,5749815,40928841,40780980
82,000425,2017-09-14,-0.01813471502590669,-0.01813471502590669,0.06887375922491788,12606.0,311323.3953078061,3167,127501902,91979064,1661939,4014710,11413148,17343219,10204888,10728775,8873270,9974550,3264216,4934491,6756595,5547280,3631502,4381391,81696344,35054648
83,000426,2017-09-14,-0.035058430717863076,-0.04173622704507507,0.24071762264710483,22363.0,245889.26672034725,2481,130784471,97661178,1645294,1436612,9133246,8886157,11569111,10150660,18066066,17570447,14162385,11171045,13869988,7524127,11005424,4950651,51332957,35971479
84,000428,2017-09-14,-0.003968253968254065,-0.005952380952381042,0.230378937115375,8559.5,133719.37932789637,478,13672634,3141362,540066,298643,2025053,1038857,1829275,851039,1642688,653447,0,299376,995510,0,982821,0,5657221,0
85,000429,2017-09-14,-0.01480637813211838,-0.011389521640091105,0.26450246280055667,8700.0,131714.19649735474,1102,30282741,12190108,1132621,1328424,4390440,3733973,4008719,1975295,3827318,1977951,3004138,1022549,1394617,1017149,2729173,0,9795715,1134767
86,000430,2017-09-14,0.01846722068328699,0.011080332409972193,0.2612229580139205,17584.0,119540.93210174872,1719,36412293,39562358,1156356,1439627,7559745,10124176,6963570,9339714,5413898,8931925,3029903,4285927,2750273,1805555,435906,1302778,9102642,2332656
87,000488,2017-09-14,-0.016847826086956452,-0.020652173913043415,0.3359791997199588,58256.0,424290.46488160087,3002,312460512,197460273,1239938,976511,12297352,11069049,21118059,15531966,39170335,28839971,24476637,22364152,24934032,21427637,15356559,7402655,173867600,89848332
88,000498,2017-09-14,-0.021582733812949617,-0.020383693045563533,0.2113646249883187,6555.5,44306.0038933039,1558,18896554,9432401,2738760,1312355,4646204,3515982,3368043,1702342,3966467,1427667,1927774,754549,1383658,719506,0,0,865648,0
89,000501,2017-09-14,0.0,-0.0022857142857142243,0.42460643410812415,7023.0,99106.17855475651,1699,21080497,30247656,890570,3209468,5503306,5462198,3816158,3943029,4450214,5524687,1137615,2241975,742163,1054598,434473,2285254,4105998,6526447
90,000502,2017-09-14,-0.006488240064882356,-0.010543390105433925,0.4948667717155588,9868.0,57514.97253397722,620,11556139,4256547,1022788,513494,3698820,1522422,1666048,999309,1852419,787147,700742,434175,736512,0,477750,0,1401060,0
91,000505,2017-09-14,0.009487666034155628,0.012333965844402384,0.2991251794185155,21440.0,84526.1937994481,1242,29573009,33120080,851050,763788,5605947,5127847,6990919,6765119,10002954,7167480,3127221,4993682,1026100,3117875,900160,910524,1068658,4273765
92,000507,2017-09-14,0.0074349442379182396,0.008364312267657992,0.2102395799945504,28314.0,190685.28938389782,2621,98279886,122962937,1234618,1481431,12805193,14158469,12943334,15850067,17262525,19294545,10551182,12305845,7102290,6658584,4346585,9393276,32034159,43820720
93,000510,2017-09-14,-0.019065776930410006,-0.01715919923736886,0.23137309132121434,20880.0,98587.35971656733,2057,61835052,44478963,1068165,1333789,11413726,8996283,11170692,9403949,12140791,10881593,8445658,5950683,3549491,2100037,3092288,860845,10954241,4951784
94,000513,2017-09-14,0.006212466349140744,0.004969973079312462,1.334394308085711,19272.0,93948.69585590674,1309,27891389,34611947,1350308,1551556,5472627,7378208,3619512,5267166,6209288,8863671,3345419,3103713,2378456,1011565,3731906,3526577,1783873,3909491
95,000514,2017-09-14,0.008951406649616356,0.005115089514066584,0.23291826019139544,14877.0,82558.40517215933,1127,20844855,21396561,1245689,1065578,5863176,4848794,3885278,3929709,3654411,4569242,1042405,2089057,2153833,2475181,1339590,895647,1660473,1523353
96,000516,2017-09-14,-0.005607476635513864,-0.005607476635513864,0.17553527104647554,11726.0,120798.6342129485,929,29197214,14594883,791780,590026,5209316,1971248,4520483,2173760,5355749,3860270,2261667,1167523,320400,1860363,1338630,409344,9399189,2562349
97,000517,2017-09-14,0.0,-0.002262443438914019,0.11555279822855612,4440.0,61572.41812087387,1467,15023503,17445317,1343853,1046939,4222795,4612889,1961110,3284466,1506841,3838574,1226261,1389653,1337132,1033967,860306,922964,2565205,1315865
98,000518,2017-09-14,0.01436031331592691,0.006527415143602999,0.2648512144772563,10101.0,59857.56297325433,836,10504047,13323872,785626,1023559,3293356,3893740,1869630,3300051,2119655,2598180,421304,734727,780840,356003,1233636,410112,0,1007500
99,000519,2017-09-14,0.00802854594112401,0.005352363960749118,0.2594492431300173,19210.0,103778.90566857255,1867,53005523,50193439,1268250,1078652,10093330,7978824,7850054,6444545,11934813,13020257,6538842,6141541,3746788,5587556,4123596,3186188,7449850,6755876
100,000520,2017-09-14,0.0018416206261511192,0.0036832412523020164,0.16121928152979426,8736.0,85194.4947973164,1135,18106686,19159352,923314,1042673,3471319,4551791,3071724,4024131,3537965,2904261,762595,1246697,1013787,1717708,433341,1286249,4892641,2385842
101,000521,2017-09-14,0.0033333333333331883,-0.00666666666666671,0.18446014243810016,5990.0,67320.0951658976,1058,16779454,11354877,909051,1058975,4158360,2550353,2421091,1253908,3158804,3216899,1211359,1187515,1397439,1055438,1389228,0,2134122,1031789
102,000523,2017-09-14,-0.011363636363636354,-0.012396694214875992,0.3809211692769162,10604.0,90136.48438682932,645,15455306,6839962,683341,847102,3478980,2027132,3513282,1243476,2245424,915439,2033058,1175689,338272,631124,440091,0,2722858,0
103,000524,2017-09-14,-0.008571428571428563,-0.008571428571428563,0.4255149604181132,13985.0,60598.25132091395,1082,19361648,13134498,1067916,1040697,5908308,4587020,4521801,3542306,3501885,1648626,1672951,1067992,328068,365228,467199,882629,1893520,0
104,000525,2017-09-14,-0.032656663724624835,-0.02118270079435125,0.5641346943719826,13473.0,107489.2444049197,1614,52397862,24784564,1896307,811584,7016563,5470369,7628564,3545665,10180926,6242933,6289787,2595621,4119660,1015156,3803693,1310598,11462362,3792638
105,000526,2017-09-14,0.004364271166715339,0.004073319755600879,1.7019009152783977,17350.0,200932.42469952768,407,13547387,6779737,248766,266985,2278303,1950190,1368146,913011,1786583,1178391,1381184,744323,1032000,0,858228,0,4594177,1726837
106,000529,2017-09-14,0.004662004662004504,0.004662004662004504,0.26784967591254805,6033.0,55429.1592443637,1026,10376178,9060149,719969,2603549,2352529,1990935,1125609,2135176,2328844,1129603,766080,516041,0,684845,859500,0,2223647,0
107,000530,2017-09-14,-0.0113924050632912,-0.005063291139240533,0.2661233777945028,11820.0,83154.86130614346,881,17539427,14920903,1175789,528562,4308339,3152088,2821400,2941873,4287087,3159115,1430613,2368959,2000239,300960,0,442327,1515960,2027019
108,000531,2017-09-14,-0.007821229050279155,-0.007821229050279155,0.40232868637416186,7992.0,112986.92430536947,494,11388544,4479688,547589,287034,2344878,1104506,989944,1407768,554586,554876,1298312,268200,686561,0,880622,857304,4086052,0
109,000532,2017-09-14,-0.015759312320916985,-0.017908309455587412,0.4789937249852132,13760.0,107413.31312676071,849,23174050,11272937,771769,712682,3832839,3522026,3717157,2428531,4810987,1980458,2109897,912658,751386,344616,0,0,7180015,1371966
110,000533,2017-09-14,-0.004739336492891044,-0.01706161137440776,0.44769467519490735,12420.0,119792.69746145174,555,17112884,8606086,336889,461082,2317501,2277474,2005843,1277935,4544884,1073137,1391730,233927,2991255,310661,0,412230,3524782,2559640
111,000534,2017-09-14,0.014397905759162333,-0.0019633507853402676,0.5473513774811762,15240.0,103607.577425919,779,19437212,10960878,728755,660604,3463677,3302375,3387457,2454655,4158681,2404951,1333110,1693233,0,0,425996,445060,5939536,0
112,000536,2017-09-14,-0.01896551724137918,-0.01379310344827589,0.206314815067167,9176.0,102552.59416246593,790,19989106,8611513,1192220,421111,3489962,1807554,2729794,1477694,2869698,1322444,975658,1380816,2042339,609462,460800,0,6228635,1592432
113,000537,2017-09-14,0.029834254143646266,0.022099447513812098,0.24599526182088052,15419.0,213598.02536893453,1354,32805835,53515762,1062045,1325681,5717554,5472641,5357659,6943450,5216107,4797301,3729252,6361545,2539437,3627504,2309874,2309299,6873907,22678341
114,000538,2017-09-14,-0.003833197816238809,-0.006504820536647693,2.1246796826523044,25662.0,184066.5631582775,1641,72465448,43798331,2099625,1860335,8591871,8306771,9173958,7517921,8836243,6856841,4022739,2388591,4122752,1389377,10165874,2255817,25452386,13222678
115,000539,2017-09-14,0.0018867924528300772,0.0018867924528300772,0.19877700274058313,6396.0,21426.04918225676,711,4325901,4489528,554535,1940416,2509777,1264264,623942,591844,420716,436048,216931,256956,0,0,0,0,0,0
116,000541,2017-09-14,0.005422993492407713,0.005422993492407713,0.23676051081723465,14896.0,168504.0622322246,1517,36001865,40416368,1128791,1924524,6088897,6586869,6776390,5551813,5253538,6974113,2154370,6539200,3435470,958390,2360816,402592,8803593,11478867
117,000543,2017-09-14,-0.0017574692442883233,-0.00702987697715296,0.19233666062508253,11360.0,279873.93673544744,875,26110881,30205187,511327,996306,2571658,4121412,2297716,3415852,2227487,3013727,1792192,1816872,1023726,1435818,1693453,0,13993322,15405200
118,000544,2017-09-14,-0.0045977011494251485,-0.0045977011494251485,0.6548993675601638,17380.0,62059.72923717186,705,14860434,9658441,489314,859694,3231105,3672705,3202160,1825454,3969678,2222085,1571532,0,1007054,1078503,0,0,1389591,0
119,000545,2017-09-14,-0.018433179723502335,-0.019969278033794113,0.14442259489221007,18023.0,150779.37371268735,2035,71440726,43642181,1603208,1594727,10023694,8999533,10974970,8860932,11199271,7867952,4604138,4090143,6723621,2102197,3990387,3997096,22321437,6129601
120,000546,2017-09-14,0.026515151515151603,0.026515151515151603,0.2769959698238143,16308.0,229770.6737434528,2275,64858537,115018190,1059510,3434822,7992822,9911522,9612283,9151061,9816677,12637232,6523861,11395516,3893552,5566776,4200757,7521590,21759075,55399671
121,000547,2017-09-14,0.004436557231588312,-0.006211180124223614,0.22201792384443692,30402.0,341258.8021900251,2579,157161235,140958279,1382565,1148042,12398831,10319777,13264163,8221061,23906592,20615758,16183721,20558336,11630055,13478573,8780376,13672693,69614932,52944039
122,000548,2017-09-14,-0.0024968789013731785,-0.0024968789013731785,0.2857877147026522,9636.0,70492.12093092833,785,11816941,11388722,864744,903644,3247908,3436643,2054954,2293044,2415126,2278227,682660,1075525,0,758440,0,0,2551549,643199
123,000550,2017-09-14,0.002460629921259949,0.0019685039370078705,0.6815818473414886,16323.5,49850.20225221443,888,17620381,12144579,632176,511624,5730852,3914387,3037010,3280813,4409769,3278071,1898013,850436,1912561,309248,0,0,0,0
124,000551,2017-09-14,0.013612565445026092,0.007329842931937058,0.2945214091601563,19120.0,134188.03809179284,1051,27886212,37213400,1150075,839406,3548310,4757109,4326568,6188490,5212543,5438888,2965437,4073575,2388349,3208990,2355193,1788577,5939737,10918365
125,000552,2017-09-14,-0.02117647058823524,-0.016470588235294237,0.08676851935366474,5004.0,143750.33064959827,2410,72714084,33670363,2457256,1161419,9102383,5189705,7263334,4758969,12590896,4326413,6354912,4381943,4017135,2419256,6433229,2247240,24494939,9185418
126,000553,2017-09-14,0.029818181818181744,0.015272727272727327,0.36981591405419423,16710.5,54660.048007604346,1382,18588555,31529359,1094911,1087795,5737847,7162892,4616672,14065163,4638762,5079124,1217879,2096514,315044,1030671,0,448000,967440,559200
127,000554,2017-09-14,0.006869479882237517,0.008832188420019538,0.22582239413441316,25250.0,157098.6619677817,2038,72928834,75501970,963585,1169482,7615473,11214748,9547213,11515024,13335710,13706153,7210248,9105549,5375845,7458683,6769986,3723225,22110774,17609106
128,000557,2017-09-14,-0.010118043844856595,-0.00843170320404718,0.14922344064103188,12348.0,75214.61241265714,1581,34907590,19603401,1441770,1172435,9502214,6055313,5291954,3911458,8291020,3912621,2343310,1809441,2068170,1715604,2177776,480376,3791376,546153
129,000558,2017-09-14,0.00591715976331364,-0.0014792899408283544,0.19540724155034211,13500.0,79053.16732992142,1197,27776616,13431058,1169109,925827,6171475,3989067,5824197,3623306,5479245,2359258,2742411,923060,673511,647823,0,448875,5716668,513842
130,000559,2017-09-14,-0.01493848857644986,-0.020210896309314608,0.21194755935788892,41384.5,228072.08608941472,2886,182393227,131862634,1009402,1154475,13312916,14374429,17039007,17551020,30231696,24395163,23179658,17865312,19705548,13445310,12188928,8468988,65726072,34607937
131,000560,2017-09-14,-0.015057573073516406,-0.010628875110717417,0.24767623382918508,22490.0,124168.9831858162,2080,72489712,51018987,1201945,1132630,11213560,9426406,11470065,9519893,13707782,10343475,8037994,8385940,4760827,4294983,3930329,2645844,18167210,5269816
132,000561,2017-09-14,-0.005015045135406293,-0.006018054162487463,0.3185641709970171,9950.0,87783.91090498076,979,19346199,9917871,1115548,1429859,4319304,3943014,2899238,1583789,3586996,1360126,1514157,218020,737380,367661,1371978,402346,3801598,613056
133,000563,2017-09-14,0.005484460694698434,0.005484460694698434,0.12215817447325229,14796.0,209570.92205617594,2009,62137453,74519517,1748395,1335508,9269325,6748158,8531868,7155825,9790723,8955690,4637362,7192514,3327785,4952589,3581134,3644769,21250861,34534464
134,000564,2017-09-14,-0.004518072289156572,-0.0060240963855421326,0.2304304982959649,9254.0,53257.22001192442,830,13222900,9497945,1006015,667614,3855130,2672262,3019760,2455108,2336192,2263712,1912423,777249,0,0,0,0,1093380,662000
135,000565,2017-09-14,0.005165289256198413,0.004132231404958775,0.27623584196210554,19440.0,122577.14641954102,1228,34193051,33924197,1218269,1163205,5748702,5853191,5501957,5824342,9940004,5557258,3268717,3404915,3835461,1123674,831856,1704597,3848085,9293015
136,000566,2017-09-14,-0.004658385093167738,-0.0015527950310559868,0.5973666682289357,13533.0,181467.6931678244,464,24206839,7879946,401647,328749,2063476,1986995,1417030,735589,3393962,1965144,2732777,729166,3351333,302445,1381980,882602,9464634,949256
137,000567,2017-09-14,-0.004104477611940327,-0.0011194029850746245,0.8758361490597527,21656.0,97303.20834426003,936,21255439,25667692,538941,524372,4646486,5125570,4170601,5063643,4525068,4427656,2499804,3762560,361800,686753,1350940,1779205,3161799,4297933
138,000568,2017-09-14,0.0018348623853210455,-0.004954128440367023,0.9958532670489237,70349.5,434960.83263369964,2996,294307397,285223281,508976,372858,14682042,9608428,18870879,17086388,37914781,28492704,29953504,23977847,16612788,16928887,13256003,13601385,162508424,175154784
139,000570,2017-09-14,-0.010958904109588996,-0.010958904109588996,0.33536762185540514,10920.0,75944.59558447795,473,11052026,5413224,471904,484979,1499172,2126990,2685145,735194,2015722,2066061,699361,0,1032122,0,0,0,2648600,0
140,000571,2017-09-14,0.029372496662216196,0.022696929238985364,0.17465622073623688,15040.0,148210.20753152916,1841,50563151,56857794,1586266,1091284,7745470,7091238,7449241,6717653,8860481,9931198,8751264,5773573,5188932,5791742,1864970,2564649,9116527,17896457
141,000572,2017-09-14,0.01945525291828809,0.017509727626459304,0.11592696641470879,18235.0,251417.78810728938,1972,73955771,80612269,1665665,1003363,9045881,6650131,8130734,7244111,13948678,11462362,7312433,6486810,5424603,9160660,3945317,4861456,24482460,33743376
142,000573,2017-09-14,-0.0016181229773462036,-0.006472491909385147,0.205880686023449,7416.0,77838.94298006625,901,13841175,13900442,626894,1795220,2946963,2775481,2119422,2586242,2199619,2820824,1006680,957492,1962380,1317609,925821,926439,2053396,721135
143,000576,2017-09-14,-0.008050603795284661,-0.014376078205865395,0.4859373422473794,23968.0,152226.11393322638,1281,34105363,63056049,864721,845827,6383668,4803269,6621931,5195623,7313712,10052972,4421315,4808577,2491926,5168661,1263130,1297818,4744960,30883302
144,000581,2017-09-14,0.0219917012448132,0.016597510373443924,0.4843554803030895,56764.0,306198.1618900099,2476,168958854,193247505,774316,1137055,9972485,10246699,13095346,21572227,27214721,25235267,21063802,19430034,13191841,16505026,13756428,11688785,69889915,87432412
145,000582,2017-09-14,0.032098765432098775,-0.0008230452674896638,0.3171928001849906,20723.0,92942.09288991528,1467,40535167,37037713,1163471,821780,8441667,6234544,7212419,5721168,8965544,9123712,8183660,6229664,2029894,3716182,881701,2683112,3656811,2507551
146,000584,2017-09-14,-0.012898845892736044,-0.008825526137135165,0.3689579984478793,29360.0,99376.47408869019,1595,51996638,43561013,594932,825293,10182581,7992850,10879334,7083191,14912951,9609824,4971747,6971302,3026880,2447085,1772755,4956055,5655458,3675413
147,000586,2017-09-14,-0.006993006993006978,-0.009324009324009341,1.6311497882038908,16016.5,127029.84602320161,172,4173957,2508322,98367,113411,662114,951012,909870,368101,955666,302204,640700,0,0,0,907240,0,0,773594
148,000587,2017-09-14,0.002574002574002643,-0.006435006435006385,0.23985742201848556,7720.0,439270.6703230174,1051,41544964,24559016,921637,1332298,3536155,2983576,2542712,2013985,3207160,2991682,1683089,1158430,754060,986970,0,857150,28900151,12234925
149,000589,2017-09-14,-0.0017636684303350414,0.0,0.22579619269358958,11340.0,70913.40310921856,630,9492411,10938559,456508,712064,2236445,2750133,2878319,1748527,1868644,1491482,672872,752600,717367,641830,0,467400,662256,2374523
150,000590,2017-09-14,0.005501222493887514,0.0042787286063570296,0.9150539627148138,18183.0,100968.40205129198,319,11927452,5160006,147338,281221,1919097,1199078,1754400,749468,3696924,849625,668887,0,656362,660200,1451052,0,1633392,1420414
151,000591,2017-09-14,-0.00805152979066015,-0.00805152979066015,0.11654539648690077,12295.0,127927.84780835027,2849,65905484,70203447,1245260,2754425,8398725,12635015,8627635,12092373,12050929,13825805,7861045,6450094,5300762,8810783,2155753,3525215,20265375,10109737
152,000593,2017-09-14,0.004557885141294404,0.001823154056517673,0.410996092391157,14508.0,134943.69872441786,712,25012093,15256141,612183,351006,3409597,3008206,2542027,2192651,2891679,2414999,1640034,2346657,3132245,2454337,1842847,0,8941481,2488285
153,000595,2017-09-14,-0.008976660682226356,-0.008976660682226356,0.1649616719204461,9435.0,56877.12289822198,1141,17128360,13611508,1290374,846536,5287204,3345671,4870866,2226061,3155369,2748778,2191139,1539567,333408,328040,0,462590,0,2114265
154,000596,2017-09-14,-0.008584509729111067,-0.01049217855780249,1.1794771092586676,31140.0,114672.80524047822,1976,73370386,43270114,1127178,641371,12661674,9409118,14187422,10581384,15173148,9958447,9867253,3652917,5560994,2927121,1882177,963200,12910540,5136556
155,000597,2017-09-14,0.02001740644038308,-0.004351610095735481,0.32893858931240294,14891.0,128748.06471605012,1220,33823007,30542409,1107124,592983,6492458,4900777,5293060,4052184,6739720,5427747,2894210,5031386,2099861,2022172,1788939,2280885,7407635,6234275
156,000598,2017-09-14,0.008787346221441172,0.007029876977152849,0.12764688182638692,27552.0,275666.9367534809,1991,75157553,107433249,1255923,932230,6650990,8519724,9502536,16118642,9603135,13532312,7342913,11437356,3786755,5759423,2668262,4934158,34347039,46199404
157,000599,2017-09-14,-0.00894187779433675,-0.005961251862891204,0.21552773885318713,13400.0,93660.24150629717,969,26108603,15921747,801218,863432,4268220,4282849,3626950,2858524,4611507,2883618,2421692,1695076,3057257,991750,1344141,404400,5977618,1942098
158,000600,2017-09-14,0.00813669650122062,0.0032546786004883366,0.23791318116949037,38362.5,333504.98511110124,2670,161947024,176402563,1306723,1166606,13189575,12778805,16088220,14572997,24802704,23507670,17813115,17547219,10689683,6613421,7053939,8788792,71003065,91427053
159,000601,2017-09-14,-0.005121638924455829,-0.011523687580025643,0.20157555280369288,6993.0,74632.62143796826,1502,28604827,12757369,1775863,1256240,6559930,3368919,5466214,2146321,5157554,2031016,3787653,1397061,1304028,952397,0,0,4553585,1605415
160,000603,2017-09-14,-0.014935064935064912,-0.016883116883116833,0.4338234222040222,17592.0,90719.42687403939,1260,35600510,22439723,1152553,788330,7853165,4171810,7086314,4647177,8897720,4064012,3510454,2427252,983666,1381206,1705338,1736250,4411300,3223686
161,000605,2017-09-14,-0.01567877629063097,-0.015296367112810683,0.6104874355894756,20640.0,93948.74205114254,1835,53638425,37478344,833293,1456922,9091518,7883436,10163154,7269940,11855925,7908722,9325627,4262028,4272764,2028819,926846,1375158,7169298,5293319
162,000607,2017-09-14,0.01945525291828809,0.006485084306095956,0.23057782690658496,15600.0,85124.38074827685,1118,20847282,27445917,1085942,755896,5585231,4190852,4311721,5328986,4755526,6876278,2971738,3004884,949885,1360706,428676,819785,758563,5108530
163,000608,2017-09-14,0.011331444759206777,-0.0014164305949008194,0.32895503553894295,8124.0,146091.2817250811,460,14711223,9397331,436427,424610,961771,1687509,641535,1877234,1410272,2104804,2029869,1701698,1369790,0,1275966,0,6585593,1601476
164,000609,2017-09-14,0.000655307994757548,-0.004587155963302725,0.5536325125777916,15330.0,73298.25313889037,759,17975125,12206658,579885,777327,3718203,3440681,4393332,2224680,4169363,1953263,1426666,1234250,1407437,1002270,1368239,458400,912000,1115787
165,000610,2017-09-14,0.05138339920948609,0.028458498023715473,0.2816147813677322,16828.5,96043.02233928475,2020,39993071,57518242,1344878,1578724,8964631,10424799,7237133,8881319,8026057,14597502,7172277,8337138,2091347,4103890,1764622,400021,3392126,9194849
166,000611,2017-09-14,0.004469273743016755,0.0011173184357544663,0.24900692804594476,13395.0,85426.83104494256,1294,31085351,16700033,1351181,1098375,7020857,4548274,5256368,4198634,6130852,2628488,2374993,786424,3230456,680299,1739922,889164,3980722,1870375
167,000612,2017-09-14,0.006233303650934996,0.003561887800534125,0.22923380145593533,26244.5,150085.65447573422,2402,102192040,71817736,1533146,903504,13606385,9678693,13548763,10376207,21427032,15756825,14047375,9205886,9064068,6517600,8971716,4070858,19993555,15308163
168,000613,2017-09-14,0.0050000000000001155,0.010000000000000009,0.24365766219144655,18306.0,109900.3352528169,1685,45070776,40451793,1314902,1021962,9314983,6419403,8482846,6195744,10381791,8064937,5232395,7949989,3018546,2994025,460515,0,6864798,7805733
169,000616,2017-09-14,0.021929824561403688,0.021929824561403688,0.10660928661298703,17242.0,218086.53926388032,1835,68211474,85498002,1422709,1438172,8764338,6970228,6643453,6638562,9867824,9403635,7849987,7051571,3605069,7318841,4117431,6328353,25940663,40348640
170,000617,2017-09-14,-0.01707455890722831,-0.016505406943653878,0.6060242468376179,10368.0,57323.47731818561,840,14829031,8023758,648064,885613,3891530,3395228,3314376,1652093,3278206,1034156,935147,430654,1708652,626014,0,0,1053056,0
171,000619,2017-09-14,0.005138746145940232,0.0030832476875641834,0.32315576100888516,19590.0,141677.61694316086,906,28830897,19912830,815028,963505,4206489,4859278,4509719,3629778,4017971,4593014,3843060,2038343,1108025,2798546,1883602,423120,8447003,607246
172,000620,2017-09-14,-0.003916449086161955,-0.007832898172323799,0.2714127920297279,5313.0,61839.92931016622,797,8238059,8556431,629615,1193050,1777047,1964542,2151515,1058194,1843254,660657,708658,1843388,1127970,696600,0,0,0,1140000
173,000622,2017-09-14,0.013071895424836555,0.008169934640522847,0.2705535427949897,6765.0,80266.67319381006,511,7755166,5207684,538986,499789,2192869,1413887,1442352,840285,940237,593143,256848,989665,308500,389271,0,481644,2075374,0
174,000623,2017-09-14,-0.005659555942533645,-0.006530256856769667,0.5382153831886642,27695.0,184890.03195243378,1821,78680462,69812080,1240937,768369,8912767,8997035,10547846,10008948,13827999,10677289,10136666,10251961,3837730,5706369,6692740,5767360,23483777,17634749
175,000625,2017-09-14,-0.002161383285302687,-0.0028818443804035088,0.2788516327088015,27840.0,196350.58395413667,2478,124154470,86893108,1430644,1484466,12860043,11038483,14404091,11805639,21835600,17890604,10995509,12201522,6957198,5558196,7582503,6143910,48088882,20770288
176,000626,2017-09-14,-0.023550724637681153,-0.02128623188405787,0.46189709110760346,37825.0,328430.9287321851,2289,153029799,132152044,644989,1200521,10239088,11819467,14493232,10276683,20432770,15739455,19447897,10758848,13353106,10092452,13336717,8157109,61082000,64107509
177,000627,2017-09-14,-0.014705882352941013,-0.012605042016806678,0.19369642048753116,23650.0,234360.032774966,2418,112311829,67018560,1798147,1903642,13558115,8896560,13649006,12058265,22256725,10490355,12593635,7537201,7744889,6790756,5749357,6146426,34961955,13195355
178,000628,2017-09-14,0.013358778625954137,-0.002862595419847458,0.35479556682355595,11577.5,73739.48054603017,872,16704484,11661932,645808,611457,4178359,3809909,2254593,2938690,3541533,2253107,1108362,276408,1095119,722361,1253038,0,2627672,1050000
179,000630,2017-09-14,-0.006389776357827448,-0.012779552715655007,0.05705469880096624,30282.0,747070.126135947,3048,210385703,178419129,1436444,1909473,13700253,15556333,13727663,18024097,21970068,19660869,15672255,14295428,9890629,9515201,8942195,3064652,125046196,96393076
180,000631,2017-09-14,0.009876543209876631,0.0024691358024691024,0.15882956814137705,14245.0,169347.95197995394,650,12435521,22350145,428136,663309,2306022,3894579,1160421,1637867,2318787,3523422,2239142,2351059,364095,991933,0,939763,3618918,8348213
181,000632,2017-09-14,0.01109350237717921,0.006339144215530945,0.23771767453504739,13970.0,106606.5015507326,704,13560123,17427314,526224,604047,3091532,2983155,2334741,2671101,3425150,5209667,750916,1301518,361950,2026511,0,920069,3069610,1711246
182,000635,2017-09-14,-0.0077319587628865705,0.005670103092783707,0.5043439079925705,19530.0,128332.30607679645,1480,36579447,29121019,1198553,1698195,8053474,7207347,7791988,5171096,6999170,4793745,5405809,2256172,1698736,2036765,2721282,0,2710435,5957699
183,000636,2017-09-14,-0.016443987667009274,-0.014388489208633115,0.2050124953731687,26311.5,139897.38890999558,2254,81475840,62953840,1538004,1840656,11635414,12308580,12913493,10468308,15674917,14181174,8394029,7135307,5357693,2667711,5982632,3996087,19979658,10356017
184,000637,2017-09-14,-0.004166666666666652,-0.00694444444444442,0.23746913572904732,10108.0,57697.821152929384,919,18606169,9746549,707518,861451,4402507,2782244,4142424,2989005,3892173,1594907,3193464,0,1782635,0,485448,966916,0,552026
185,000639,2017-09-14,0.02051048313582493,0.027347310847766648,0.47497261684723746,8960.0,105947.90093355354,2135,23089879,37841876,1351955,3087727,6534012,9973939,4578410,6876527,3641832,6585852,2819798,2079122,1090450,1337955,868162,875445,2205260,7025309
186,000650,2017-09-14,-0.001680672268907557,-0.001680672268907557,0.18372992919094572,5940.0,56816.654361437504,1049,11477687,12612634,997075,798943,3272910,3576113,2321800,2622575,2391958,2836466,1204169,1263667,0,0,0,0,1289775,1514870
187,000651,2017-09-14,0.0045539780337531255,-0.00616126439860698,0.628286189582958,153979.0,884324.4173490443,3530,631594647,698124973,209260,283900,7360435,9299355,20523175,23727887,51798113,48130101,57709821,56426547,40952680,44261572,44296813,34143599,408744350,481852012
188,000652,2017-09-14,0.0,0.0,0.15356028538010075,5824.5,79403.81546569806,1188,18786311,15637827,826101,1245999,2904201,3647982,3924979,2701077,3773900,2366349,1905947,1884592,1012506,1380027,461736,882455,3976941,1529346
189,000655,2017-09-14,-0.02087682672233815,-0.022964509394572064,0.20412794168301543,28230.0,176500.57919893417,2206,108923881,68612490,1474571,1690295,10448350,9484541,12711424,11108608,19896537,14811124,13546472,5532712,10294267,3964633,8921385,3734470,31630875,18286107
190,000656,2017-09-14,0.012024048096192397,0.006012024048096087,0.11828907884697389,10563.0,188117.12230047365,1784,50629049,53722538,1536999,1136736,6272533,5625039,5824151,5842435,6939000,8399456,9538664,4539143,2713897,2597016,1763856,2652278,16039949,22930435
191,000657,2017-09-14,0.008524590163934587,-0.0026229508196721207,0.3143778090054431,38075.0,249033.19324589046,2356,114216063,122851947,1125373,1144364,10780623,9623796,14058710,12719972,20332983,25884266,17860062,10686279,11770253,10297392,9566887,7473062,28721172,45022816
192,000659,2017-09-14,-0.02415458937198056,-0.019323671497584516,0.13182123597270834,10162.0,122864.22150314917,988,27973822,14249370,844219,885344,4064831,3761886,2596258,2413134,3726510,2771318,5604815,1213116,711960,1802055,417956,879202,10007273,523315
193,000661,2017-09-14,-0.005372640859622524,-0.008334481333517108,4.377035614185843,43251.0,220735.50319272192,1100,71277070,46766321,26065,17415,8839535,5227595,5347777,3595288,11687082,7913968,6847842,4621874,3843191,4124716,2720351,9205920,31965227,12059545
194,000663,2017-09-14,-0.00709723207948898,-0.0035486160397445454,0.7699875875211972,11248.0,43089.79055675953,334,4769987,3580707,301138,560341,1337817,1400609,1248379,749110,1033959,586433,428694,284214,0,0,420000,0,0,0
195,000665,2017-09-14,-0.005672609400324213,-0.002431118314424552,0.44919929314312435,4944.0,39399.024911607215,754,7899939,5014580,850156,1230608,3031871,1093476,1343146,1284386,1169836,653312,542350,444798,346080,308000,0,0,616500,0
196,000666,2017-09-14,-0.009469696969696906,-0.0014204545454545858,0.48594346071104044,16489.0,82818.2263506072,1889,50912937,31387167,1266084,1589003,10097116,7068074,8788711,5286814,12728567,6670048,6911989,4221999,4527124,1997216,1307932,2691563,5285414,1862450
197,000667,2017-09-14,0.008797653958944274,0.0,0.0859422685597956,5780.0,139755.8955393164,1583,30502192,30002393,1595632,1298510,5273709,4482604,2176211,2818656,4408107,4152212,1216256,1465795,972990,2987846,1352902,2291869,13506385,10504901
198,000668,2017-09-14,0.006896551724137945,0.005172413793103514,1.0388162900334088,8752.5,40058.05343872241,280,2953751,3125319,181510,360250,1104045,848755,826621,558349,281655,1123465,209520,234500,350400,0,0,0,0,0
199,000669,2017-09-14,0.01840490797546024,0.01840490797546024,0.3514501353664392,26464.0,140082.77632056936,2151,53466062,99273564,1033110,2326295,8192237,12654055,10188529,14114555,11677398,20790357,7068867,9545860,7334172,9168083,2162900,7318031,5808849,23356328
200,000670,2017-09-14,0.015492957746478853,0.023943661971830954,0.12169737343136691,65556.5,241132.79393684468,3418,214065390,230462812,968904,921177,14974715,14686996,26399528,22051084,42734704,44260730,28999210,32666457,28018015,25302237,18768805,14922810,53201509,75651321
201,000671,2017-09-14,0.09930069930069929,0.08391608391608396,0.12692609551472547,52502.5,358473.3706578811,3196,240285336,300458832,1592285,1361161,11075523,10938005,17432047,15644693,33530145,33365773,26301554,18869854,18580525,24737566,15369310,22432859,116403947,173108921
202,000672,2017-09-14,0.02594995366079722,0.022242817423540284,0.1884355669361711,63858.0,281998.5306073054,3283,240661698,271677522,958875,896432,14904419,11665050,23836681,21307174,42024298,32621630,23038873,28651646,23880291,23229354,15642903,15902069,96375358,137404167
203,000673,2017-09-14,0.0008244023083263663,-0.002473206924979432,0.3559731396291015,23085.0,148093.5804168914,1161,37169790,39459638,505894,906180,4665233,6194744,4636540,6061522,8379851,7012076,4002722,3131772,2508234,4890063,3619916,1807884,8851400,9455397
204,000676,2017-09-14,-0.01593901593901592,-0.013167013167013186,0.4375658731535057,14470.0,110392.8765238008,1087,25866417,17331843,697524,908445,6547279,4513988,4811993,3100941,4126595,3726691,2243801,986369,1793140,393852,1299554,857400,4346531,2844157
205,000677,2017-09-14,0.006160164271047375,0.002053388090349051,0.2096742656164245,9760.0,63860.65313427742,539,7410906,8246775,625074,654967,2195306,2535395,1454904,811630,970198,1262907,740844,985462,303180,1019415,487000,976999,634400,0
206,000678,2017-09-14,-0.003529411764705781,0.0011764705882353343,0.25134045481767825,15209.0,66773.58558527449,1144,21011228,16644737,1055069,1041650,5949267,5174473,5601773,4093559,4734941,2531748,783246,1055196,1458315,353184,905867,405174,522750,1989753
207,000679,2017-09-14,-0.004232804232804144,0.0010582010582012025,0.3670956811858678,10516.0,40968.32725795849,662,11228397,5709928,1047826,526398,4067379,2372299,2610518,1199458,1669634,1059890,883375,217283,949665,334600,0,0,0,0
208,000680,2017-09-14,0.008278145695364225,0.0066225165562914245,0.13083999117740372,24280.0,185146.55868339742,2135,82641793,81608993,1228491,1595862,10278588,10717518,10412609,10355209,12178133,12688596,7947362,8040364,8162053,6707471,4050390,3545279,28384167,27958694
209,000681,2017-09-14,0.002116402116402183,0.0015873015873015817,0.38110021511621994,21120.0,156956.18771046746,2465,50919205,93961475,923170,1951399,9469024,19191777,6877575,11948741,6347928,17689529,5515379,9690214,5662545,6945045,2162177,4799156,13961407,21745614
210,000682,2017-09-14,-0.009090909090909038,-0.010909090909090868,0.1574701792222181,11040.0,92714.23609515195,1221,30419772,20472700,1051421,934411,5395051,4377600,4546870,3683514,3925144,4896968,3828784,2345766,3795358,747538,846761,911171,7030383,2575732
211,000683,2017-09-14,0.02366863905325456,0.01183431952662728,0.06117777480965763,41968.0,260379.0064561324,3083,171734968,205569764,1592297,1130045,15330346,10097746,19146737,19743994,32952332,28835768,16274435,23157352,14671152,13538024,9776425,17056229,61991244,92010606
212,000685,2017-09-14,0.0,-0.001828153564899404,0.3031729453547996,6594.0,156165.20550847906,1302,34285126,28143076,1576395,1283252,4591219,3796036,3634107,3387975,3343283,4208684,3090910,3743937,3748419,2344504,1319450,1453099,12981343,7925589
213,000686,2017-09-14,-0.008442776735459678,-0.0028142589118198558,0.2354725187849209,12828.0,147200.54812775095,2050,52707472,63534434,941018,3413277,6820647,9592475,6436143,6500688,8329659,11158111,8951920,6838448,1694035,3374967,2680611,4548338,16853439,18108130
214,000687,2017-09-14,0.020044543429843964,-0.0007423904974016571,0.3580549768608433,16200.0,91324.40684795784,1415,37372604,26662943,1076584,1061512,7145305,6061237,7081909,6294630,6760903,6414631,4035110,2937895,1064140,1701636,3044072,409122,7164581,1782280
215,000690,2017-09-14,-0.02016607354685651,-0.02491103202846967,0.2030929735667059,14823.0,250158.0010808255,1724,75084452,37573527,2266888,1190783,7749449,5821595,9052815,6066062,8404248,6514347,4355131,5467087,3817450,1295629,5429290,2667127,34009181,8550897
216,000691,2017-09-14,0.006218905472636926,-0.004975124378109319,0.375851349393575,11172.0,64257.11167230479,457,10161046,5097571,414624,530744,2283000,1759802,2197566,839055,1798135,1207570,985032,281600,1111942,0,1370747,478800,0,0
217,000692,2017-09-14,-0.005706134094151216,-0.0014265335235377208,0.31710069173148603,10515.0,60155.160712636556,488,7050128,6781672,585773,308317,1933265,1905925,993075,1232347,2094450,1363845,657077,488068,366800,337400,419688,445770,0,700000
218,000695,2017-09-14,0.011391375101708734,-0.006509357200976229,0.525131743496461,12300.0,71507.56483928123,547,10899849,6186943,434382,473562,2415764,2848152,1889560,1710452,1647657,875855,812641,278922,981550,0,478619,0,2239676,0
219,000697,2017-09-14,0.003944065973467081,-0.006812477590534272,0.5195970076970429,64262.0,423034.3452288817,2884,282338777,236229831,986496,728535,12107191,10974778,20907749,14651310,32760702,26047145,30192431,23148020,25518002,17033321,13119523,17227490,146746683,126419232
220,000698,2017-09-14,0.008658008658008809,0.005772005772005873,0.20782145971714236,18913.5,122917.45820048764,1112,31813325,35426933,972284,809846,5652685,3873812,5741650,4919146,6539420,6956537,4752790,4212127,1031224,4091107,2212638,1747446,4910634,8816912
221,000700,2017-09-14,0.0,-0.001388888888888884,0.23784573366698933,14420.0,167904.73581981476,916,24540482,20423034,712640,875352,4393389,4213731,3813690,3393316,5014405,2515492,2901080,1184197,1429252,2056829,923640,0,5352386,6184117
222,000701,2017-09-14,-0.012213740458015265,-0.007633587786259555,0.4145590183339512,13105.0,86300.40990145713,998,24741736,15475089,629841,851078,5555037,4717779,3096029,2799433,4727067,1849327,2708923,2395808,761205,1345884,1390448,440190,5873186,1075590
223,000702,2017-09-14,-0.015167930660888507,-0.015167930660888507,0.22734152144125394,16560.0,73788.8992592525,1649,40894332,20504284,1447499,1393072,8982439,7775461,9792721,4596249,9267788,4102506,3759532,740233,2752139,1020268,962358,876495,3929856,0
224,000703,2017-09-14,0.022235576923076872,0.011418269230769162,0.37735525908953144,21430.5,140625.9309601977,1946,45233994,65198502,1206283,1424317,8291519,8442191,7508675,15333317,8369741,13825588,3815579,6347911,2633971,3483155,4064129,4393540,9344097,11948483
225,000705,2017-09-14,-0.013346043851287015,-0.009532888465204947,0.3152378008552694,6240.0,56038.652469109096,1107,17877409,7812690,2045318,573493,3469306,2785967,3559832,1854162,3008148,993331,1638438,209442,2049640,311259,456396,419446,1650331,665590
226,000707,2017-09-14,-0.016371077762619368,-0.010914051841746208,0.26915413424008816,19737.0,111574.03993717254,741,27803083,11658417,576541,576182,3774738,3339751,3177138,3055632,3915472,3099870,3083623,1586982,5315227,0,2165521,0,5794823,0
227,000708,2017-09-14,-0.013717421124828433,-0.015089163237311465,0.3340220273007147,28930.0,158311.84202882412,1908,75031554,64491946,881969,951726,10017465,8956081,12434838,8695415,17441946,10500738,8918317,6073500,3405442,5646498,1832412,2633967,20099165,21034021
228,000709,2017-09-14,-0.016597510373444035,-0.014522821576763545,0.08424752027832409,39549.5,402622.65487856884,3292,295553173,211173218,1613946,1181017,17820309,12419661,23513617,13925993,37225868,20524029,25003158,12924012,17933428,14505596,16310266,13265853,156132581,122427057
229,000710,2017-09-14,0.10596579057154787,0.10596579057154787,1.9126412715089154,135201.0,2151241.6068331264,1417,346995959,266654220,1068861,105931,5758623,1450734,9522114,3715210,19365479,11018880,18726977,15067773,13624897,12951850,18269351,9048508,260659657,213295334
230,000711,2017-09-14,-0.008438818565400963,-0.007032348804500765,0.42969153523687575,8562.0,69411.29028933485,1095,21293964,10267293,2355032,846455,4240509,4732224,4102462,1747708,3780601,1937359,1204810,624862,701404,378685,1756790,0,3152356,0
231,000712,2017-09-14,0.028014007003501762,0.03451725862931476,0.37824592344597585,63660.0,319784.9533743178,2795,215317552,258652836,729651,676389,11889971,10307400,17426765,13497262,29657009,29566771,24301728,28643385,20728804,21848398,21115781,22879914,89467843,131233317
232,000713,2017-09-14,0.007075471698112956,0.007075471698112956,0.25167991850797816,12787.0,58405.25064059769,1136,19034964,18726938,1171160,1134782,5412633,4455122,4223689,3432424,4194532,4587513,1710027,2759708,1029798,1271745,1293125,0,0,1085644
233,000715,2017-09-14,0.0045620437956204185,0.0018248175182480342,0.45596082203299093,7735.0,42142.62278239169,577,6964555,5427924,440485,444113,1940796,2057816,1510339,1456561,1648920,828111,289510,641323,708495,0,426010,0,0,0
234,000716,2017-09-14,0.022522522522522515,0.016516516516516422,0.14342897827666334,21049.0,118665.03905700994,2159,55160031,78772708,1448226,1497652,9141586,9879946,8667554,13675875,12015022,17352368,8249786,10430887,5850986,8644917,3438707,4784279,6348164,12506784
235,000717,2017-09-14,-0.038461538461538436,-0.031868131868131755,0.15454976561701647,102580.0,575449.2462319441,3475,522504834,349800258,659336,823501,11577967,10634940,22865349,21259659,49495852,44659899,46652333,33768020,40739733,26188898,32794696,31907447,317719568,180557894
236,000718,2017-09-14,0.027027027027027195,0.01981981981981984,0.12664452373529747,27636.0,200368.53879316954,1925,81013585,101295736,1431334,855596,9985054,5723818,13059241,7088740,11414157,12016693,8173628,9464397,2719400,9791149,5267743,8210040,28963028,48145303
237,000719,2017-09-14,-0.008196721311475419,-0.008196721311475419,0.45486626845019545,4372.0,50219.6047289543,582,8705858,4589161,608421,371710,2362313,1190957,1733703,615153,1333371,1566252,1221971,481776,1009279,363313,436800,0,0,0
238,000721,2017-09-14,0.027272727272727337,0.01558441558441559,0.16281055465170216,19950.0,144153.48667497386,2240,63757641,64377653,1669589,1817843,10678465,10625069,11956382,10985998,14064162,11302635,6917940,7265643,4647534,4497016,3489558,2541529,10334011,15341920
239,000722,2017-09-14,-0.002481389578163684,-0.005789909015715522,0.5401937415409401,13243.0,88577.34622978799,500,13324903,7642523,312934,492476,2702194,2263538,1897731,1340000,3066894,991889,2494616,1849755,312520,704865,401134,0,2136880,0
240,000723,2017-09-14,-0.011123470522803047,-0.014460511679644128,0.20147251744369118,13424.0,244317.8618090617,1993,89757755,43780299,1888861,1383498,8471475,6647459,7590996,5036439,11071859,8296203,9710429,4262862,7302261,2510378,8493669,5368687,35228205,10274773
241,000725,2017-09-14,-0.017902813299232823,-0.01534526854219953,0.06591557236948484,63274.0,1117992.4889192837,3556,500401316,418366290,600662,1153029,11972961,19763171,20423027,28933197,28922395,36494891,19372054,26152043,51151954,43517580,27486621,34918102,340471642,227434277
242,000726,2017-09-14,-0.009060955518945701,-0.010708401976935789,0.3381545306476333,4808.0,48059.48519720039,1289,15787223,9390720,1133067,1552837,4168564,3758636,3097783,1649020,2586160,1398115,1859517,1032112,1097408,0,961254,0,883470,0
243,000727,2017-09-14,0.0,-0.0035460992907800915,0.06601569683263647,5660.0,186303.5882660607,1841,39018150,39520796,1063751,1485855,4997409,6297771,3796489,3485435,4078328,6023817,3644008,3696628,2927576,1349370,1880094,1254915,16630495,15927005
244,000728,2017-09-14,-0.0020618556701031965,-0.0027491408934708916,0.2711269634827706,71932.0,362182.3750016945,2881,253409058,241437832,887956,833464,11433805,11897994,16310616,17232748,36291521,34300088,34335703,25679762,23039078,22894822,17410125,18906957,113700254,109691997
245,000729,2017-09-14,-0.004615384615384688,-0.004615384615384688,0.1952288280082602,5184.0,103181.87874980844,1109,18788564,10320814,1186005,1438971,2404258,3301888,3242154,1376822,2929129,2026488,1484690,404300,0,735545,887699,0,6654629,1036800
246,000731,2017-09-14,0.03156708004509601,0.030439684329199634,0.1814351594833696,34515.0,270549.1420464553,2393,96082502,147075686,1464859,1628209,10269292,11820884,12143092,16022197,17612977,20963257,11733626,14415221,10087786,10726830,10687161,9016396,22083709,62482692
247,000732,2017-09-14,0.023007856341189736,0.02076318742985417,0.44585663327176017,14640.0,165367.28996236934,1598,45163874,48127134,2132301,1018775,7111081,5961714,4586274,7443420,8060916,10548011,3063572,5569463,4617083,3913499,1721224,1775832,13871423,11896420
248,000733,2017-09-14,-0.0023446658851112856,-0.0123094958968345,0.40445766804069117,28764.0,115426.57545671919,1779,61108928,50361704,923572,1199012,8224880,10245540,10327041,9952912,14228265,13886835,7402118,5372533,4539678,4152133,2604442,1779343,12858932,3773396
249,000735,2017-09-14,0.02467343976777947,0.02322206095791013,0.16364285845095594,22272.0,262900.4932108184,1775,70213518,99936662,1482309,1102147,8234774,6582530,6976185,8125276,10474213,12562555,10233985,9936383,8326767,11223505,2174946,4853940,22310339,45550326
250,000736,2017-09-14,0.08815232722143862,0.08815232722143862,0.40586665411312417,23145.0,257418.26231252347,1223,61761572,52033465,1445585,304248,8309450,2604867,6641857,2333812,9825709,6642445,5493515,4669938,4550882,6267407,4065706,4502477,21428868,24708271
251,000737,2017-09-14,-0.02034883720930225,-0.026162790697674354,0.13576063233812197,28329.0,309847.8603571528,2578,151332622,118826360,1293543,1688454,9939645,12909418,11482026,13571281,18052979,20991676,13079195,8524416,11882707,10178586,11253440,9026144,74349087,41936385
252,000738,2017-09-14,-0.010542168674698815,-0.010040160642570406,0.5101879577776041,17901.0,107512.96880023304,1524,47488112,27373179,1587744,1371260,8090676,6091723,6691207,5258698,11149834,4495093,4449444,4939204,2793618,2129304,1339221,2195940,11386368,891957
253,000739,2017-09-14,0.02130492676431417,0.017310252996005415,0.20124586505751274,15380.0,170246.5725671349,1395,35287840,52565228,1426772,841814,7530487,5059748,5708861,3844691,5401341,7131224,3849988,5284204,2759720,2154399,918802,2748854,7691869,25500294
254,000750,2017-09-14,-0.0032679738562092497,-0.0032679738562092497,0.1505364357864351,16605.0,188885.00844272,1655,51931650,45336705,1091371,1610001,6128154,9829060,5138780,5625511,7481089,10750729,3327600,1715169,4940447,4746970,837924,2224847,22986285,8834418
255,000751,2017-09-14,-0.03129657228017879,-0.02980625931445602,0.11976740144400795,43197.0,295779.2688184874,3148,224885977,151151983,1223721,1647598,15013919,14131628,19462524,20114939,33023901,28746817,26190365,14353138,20861962,12568832,13769322,10034130,95340263,49554901
256,000752,2017-09-14,-0.014237288135593329,-0.014237288135593329,0.3269949826742814,23264.0,107007.71341766107,2036,63816312,43765812,1308455,1212885,12929726,10261136,12157702,7590864,16190546,8171325,6771093,5077296,3977206,2290034,1238193,910419,9243391,8251853
257,000753,2017-09-14,0.00424628450106157,0.002123142250530785,0.16241822100776876,9440.0,63076.46356225871,841,12418934,13876958,867473,1106931,3496332,3896827,1357502,2370523,1901594,2587246,523873,2720139,2781013,724292,885003,471000,606144,0
258,000756,2017-09-14,-0.026757934038581177,-0.021157436216552528,0.48098659653346637,15890.0,187021.6034232017,1118,43223138,21175972,554333,1376172,5490339,3946601,6961437,3311844,6419788,2528350,3105361,1481419,1703981,355712,816860,2312003,18171039,5863871
259,000757,2017-09-14,0.0014025245441795509,0.0014025245441795509,0.2982151186410316,12138.0,72435.10412304512,571,10963475,6519189,458622,567089,2600009,2446831,2364839,1278959,2284310,1045726,938274,466584,0,0,0,0,2317421,714000
260,000758,2017-09-14,-0.010962241169305886,-0.013398294762484886,0.14674516997826795,64068.0,782868.7239203756,3136,329457916,314553717,827228,1542511,10336181,13991202,17805590,20260785,30833554,39548054,27484575,30902433,21771764,21666702,23372551,22020522,197026473,164621508
261,000759,2017-09-14,0.00219780219780219,0.004395604395604602,0.30256351073587806,10956.0,75758.14207848172,904,12827354,16466302,903362,1177869,3809409,3999589,2051989,3565469,1859870,2501517,910869,3137542,969584,0,499590,457500,1822681,1626816
262,000760,2017-09-14,-0.003972194637537285,-0.006951340615690249,0.2739712272487322,16478.0,120314.42525822403,1352,37354032,28363391,1508400,1073303,7072992,6154160,5533679,4656953,6538054,4422022,3212273,3353917,2398556,0,1342281,0,9747797,8703036
263,000761,2017-09-14,0.02467343976777947,0.02322206095791013,0.1276762049007963,44144.0,1215492.8638254453,2934,376627804,348171975,1756335,1298933,9519391,11433986,11828777,12904348,24907163,24092857,20188146,22173084,20845608,22970335,12497073,15000283,275085311,238298149
264,000762,2017-09-14,-0.03713298791018993,-0.023316062176165775,0.3926031304237583,190570.0,2290702.788220924,3512,957533656,845491087,283841,347739,7205804,7702386,15472226,17510495,40844994,43050144,38114532,47205737,39957721,37473582,46528222,41173127,769126316,651027877
265,000767,2017-09-14,-0.005571030640668551,-0.00835654596100277,0.13019214609980578,3590.0,86902.46876405536,761,11903956,8229824,547412,604650,2052672,2080023,1473556,1127945,2277010,1605045,506802,485009,1035180,358000,928032,914769,3083292,1054383
266,000768,2017-09-14,0.0021645021645020357,0.0021645021645020357,0.391070046333185,18510.0,147932.6846611001,2233,80223224,48362782,2449394,1055384,10984482,8005700,10755847,8289375,13184272,10437716,6298869,4757615,4290797,4253682,4568252,1840217,27691311,9723093
267,000776,2017-09-14,-0.012545739675901668,-0.003136434918975417,0.34965581741028634,80976.0,502418.21429031953,2995,376522805,324531101,1139799,992083,10002731,10979548,16703899,15871918,35291178,32253087,32671436,31580822,23123416,20877752,25486430,18083709,232103916,193892182
268,000777,2017-09-14,-0.011666666666666714,-0.009444444444444589,0.5372339193284503,17900.0,93923.13968705342,1122,35379375,18830857,1088544,719587,6972017,3571498,6742927,3003541,7767464,4471675,3382519,1453155,3120289,2072430,1366665,1388860,4938950,2150111
269,000778,2017-09-14,-0.005997001499250421,-0.007496251874062887,0.13148492587887484,20040.0,196267.73828689335,2578,116525145,69478104,1960692,1551132,13043184,11489192,12665679,10350782,17193527,11460310,12867986,10843315,7567328,5611841,6351059,2596730,44875690,15574802
270,000779,2017-09-14,0.0026845637583892135,0.003355704697986406,0.40796929810748583,1506.5,41391.21882829451,1334,7808156,12519820,451855,1913818,2596106,3417784,1765812,2636410,1014006,2567288,1036675,1307480,375250,0,0,0,568452,677040
271,000780,2017-09-14,0.0,-0.0037037037037037646,0.21353388313765728,12953.0,79423.0011749136,639,15551096,9105728,631353,375182,3683414,1790243,2321287,1645647,2690553,2529864,1499308,1048322,1744580,1716470,908621,0,2071980,0
272,000782,2017-09-14,-0.0031152647975078995,0.004153686396676903,0.2932900776019402,18249.5,77379.8904865444,1078,26663599,18779852,1200408,856909,6323289,4488537,6081780,2918327,4504960,4949989,4407031,2205481,1478738,687624,1393466,444661,1273927,2228324
273,000783,2017-09-14,-0.005005005005005114,-0.004004004004004136,0.22387379901731547,20120.0,310074.0004817014,1992,89576638,91181670,1549303,1391727,8495067,8701610,8524403,9260839,14539793,12641159,8319333,6847963,6002690,8264042,3885472,2266271,38260577,41808059
274,000785,2017-09-14,-0.0008865248226950229,0.0,0.4652768213462922,18016.0,102226.1282770135,587,17072705,13139742,412144,431400,2069509,2978754,2837677,2217720,3383001,3184120,2296924,1198802,2224866,0,468120,926038,3380464,2202908
275,000786,2017-09-14,0.00441640378548902,0.003154574132492094,0.31052650048850916,43254.0,436923.95271484967,2607,227311696,193185691,1406161,1194332,12356654,11586435,14032960,13543703,24087856,24539969,12623417,18927775,16145418,21001499,13340961,10420534,133318269,91971444
276,000788,2017-09-14,-0.00666666666666671,-0.005714285714285783,0.4283634438184472,10500.0,68137.95780985588,600,11573704,7452854,507061,348738,3042104,2135067,1668121,1844771,2353760,1784461,1604587,221550,321300,1118267,0,0,2076771,0
277,000789,2017-09-14,0.036904761904761996,0.030952380952380842,0.1628889859524893,42384.0,262524.2379238241,2669,169596976,181437623,1747811,1491214,9912430,8839285,13973229,11184243,25013560,24184226,26467371,20535046,17141765,21262722,17456907,11189341,57883903,82751546
278,000790,2017-09-14,-0.01002004008016033,-0.01102204408817642,0.40732202350638164,16983.0,105156.09917770275,600,18726208,6399424,483515,511978,3464893,2473477,3462889,1602954,3365314,883647,2238268,202368,733427,0,870639,0,4107263,725000
279,000791,2017-09-14,-0.002424242424242329,-0.004848484848484769,0.2753798553716136,16480.0,62300.49487584801,897,17111443,16699731,880290,824214,3958614,4933675,3497854,3436614,4148029,4409232,1182012,1674598,1634600,0,1810044,843898,0,577500
280,000792,2017-09-14,0.051063829787234116,0.027659574468085202,0.2441439126966246,150885.0,931671.2554866292,3343,680862155,774120499,476433,531782,9749602,8732025,16509278,15468659,40390305,33654526,40028820,36071131,31205575,32479994,33722857,33557544,508779285,613624838
281,000793,2017-09-14,0.0009551098376312517,-0.0009551098376312517,0.3094266341746499,12492.0,390556.27821634436,1145,51233445,59272987,623979,951225,3787771,3460243,3998578,4097787,6632042,7045822,4748686,4057571,3097843,4810058,2494444,1316648,25850102,33533633
282,000795,2017-09-14,-0.027586206896551557,-0.03563218390804579,0.14671786032035003,100138.5,564036.9411425566,3526,447494456,355460027,557476,511846,10605160,12464215,23807517,27544040,50301523,53424120,44964643,45221801,38179281,34468504,30467069,24052780,248611787,157772721
283,000796,2017-09-14,0.07099879663056563,0.05234657039711177,0.29829735995683754,52668.0,175855.10516944676,3109,155206710,195283033,892892,1187295,13645005,13282749,20225394,18251508,36449516,36852382,23303576,30092091,18061757,18234587,12774335,17997293,29854235,59385128
284,000797,2017-09-14,0.03311867525298995,0.034958601655933785,0.25117054033318587,31570.0,201748.92269836794,1874,68610060,120067388,721630,1184742,7248409,8743919,8129871,11229191,12009611,15077405,9650885,14430556,6020140,11817441,6223853,8184003,18605661,49400131
285,000798,2017-09-14,0.014344262295082011,0.014344262295082011,0.26352035363209264,14880.0,67956.5395699139,1372,24731294,25180898,1590942,1384031,7158605,6162503,5567329,5371720,4333215,5998038,1750181,2474675,2858646,955437,809359,408804,663017,2425690
286,000799,2017-09-14,-0.003424657534246478,-0.008561643835616417,0.5017753943242247,86115.0,395342.5134832531,3390,353318135,283255491,923239,626767,13927023,10963056,22117585,20177677,41773104,42550392,35580362,32450052,34405095,30581806,34993805,27169729,169597922,118736012
287,000800,2017-09-14,0.014427412082957725,0.018034265103696878,0.2507584484933445,31220.0,256420.8050720919,1957,97901052,103255059,963737,789724,9181634,8628879,9569012,9086036,17010949,17730679,11268893,12234288,10329183,9107831,3984162,8150119,35593482,37527503
288,000801,2017-09-14,0.003671970624234966,-0.001223990208078285,0.22617894883890696,13247.0,120399.40058989238,1305,32445699,30527752,1448878,1154784,6523958,4240622,5011060,4875307,4044020,6081118,2773440,4987310,780931,1056076,1852623,2555620,10010789,5576915
289,000802,2017-09-14,0.010550996483001063,0.004689331770222793,0.38233182238049374,25650.0,174619.110576369,1991,55581159,71084184,998146,1136366,11112101,11109622,11533888,9360160,12452759,14900947,5832499,5961776,2981682,5851711,4954293,2165024,5715791,20598578
290,000807,2017-09-14,0.050392670157068054,0.008507853403141308,0.25779218511632573,197868.0,861930.4001495648,3527,696867540,849133099,319426,326343,6986410,6696915,16336775,15476478,48860722,44001273,48712711,46484072,45817403,39527034,42845941,43294580,486988152,653326404
291,000809,2017-09-14,0.0,-0.0024691358024691024,0.24167649991723414,11932.5,103180.48786478885,280,8502967,4338094,227996,214000,1486762,764215,1322619,654224,381334,579959,832692,1315728,393092,0,1748480,809968,2109992,0
292,000810,2017-09-14,-0.026382978723404338,-0.025531914893617058,0.2817851077940445,13818.0,75640.03173270078,1740,38322839,24935099,1533505,1261190,9281717,6925275,7529993,4610449,9821713,4994182,4409840,1910633,1636893,968251,1721562,1398404,2387616,2866715
293,000811,2017-09-14,-0.0009940357852882276,-0.0009940357852882276,0.34679816576710115,11033.0,172708.05256913026,841,28067800,17415714,596629,751551,3264589,2967098,3039571,2622591,6479892,3298653,931634,1533614,0,0,400400,0,13355085,6242207
294,000812,2017-09-14,0.014380530973451489,0.007743362831858391,0.20498897329103766,21114.0,116621.26469396573,1946,48214885,64890048,1636357,1553406,7614352,10841242,8659823,10653452,11684399,15408683,4653103,9410076,4898126,3351865,1811811,4402057,7256914,9269267
295,000813,2017-09-14,0.0012062726176118588,0.00361881785283491,0.21133319907722622,2502.0,43195.64219578241,1540,7663149,8830569,1295513,2704880,1714909,2402736,1368798,1286172,917635,734695,509184,0,0,355710,435870,444822,1421240,901554
296,000815,2017-09-14,0.018436109345200125,0.00445009535918639,0.39125002577158424,20189.0,107979.19911248778,1618,39361939,43885469,1402817,798809,8456193,7897991,7893310,5935028,7622395,11168415,5386270,3979510,3385902,3177642,966669,3138564,4248383,7789510
297,000816,2017-09-14,-0.008368200836819994,-0.012552301255230103,0.18099630913766518,13490.0,199534.53318793475,1570,66596288,36765201,1758467,1014840,9324763,2960857,6167738,4492032,8389565,5833657,6931646,3244371,4744569,3524295,3492222,2258826,25787318,13436323
298,000818,2017-09-14,-0.016170212765957426,-0.020425531914893602,0.3075372348605464,16907.0,123051.1256277257,1460,44427439,24800105,1012419,1082880,7938987,7261616,5911486,4097453,9887729,4332987,3656778,1705441,3897675,965440,924598,435664,11197767,4918624
299,000819,2017-09-14,-0.025879917184264967,-0.03105590062111807,0.48601188730995964,19130.0,80692.1578787521,1581,41002232,26055356,1246022,1328434,8685800,8717260,8192350,6025694,10415452,5333270,4670721,1521914,1123397,356076,445830,1260528,6222660,1512180
300,000821,2017-09-14,0.0022658610271901747,-0.0007552870090634656,0.31933482527188045,10628.0,98078.4524711515,1720,41034199,26808479,1963702,801358,7180565,5619421,5786949,4788206,6693584,4886758,5044025,3815231,2891637,2082072,2643795,1373748,8829942,3441685
301,000822,2017-09-14,-0.0015723270440252124,-0.02437106918238996,0.2326504598793243,45216.0,353165.50932425226,2995,218595332,150146684,899505,1123655,14886513,13175708,21409606,16851385,31676094,27004392,25167536,18156060,20962132,11481259,7559532,9415712,96034414,52938513
302,000823,2017-09-14,0.0189473684210526,0.011228070175438587,0.3305967732317851,19880.0,169368.504720249,1860,70270470,64547258,1476886,1283822,8462256,5647525,8661150,7860404,13619030,13689174,6621849,7098613,4788630,6280304,3703244,7343913,22937425,15343503
303,000825,2017-09-14,-0.007168458781361964,-0.014336917562724039,0.09648447082265854,42712.0,435248.7915973404,3361,271721127,268454911,1135119,1751288,11355036,14085312,17127193,18754991,29670179,32426252,25027379,23848205,20621660,17584440,16002212,14757311,150782349,145247112
304,000826,2017-09-14,0.008751458576429227,-0.0014585764294050563,0.9059369199914382,23936.5,286511.4998557371,1432,58671157,51988714,586444,777161,5594907,8469218,7736983,6234749,9747541,10264805,5424783,4395188,13233687,3098582,3127452,942973,13219360,17806038
305,000828,2017-09-14,0.002336448598130758,-0.002336448598130758,0.3280677544003297,26010.0,170983.4633298371,1532,57575996,70584621,873112,746380,7149809,7057115,7025797,8741865,10840057,12164789,7741700,10031938,4765320,7100709,1759865,3175783,17420336,21566042
306,000829,2017-09-14,0.001865671641791078,-0.004664179104477695,0.33807652805000543,17104.0,111756.67986763752,1005,32080343,15964087,700333,665416,6067209,3067080,6630080,2423853,6298592,2536256,5193357,1385138,1967290,1043005,2107344,407289,3116138,4436050
307,000830,2017-09-14,-0.0009813542688910104,-0.0058881256133462845,0.18165584863540862,35805.0,234103.121733537,3154,196838576,153371071,2158091,888838,15922032,10748807,19300426,12724811,33923110,23979087,24379838,16339041,17822833,17818979,9588360,10635290,73743886,60236218
308,000831,2017-09-14,-0.009227220299884653,-0.027104959630911085,0.29921294535506077,119473.0,668243.9284482057,3366,577612038,429862305,512696,588530,9223166,10949233,17452861,19217456,43672651,42936817,36093004,38483784,32836206,37841029,32893321,28919770,404928133,250925686
309,000833,2017-09-14,-0.015695067264574036,-0.024663677130044914,0.185729908827312,26099.0,182986.34855774202,2310,98132223,71343529,1739653,1616162,12084148,9408244,13456109,9413377,20639394,14355904,12958731,10481193,10312164,4374371,6115648,1779117,20826376,19915161
310,000835,2017-09-14,0.009164969450101923,0.0010183299389001643,0.29401784105809586,15696.0,62363.5045483646,1115,21205791,18582924,1178347,1325229,5725145,5318639,5254233,3268614,4087511,5441376,1521734,1321405,641137,1427996,971119,479665,1826565,0
311,000837,2017-09-14,0.005188067444876765,0.005188067444876765,0.21429946875749584,15340.0,118026.3599409249,1295,27322648,35404016,1135499,1160616,5965201,5107388,5061614,4638803,5267566,7103429,4224815,3371795,2536040,3176594,0,1757005,3131913,9088386
312,000839,2017-09-14,0.007292616226071136,-0.013673655423883324,0.19028683908342972,79348.0,551796.9385994173,3328,442828789,316800001,818932,956108,10884961,11840717,22944323,19826320,44836940,40984849,37002101,32800050,27313558,22547654,19957781,19287468,279070193,168556835
313,000848,2017-09-14,-0.00640341515474907,-0.00640341515474907,0.3045554001676784,10274.0,123483.70641649223,946,25834575,12538604,1142268,925355,4701837,3564923,3604915,2685748,4480751,1707284,2094455,1139480,1015696,0,890605,0,7904048,2515814
314,000850,2017-09-14,0.0,0.0,0.23732143925448412,10260.0,131271.64778250424,517,9004245,8799806,389829,625332,1316238,2336721,1347045,2421167,2019903,1602001,506699,248156,724531,315900,0,0,2700000,1250529
315,000851,2017-09-14,0.005240174672489051,-0.006986899563318771,0.26131111708524063,27600.0,161090.39338005718,1921,72962293,73101376,1218555,786548,10060212,6925747,11106401,8745908,16213368,21825909,7637131,9197083,7861924,5275300,3210355,3610806,15654347,16734075
316,000852,2017-09-14,0.03191489361702127,0.030496453900709097,0.27008757442538467,32545.0,235343.1660082456,2727,110212945,171174148,1062792,2218075,12355964,14291088,16235745,15708168,20127180,22310850,10558489,11190669,7285910,10829976,6659940,8561886,35926925,86063436
317,000856,2017-09-14,-0.010884831460674094,-0.010533707865168607,0.5863654907901791,28440.0,131661.2473995561,2359,91010268,54758476,1250173,1267216,13616984,11670393,18713133,12397591,19338946,12803814,11261350,7020640,5603412,3290026,5199189,1249890,16027081,5058906
318,000858,2017-09-14,-0.001093693036821053,0.0014582573824279965,0.9301591821876262,148743.0,502925.4640135334,3480,420207069,540644044,142646,153639,8810306,6952802,20387300,23365702,49668697,60928671,47222676,61165471,40077470,40312668,26034208,32292686,227863766,315472405
319,000859,2017-09-14,-0.013282732447817747,-0.011385199240986688,0.17826215068732967,14175.0,96812.04128739196,874,24440576,12785878,734819,555017,4114109,4019663,3389868,2281693,4377650,1716721,4151930,970319,1357936,2289012,1245997,953453,5068267,0
320,000860,2017-09-14,-0.00835380835380839,-0.00835380835380839,0.4343672761844654,18126.0,130812.20893003173,2195,73526569,45112625,2189784,813496,10290167,10414900,7935946,6002215,12692222,8415283,10743591,7466779,4875780,3136822,3111519,1320745,21687560,7542385
321,000861,2017-09-14,0.002666666666666595,0.0,0.1502407258783597,7540.0,63495.40411341838,623,10007135,6219029,628199,440978,3010471,1714020,1908394,1339140,1180169,707096,939804,768451,375000,0,905047,0,1060051,1249344
322,000863,2017-09-14,-0.0027855153203342198,-0.00417827298050133,0.3377890364260371,11520.0,185814.85316296664,451,9516903,10043764,306900,431438,1675815,2556671,1152526,1180210,1802594,565272,856987,0,696361,654053,485325,471396,2540395,4184724
323,000868,2017-09-14,0.0,0.0,0.2157579015320209,3028.0,728804.095795505,1230,53397793,0,2415866,0,5181665,0,4774088,0,3617998,0,2028003,0,764570,0,0,0,34615603,0
324,000869,2017-09-14,-0.012328383300644341,-0.011768002241524078,1.1984332639913493,17765.0,101835.10994142802,886,30953801,13420914,551370,701618,5268991,3672297,4151976,2496246,7061197,3763333,1958118,1392361,4801238,990144,0,404915,7160911,0
325,000875,2017-09-14,0.005952380952380931,0.001984126984126977,0.16764469800026846,10120.0,80600.04343919433,904,13853802,20697593,634913,734598,2571887,3294890,2413109,3967355,1802735,5688308,3310756,2665240,630114,2148992,0,2198210,2490288,0
326,000876,2017-09-14,-0.003994673768308865,-0.005326231691078598,0.16810671795368284,8261.0,165965.000498276,1997,67524529,25783053,4677780,1117720,9337495,4726028,6901108,3572986,8990559,4433646,4819977,2881782,2078236,2981041,3256493,402424,27462881,5667426
327,000877,2017-09-14,0.024806201550387597,0.027131782945736482,0.2209889896514827,85024.0,477216.2070529404,3410,375249081,477497433,747612,959893,11718596,13225083,17577030,22815046,36068860,37719284,35371004,35261637,25434726,30143176,28162670,29319851,220168583,308053463
328,000878,2017-09-14,0.00863213811420982,0.003984063745019917,0.2768014707003358,45330.0,373925.2119618824,2965,197714868,223755491,1606175,1224343,11375088,11774850,17083345,17017628,28516339,34136009,21507488,22234972,17548531,16953829,10811790,11203701,89266112,109210159
329,000880,2017-09-14,0.0035087719298245723,0.0035087719298245723,0.4357574978930459,5797.5,42218.757037916585,684,6585928,7643420,617882,1060593,1952485,2323543,1308608,1391325,1691449,1619535,205920,439752,348384,363612,461200,445060,0,0
330,000881,2017-09-14,-0.0072202166064982976,-0.008423586040914643,0.5147171451975798,8245.0,84879.72600870689,1042,22150933,14898684,398032,1927162,2626103,4046942,3533081,2598658,4005722,3568282,1468777,1127241,3714739,1047949,1485900,0,4918579,582450
331,000882,2017-09-14,0.0,-0.002739726027397249,0.1363578890004272,7300.0,112457.1456267893,717,16953186,11234927,803061,410170,3095747,1975089,2043613,839504,1981537,1181278,2721700,465218,2447200,1449486,409895,1282651,3450433,3631531
332,000883,2017-09-14,0.0019607843137257053,0.0,0.1644665116339054,4075.5,92836.13376148653,962,15945866,10206714,1069218,529552,3941514,1186279,1984302,1504193,2325665,1788309,1465757,1283350,1044211,359233,481439,487243,3633760,3068555
333,000885,2017-09-14,0.02971261568436434,0.037506088650755,0.36227537508106383,76248.0,329912.8143485202,3215,278881131,298397730,673690,549359,12946452,12021577,19912338,21255764,36235018,39493063,37504679,27779734,26928969,26664726,27348818,16799290,117331167,153834217
334,000886,2017-09-14,0.049679487179487225,0.040064102564102644,0.1460385523467585,20444.5,247867.25026311926,1830,79744185,105770461,1662245,948746,6865987,5453873,7449330,7576076,14403402,12948758,8795831,10297057,10951472,8915536,4296659,5932459,25319259,53697956
335,000887,2017-09-14,-0.007655502392344471,-0.02248803827751189,0.41157041035176806,38807.5,258265.7502440371,2580,182134427,113010817,1369580,680443,15842724,8782949,17794999,9444091,26224345,19238387,19483293,15350015,11806296,7643492,11925840,8384414,77687350,43487026
336,000888,2017-09-14,0.010961214165261524,0.00337268128161905,0.3132821314562405,23860.0,138029.64918504466,1433,45139920,44174294,590851,961044,6827986,8919815,6617629,7877450,7839385,8236669,4882091,4483690,4226802,3893806,3163431,2360009,10991745,7441811
337,000890,2017-09-14,-0.01122194513715713,-0.012468827930174564,0.2795669782006022,7940.0,131403.9929606844,823,20230149,7255374,841052,679117,2851808,3060071,2586453,1096009,3474067,891479,559258,779426,759069,749272,935352,0,8223090,0
338,000892,2017-09-14,-0.0060606060606061,-0.002424242424242329,0.35151451353129143,12412.0,58707.76886152444,550,9302782,8407869,690802,492443,2826675,1966883,2275508,1983597,2207435,1727827,970310,219450,332052,0,0,1393357,0,624312
339,000893,2017-09-14,-0.023890784982935065,-0.020477815699658675,0.3206318429522111,13095.0,51486.38851580832,751,16217775,7940347,980858,639202,3615368,2743512,3223362,2275862,4950610,1670502,2397955,249945,638372,361324,411250,0,0,0
340,000895,2017-09-14,0.0026155187445509043,0.0026155187445509043,0.42401407901977534,29926.0,169875.2671290112,2941,101155164,72420051,1976592,700803,27169394,17412713,18285121,11799812,11956445,14157234,7405202,13761159,4803637,4013032,2691340,2316091,26867433,8259207
341,000897,2017-09-14,-0.009070294784580546,-0.0113378684807256,0.13244776034358166,8740.0,66838.11136841748,1110,20791913,9569066,1174576,1089795,5016413,3645586,2664093,1763875,4242877,2247684,2867623,515526,985848,306600,1340616,0,2499867,0
342,000898,2017-09-14,-0.043010752688172116,-0.034946236559139865,0.14583285467587176,29783.0,354868.17097686033,2610,195182499,144522098,1681906,1511754,9812410,9890137,13143522,12458985,21233953,15493673,14610111,14190469,24219245,12785984,13954778,9969512,96526574,68221584
343,000899,2017-09-14,0.005457025920873049,-0.0013642564802182067,0.3770690809719516,10995.0,127929.74213700538,377,10609182,6139596,262379,439444,1237235,1670216,1005453,976228,701339,1065502,994023,1207358,1102978,368000,0,412848,5305775,0
344,000900,2017-09-14,-0.004846526655896688,-0.001615508885298933,0.20597311101749297,8666.0,142194.1480387147,903,21732418,11687875,599287,1379474,3276938,3039040,3750878,2364411,4326737,2170441,1005712,459647,1827416,307520,409996,1349342,6535454,618000
345,000901,2017-09-14,-0.008224811514736086,-0.008224811514736086,0.7296452916654914,28950.0,111203.79731860454,1599,58636159,33964470,1080237,816752,10267810,7147814,7794273,8432891,13371454,6808111,6888297,4658735,3039250,2816883,4018313,1391584,12176525,1891700
346,000902,2017-09-14,-0.0030991735537189147,-0.01342975206611563,0.2820719461181123,11472.0,197593.6024235086,1178,37803285,22217133,1031868,1516895,5519259,4390990,4426234,3634703,3629503,3443691,2999338,2133041,687115,2291323,1363056,1328175,18146912,3478315
347,000903,2017-09-14,0.0,0.0,0.11299679290626169,8547.0,89724.72310396796,1300,28445660,14742988,3465211,813786,5197286,3214937,3269178,1702029,3981987,1200694,4890512,1312891,1728887,306000,884631,2222192,5027968,3970459
348,000905,2017-09-14,0.006333567909922566,0.0035186488388458947,0.30749942892423915,22808.0,120498.80374713597,2136,57043698,65769955,1271062,1624543,9738196,12821835,11900049,11750430,12051929,12318349,6241849,7528336,2933261,3458230,1785126,4736119,11122226,11532113
349,000906,2017-09-14,-0.013555787278414888,-0.014598540145985495,0.36127034752768783,12395.0,96304.25539310639,704,17752467,9172801,762103,799295,3262492,3174371,3517508,1562120,3529723,2095383,947927,516655,1746416,364810,901995,0,3084303,660167
350,000908,2017-09-14,0.014608233731739695,0.019920318725099584,0.26194835437247416,19212.5,92225.77350636883,826,12618308,25865910,560883,639860,3855714,4290277,2895123,5080386,2473489,5856693,1504683,2792234,1328416,1019168,0,861443,0,5325849
351,000909,2017-09-14,-0.008843036109064228,-0.008843036109064228,0.38065367724082944,14861.0,77168.10123962474,1271,28461522,19382143,1008901,934732,6785944,5576940,6445705,4460541,4952972,3539373,4157618,767685,1507008,1088032,1338294,415064,2265080,2599776
352,000910,2017-09-14,0.004640371229698292,-0.007424593967517379,0.4689945383005908,4326.0,102490.30939778654,2113,36900607,19206905,4291659,1417196,6151040,3703272,4086700,2541282,4073004,3901637,2161502,1796807,2510607,1085740,919365,876210,12706730,3884761
353,000911,2017-09-14,0.009009009009008917,-0.004095004095004184,0.29383195990348154,21888.0,112652.45023835388,1727,54854050,44315887,1375667,1013520,10407985,6943754,8440995,6755804,10643475,8462887,6336093,8082825,4586629,3094927,1377207,1307223,11685999,8654947
354,000912,2017-09-14,-0.003937007874015852,0.006889763779527547,0.18217283822321373,37499.5,222942.76101242792,3116,168121707,131777952,1350912,1173656,15116460,12823371,18707736,18095669,32829509,24046114,26439642,16661678,14784367,10620644,11194053,7509118,47699028,40847702
355,000913,2017-09-14,-0.0016295491580663457,-0.007061379684953795,0.6101527398101547,17544.0,76165.06547785681,910,22372647,11146887,875776,718128,5772363,3571106,4608581,3222469,3963330,1797227,1671043,206250,2042227,377580,429664,0,3009663,1254127
356,000915,2017-09-14,0.018214392355927034,0.00447894893998213,0.8077557017268954,33840.0,158021.47260297104,1719,56373437,76583936,591722,971891,6546832,9138935,8200551,11468463,11300147,22401137,8148350,8123033,7133839,3913078,2637119,5449140,11814877,15118259
357,000917,2017-09-14,-0.0045787545787546735,-0.003663003663003539,0.2989487623237709,16432.5,161392.43378431068,1334,47858232,34369148,1056738,769303,6094845,5984733,5254325,4845580,6966083,6707774,4470638,3046550,4532579,1681815,5270351,2134692,14212673,9198701
358,000918,2017-09-14,-0.008474576271186529,-0.01412429378531066,0.18380452149253226,14140.0,146776.4503303765,1485,42259535,38149796,829120,1736437,5116043,8188319,4373835,7493857,6392155,5322385,3075283,5151161,3558948,2059934,1350157,3167580,17563994,5030123
359,000919,2017-09-14,-0.0055299539170506895,-0.014746543778801802,0.3553051130315325,12948.0,133381.3118730393,932,37500861,10810951,1178338,509881,4349598,3602911,3327095,2471607,5299087,1216741,3843053,2253757,3066383,0,1333646,0,15103661,756054
360,000920,2017-09-14,0.0008547008547010737,-0.004273504273504147,0.42642411267716807,17550.0,65030.915528349185,752,15423187,15088627,467387,506732,4147505,3419135,3525898,3345709,3954172,4323144,1270851,1682738,1310914,641865,0,0,746460,1169304
361,000921,2017-09-14,-0.008895478131949686,-0.015567086730911894,0.2978829258369423,26780.0,135574.125384805,2052,85637843,45030945,949210,1068195,14422549,7371949,13435063,12118405,17238604,9353663,9276121,5972214,7400546,2338972,7127137,1398950,15788613,5408597
362,000922,2017-09-14,-0.006009615384615419,-0.009615384615384581,0.2781120242916804,11648.0,74191.23857092253,895,18987469,10739542,919699,1023960,5162952,3533684,3095039,1575005,3158355,1396672,1142958,663612,1014598,307470,2921761,898900,1572107,1340239
363,000923,2017-09-14,-0.002083333333333437,-0.011805555555555514,0.7620044851785402,19995.5,74500.02213239564,1428,35505167,27214437,1031637,1085049,8097757,7542938,7119568,6172144,7225898,5431516,3767722,3399972,3776062,1455005,1342803,892065,3143720,1235748
364,000925,2017-09-14,0.002318840579710102,0.0017391304347826875,0.7178722392525303,17300.0,110922.09567838226,577,12594264,9441740,551532,497012,2610352,3151863,2341770,2312935,2305763,1555519,676421,641761,356867,652770,0,0,3751559,629880
365,000926,2017-09-14,-0.005595523581135131,-0.007993605115907298,0.3303741406825707,11196.0,124352.67362304073,1434,39182540,34900433,1278615,1480718,4306201,5196865,4723686,4627879,7446539,8690541,4604784,3065954,3955313,2411593,1349291,2702964,11518111,6723919
366,000929,2017-09-14,-0.00511695906432752,-0.004385964912280715,0.6271154756771634,10960.0,59702.50988073784,475,7758286,5099796,436362,491259,2106519,2083452,1417871,1248071,986580,754275,667766,522739,0,0,850560,0,1292628,0
367,000930,2017-09-14,0.019886363636363535,-0.005681818181818232,0.2372863243906483,142494.0,3100167.123234917,3527,1029490796,881852318,418974,573648,10207064,9771605,23430002,17894483,46203508,44680021,46159358,39365199,33915166,40962805,31700580,33812423,837456144,694792134
368,000931,2017-09-14,-0.00649350649350644,-0.011688311688311637,0.24532772236388511,11460.0,118781.0759094444,985,28175757,12782379,1168542,992661,4852345,3382367,3552300,3362275,2889522,2132935,2934368,1029521,2133976,382500,1339158,891320,9305546,608800
369,000932,2017-09-14,-0.030000000000000027,-0.03400000000000003,0.17947295965614724,45908.0,343830.0002069325,3116,250249112,227218589,1387065,1513387,11004306,14145076,14678348,16767095,26847408,34411292,21318556,19579888,16392739,15243511,28929673,16551642,129691017,109006698
370,000933,2017-09-14,0.006164383561643838,-0.002054794520547909,0.25485159651041633,89273.5,635521.3114102924,3292,393688138,417451403,726347,679980,12219342,9748811,21310344,19882071,40015741,41750003,36722036,35746502,35876453,25439839,24575343,27952717,222242532,256251480
371,000935,2017-09-14,-0.06881930854533591,-0.06066536203522499,0.5231174016034389,104328.0,2126644.7111959746,3449,588079553,728840138,484741,813993,9766373,13237114,18017874,22315707,34431081,39517701,28278848,41941196,26059191,29955039,22653891,34090607,448387554,546968781
372,000936,2017-09-14,-0.008086253369272156,-0.009433962264150941,0.24018614514630207,11107.5,76284.52714771588,954,21951331,11629089,1001548,907093,5036913,2904528,4100492,1649558,3455571,2796028,2242655,1948245,2845704,301658,883680,470640,2384768,651339
373,000937,2017-09-14,-0.014986376021798309,-0.012261580381471404,0.14133215049772835,35160.0,183918.267652369,2702,165916242,105484353,1896418,964565,12394188,7637028,17308351,11673302,26313316,18085606,20603759,18058054,18480727,13297650,10700067,6344416,58219416,29423732
374,000938,2017-09-14,0.007562736335510412,0.003781368167755206,1.4608842232210666,29377.5,249864.81007457987,1586,68815714,62993053,717814,1250585,7076673,6997235,10153938,7305199,12588518,9176097,5879055,6207083,4698357,4485288,3694311,2805040,24007048,24766526
375,000939,2017-09-14,0.053211009174311874,0.038532110091743066,0.10974846505805469,27636.0,208452.35231044661,2474,81360938,127597476,1545593,1467994,9456531,10680808,10992704,13152060,14377815,25218142,12800314,15164518,9059852,14406144,5337949,6400593,17790180,41107217
376,000948,2017-09-14,-0.007346938775510181,-0.007346938775510181,0.4401449713797863,6140.0,41623.605818009855,774,8172894,7646711,516431,1349254,2601119,2732186,1575222,1487569,1747262,607228,991925,1052014,339325,0,401610,418460,0,0
377,000949,2017-09-14,-0.006564551422319487,-0.008752735229759279,0.1668801518056197,9988.0,91915.79868635548,750,15877921,11920280,560920,936065,3259460,3589067,2272372,1975757,2532775,2737548,1165982,1690307,0,310536,908000,0,5178412,681000
378,000951,2017-09-14,0.0049450549450549275,-0.0016483516483515315,0.3931287818316572,20592.0,138559.59081091065,2144,60933609,68166863,1273581,2058983,8584815,10128886,13273605,11414673,12762514,13815527,7903027,6720920,5015155,3413285,1349525,2659680,10771387,17954909
379,000952,2017-09-14,0.03273625694873372,0.024706609017912218,0.36738714469177,29151.0,132459.42517530007,1942,50901812,83690166,1472926,1189392,10083763,9717973,11029210,11336478,11770293,16773135,6304922,10091633,2319338,9062385,2785817,5904971,5135543,19614199
380,000955,2017-09-14,-0.02682563338301036,-0.03129657228017879,0.23394670604980403,16750.0,116823.84880787523,823,28284266,14912780,593626,564574,4198269,3248852,4887975,2438508,4505373,2029203,4105908,444200,3388496,1258947,1422557,1684736,5182062,3243760
381,000957,2017-09-14,-0.018712574850299424,-0.018712574850299424,0.27280663125570603,33891.0,372558.6255893086,2402,136800021,152096185,1198994,1271695,10214697,11647922,11646446,10983305,21308224,16779663,13953418,13021550,13077987,11712248,9557283,11586487,55842972,75093315
382,000959,2017-09-14,-0.008021390374331583,-0.010695187165775444,0.1367000466900553,10395.0,84236.80093334215,2998,71783042,26033282,5735915,805462,18705206,5587060,14228625,4515213,11388180,4847521,6529581,2194207,2992761,2344885,3441472,833691,8761302,4905243
383,000960,2017-09-14,-0.01049868766404205,-0.011811023622047223,0.3134628803923807,34764.5,338311.69318510586,2366,169728035,121983583,1172288,1244019,11426666,9637768,14381092,11043731,21206231,15770755,18422930,12021507,15935514,9587981,13076188,5480661,74107126,57197161
384,000961,2017-09-14,0.060278207109737414,0.04945904173106652,0.11679711153035957,51525.0,418802.45572786994,3083,249594715,274768441,1334533,1097192,14122463,10105625,18754495,16112944,29653804,30315501,24485898,25939982,16664011,22477774,19995186,18508316,124584325,150211107
385,000962,2017-09-14,-0.0064814814814815325,-0.014814814814814836,0.26786829295039405,21420.0,143306.87096470653,1627,54710335,40482864,818758,1033451,8138301,8479200,8332219,6385403,9458770,7494716,7374024,5022007,4129303,2682418,2940815,1791511,13518145,7594158
386,000963,2017-09-14,0.012745733419745164,0.006480881399870464,0.9673587204809299,23205.0,175503.36445642274,2290,71223915,75303844,850132,2482782,18467212,11359257,9050554,5741406,8569794,10437972,7266545,7553489,3439402,4431754,3736743,8319922,19843533,24977262
387,000965,2017-09-14,0.00402684563758382,0.00402684563758382,0.20988393413986625,14980.0,74850.26598406232,1260,23805058,25709329,1119281,1374873,6490008,6222474,6187958,5197783,3091769,4773862,3312195,1897658,304630,2145063,1374615,1844106,1924602,2253510
