,code,date,pchange_whole,pchange,change_std,amount_median,amount_std,length,sumsell,sumbuy,sell_vol_0,buy_vol_0,sell_vol_1,buy_vol_1,sell_vol_2,buy_vol_2,sell_vol_3,buy_vol_3,sell_vol_4,buy_vol_4,sell_vol_5,buy_vol_5,sell_vol_6,buy_vol_6,sell_vol_7,buy_vol_7
0,000001,2017-12-14,-0.011406844106463865,-0.013688212927756682,0.18037888805855345,79910.0,758705.5938301161,5319,791789504,863214377,916226,1764266,14946291,25174783,23061297,37498743,49393447,66166176,34928749,49579500,41396579,41434948,42806978,41020398,584339937,600575563
1,000002,2017-12-14,0.0056780227120907245,0.0033400133600534065,0.3900685605248697,132484.0,488372.93962155416,5893,784668846,756352920,1191935,951493,14623403,15772873,35465572,40702213,83292354,89475017,92618234,83522853,78067778,79617662,49414830,55769040,429994740,390541769
2,000004,2017-12-14,0.030039181541140714,0.030909882455376625,0.5271480170238008,16478.0,126105.31943857999,1907,35018852,33983576,1943291,1377455,10961772,9163751,5494472,7165654,9479048,7207678,1008519,1984387,639355,1593192,1401563,1402363,4090832,4089096
3,000005,2017-12-14,0.0071428571428571175,0.0071428571428571175,0.11980591664892364,8380.0,50876.48229347104,1230,12494105,13962850,1202109,942790,3932423,4807639,1980451,2586574,1812086,2691474,679248,1194072,1430200,665550,1457588,488676,0,586075
4,000008,2017-12-14,-0.0024009603841536054,-0.0012004801920768582,0.22506328826168104,8300.0,60289.25004774422,1370,18221806,19745811,1581249,1406299,4941871,4881024,2819359,3295219,4086786,3238174,3178933,1809665,1115488,1752520,498120,2223230,0,1139680
5,000009,2017-12-14,-0.020242914979757165,-0.014844804318488558,0.14827742107279854,11040.0,166744.58214425042,2500,80058688,48510377,2120686,2369017,10881438,9007868,7804630,6072262,7708116,10927282,7659622,4770736,5847973,2539731,4150610,3459326,33885613,9364155
6,000010,2017-12-14,0.03802281368821303,0.001901140684410496,0.11497105836160482,9918.0,52023.3445592175,2096,30862400,21241453,2345167,1504217,10365200,7219990,6574811,4272193,3546900,2866433,2340736,3354066,2745148,361036,2332064,0,612374,1663518
7,000011,2017-12-14,0.003527336860670083,0.007642563198118735,0.3650408932649206,16900.0,82361.97760059919,2172,50736445,43064811,1550457,1741422,10821682,9874149,9189303,6135939,10932399,7648091,6205715,4341548,4913363,4622936,4668050,4722898,2455476,3977828
8,000012,2017-12-14,-0.007927519818799578,-0.011325028312570762,0.15566071501180442,24444.0,175698.30124984114,3220,114852317,123607167,2738473,1898585,17578414,12466842,18116334,16707291,23145092,20384577,17472996,12627107,7907080,9216263,5393632,9965862,22500296,40340640
9,000014,2017-12-14,-0.007334963325183352,-0.008149959250203676,0.46961538440950384,6080.0,33511.704496443075,682,6278400,5013319,880807,523873,2550987,2321356,681566,722340,1510560,951598,0,494152,654480,0,0,0,0,0
10,000016,2017-12-14,0.0016420361247946325,-0.003284072249589376,0.16343719342442806,10980.0,81166.80104787125,1389,27214632,23273347,1271773,984768,5649918,3482825,4690224,6071902,5064148,8489342,1624764,1418878,2346560,1612607,1874548,0,4692697,1213025
11,000017,2017-12-14,0.0060606060606061,0.0015151515151516914,0.30545730203487986,10560.0,43218.01928794483,466,4262131,7006784,409691,412105,1779586,2071377,1094933,2368665,512715,1393091,0,296340,0,0,465206,465206,0,0
12,000018,2017-12-14,-0.008797653958944385,-0.007331378299120339,0.19023236328676055,10245.0,60734.193418948,1285,25373637,14737443,1276393,1267267,6302524,3452333,5518431,2740009,3728791,2479618,3410340,2614992,2359168,1766384,1685054,416840,1092936,0
13,000020,2017-12-14,0.010624169986719778,0.021912350597609542,0.38700993788548194,10843.0,61716.1260345654,1516,24863447,20429567,1681651,1394039,6661411,5404741,5288403,3609616,5107970,2910047,2088377,1591481,2572247,1848847,956063,1777471,507325,1893325
14,000021,2017-12-14,0.032154340836012985,0.04180064308681675,0.13075712766800193,41448.0,311822.21719239064,5100,265343210,329905334,2740655,2992192,20851934,21060557,28125304,32246426,49874442,57685437,27061511,38605752,24162342,26057740,19782862,21759721,92744160,129497509
15,000023,2017-12-14,-0.003964757709251088,-0.007929515418502175,1.0035634488260134,4542.0,22450.861273931394,511,3910372,3116825,663132,406816,1570590,1365966,1100832,962551,575818,381492,0,0,0,0,0,0,0,0
16,000025,2017-12-14,-0.0015033826108743487,-0.009521423202204837,0.8420423071842204,15819.0,51877.68479486456,2246,34515346,31061148,1941709,2647945,12361718,12274034,8439941,7196219,4654172,4465457,1818756,1959098,2530820,1994355,0,0,2768230,524040
17,000026,2017-12-14,0.013133208255159623,0.016885553470919357,0.3226416165788075,6462.0,41018.19982756969,1091,11920387,13629537,685079,1568361,3633820,3706278,2530433,3398666,3291319,2691075,1779736,1593459,0,671698,0,0,0,0
18,000027,2017-12-14,0.0,0.0,0.15127463319551462,3630.0,61541.89044355753,1600,12961360,17175756,1348172,2211688,3551700,2717072,1828155,2562514,2001216,2201091,445205,1555013,956505,957715,0,1947698,2830407,3022965
19,000028,2017-12-14,-0.0015915119363394403,-0.0007073386383731339,1.314304958162377,22512.0,102601.59346527972,1852,47168461,41918186,1714202,1042906,6183763,8677949,10954082,10045373,13315727,7056586,3610766,3096328,1893065,3149732,1449820,1787036,8047036,7062276
20,000030,2017-12-14,-0.004981320049813109,-0.0062266500622664145,0.1700622990132071,1604.0,29834.98769859352,2230,14710037,7042944,3374360,1024275,5091337,3243490,1424570,745990,2280572,1717189,1428198,0,312000,312000,0,0,799000,0
21,000032,2017-12-14,-0.032911392405063244,-0.029535864978902926,0.26857752225050924,11800.0,67243.27809540887,1947,35437204,26571265,1697807,1422298,9329252,8902087,8086548,5629386,7093942,5521978,4002861,2311898,1474906,1035030,1267864,414564,2484024,1334024
22,000036,2017-12-14,-0.0011402508551880963,0.0011428571428571122,0.005926431079585425,16758.0,75899.91716206163,874,21851876,12423996,1039578,789036,6335374,2699562,4031365,2830385,3022677,3769027,660449,1376660,2030408,324120,1402519,0,3329506,635206
23,000037,2017-12-14,-0.016666666666666607,-0.007692307692307665,0.32895824689079395,3850.0,87104.29528006911,562,9100250,3018058,552548,395667,1849506,1080725,1731951,888141,951952,0,242110,242110,0,0,1271575,411415,2500608,0
24,000038,2017-12-14,-0.007296137339055875,-0.0017263703064308578,0.016933641515616514,18549.0,57034.63729896537,1563,34145882,22978858,1247470,1234858,9809015,8369493,7029416,6214470,7704799,4371233,4336143,1847228,1753181,351576,867906,0,1397952,590000
25,000039,2017-12-14,0.010679611650485477,0.013106796116504782,0.29152280351679016,35020.0,306627.10150238336,4998,336957365,273887759,3431679,1610240,25082464,18011718,28815134,20093461,41875792,33660198,39118071,29653274,22636343,17708364,26011753,18696790,149986129,134453714
26,000040,2017-12-14,-0.012204424103737566,-0.008390541571319576,0.3935427977842986,9100.0,46376.111874632625,1109,15139853,9633618,1538103,553537,5045880,3105674,1603031,2530475,2485463,2626906,2403024,512826,304200,304200,1760152,0,0,0
27,000042,2017-12-14,0.045397225725094525,0.04981084489281207,0.46032803140055406,13160.0,73851.10996852208,1187,18835976,24823845,1663587,964842,5209443,4609240,2557511,4674668,2771563,6726044,1723231,3479064,3046127,2587987,0,1782000,1864514,0
28,000043,2017-12-14,0.004990019960079861,0.00698602794411185,0.4044810548958459,12096.0,222688.21062134506,613,9958564,22724416,222923,604004,2468399,2884470,1865758,1586778,1807066,1219396,421526,1718482,604800,606600,0,809598,2568092,13295088
29,000045,2017-12-14,0.01640926640926632,0.011583011583011782,0.24959102508106978,15600.0,65716.2453022464,1723,30908738,32401029,1226872,1203689,8340554,8491769,6270659,6437179,8383690,6384745,3291932,3174932,2030021,2398209,1365010,478810,0,3831696
30,000046,2017-12-14,-0.009271523178807861,-0.005298013245033095,0.278729714017448,2259.0,21418.722997125577,733,5044468,1980998,847510,559011,1685115,937216,1270023,484771,1241820,0,0,0,0,0,0,0,0,0
31,000048,2017-12-14,-0.021582733812949506,-0.027877697841726556,0.7347311632851831,12780.0,74980.14606595683,923,25140184,13976772,398546,986880,2763368,4168161,3077064,2475253,7594296,2382988,5096175,726553,3674687,2406749,2536048,830188,0,0
32,000049,2017-12-14,-0.018436406067677935,-0.024270711785297494,0.7553941570993945,16888.0,106468.83612691313,3219,89220583,57383202,3665181,2937646,17081120,10718377,18506428,10531054,19727707,11780232,7743852,5916106,4489852,3187427,1664485,2484243,16341958,9828117
33,000050,2017-12-14,-0.023076923076923106,-0.01900452488687787,0.32064450870408534,30625.0,344525.2516866839,4754,294407803,239882154,1523514,2126004,27851157,22216766,24349724,19748584,42185364,33017391,32742546,26127366,21802510,18077605,26113716,13485170,117839272,105083268
34,000055,2017-12-14,-0.009554140127388644,-0.011146496815286677,0.1536408753492649,4382.0,75129.29543692966,1671,24438443,9397462,2010208,845973,6672343,3594436,5189928,1993880,3483209,1827275,436100,0,1714865,614234,801250,0,4130540,521664
35,000058,2017-12-14,-0.00363196125907983,-0.009685230024213065,0.17858390593644244,10712.0,52927.159736358044,2140,33966711,27621755,2512934,2581274,10016428,9007209,7086880,5332613,7552885,6415002,3662461,1826519,728807,0,1667046,1719868,739270,739270
36,000059,2017-12-14,-0.007246376811594235,-0.008281573498964856,0.21147351329502276,10582.0,311551.7169752381,2087,113602441,43812017,2525391,2266145,8403857,6233891,7657550,7378732,10433300,5647701,11077923,6044197,7987038,5932083,6152423,4079461,59364959,6229807
37,000060,2017-12-14,-0.01147227533460815,-0.012428298279158811,0.17086388923027274,14644.0,243607.1268275248,3751,121881853,77405041,3918863,1920402,18434556,12319418,19147714,11435119,17723299,14724870,10907169,7795121,6457551,5070411,2204489,5996049,43088212,18143651
38,000061,2017-12-14,-0.0066225165562913135,-0.0066225165562913135,0.006181623444583763,6754.5,44326.683706592536,484,5007089,6026988,528092,402699,1477126,1473984,1676649,1263276,1059014,1367921,266208,794932,0,310576,0,413600,0,0
39,000062,2017-12-14,-0.0061804697156983,-0.00041203131437983487,0.6045519514923522,19344.0,71246.35754163863,1612,31761320,33732991,1345411,1171510,8638856,7970173,6607742,7252064,6549792,6709330,3879315,4212049,1370748,2075173,482375,1455611,2887081,2887081
40,000063,2017-12-14,0.005514705882353033,-0.0005252100840335006,0.46233991684871084,292446.0,1074302.97754736,6786,1829231783,2061653307,426852,418190,8805360,9236437,23611315,25433168,71642576,91173510,101385021,103635849,112130070,113352180,79804671,109489226,1431425918,1608914747
41,000065,2017-12-14,0.0004975124378108209,0.0019900497512437276,0.4964673987474358,19970.0,87822.98845577805,1639,33397867,30955006,1244195,1348018,8964429,6673657,6537339,10210851,5742923,4692067,2858991,1727579,1499766,1477942,801588,402000,5748636,4422892
42,000066,2017-12-14,0.02582496413199431,0.02582496413199431,0.10923458896749051,24675.0,183073.277228391,4077,149524394,199203929,3081025,2860507,17165855,16003887,20122294,20983262,26042708,30010526,20497882,23139867,24147733,19911496,5211268,12305698,33255629,73988686
43,000068,2017-12-14,-0.009433962264150941,-0.009433962264150941,0.1317139767584495,2108.0,65299.67981423527,1620,21026188,7363908,1770422,716254,3828808,2595308,849473,1357259,3912610,813820,2057679,460099,980580,352980,1298168,456568,6328448,611620
44,000069,2017-12-14,-0.014101057579318343,-0.015276145710928168,0.11448254009325254,25200.0,338021.38897595135,5537,362684118,198127829,4993951,2478947,30128326,16972735,45464504,24433364,44887150,27292431,28198482,21484500,9242593,9564840,16959256,10188148,182809856,85712864
45,000070,2017-12-14,-0.009100101112234582,-0.009100101112234582,0.22237210578404773,4925.0,30331.042970005932,1979,15987923,14676858,1579758,3607065,5867929,4945939,3198908,4013099,2769305,1325875,1965663,451723,606360,333157,0,0,0,0
46,000078,2017-12-14,-0.012944983818770184,-0.008090614886731351,0.12849161140733456,7428.0,88352.19743360585,2315,51087248,23411146,2775056,1308341,10316237,6661197,9668579,5832110,9642209,3117015,4405126,2708214,3755444,362734,909260,1874810,9615337,1546725
47,000088,2017-12-14,0.01699346405228752,0.022222222222222143,0.16976405042745862,15680.0,125513.68708884846,2033,46010471,61560602,2000834,1668355,9287646,7832591,9061276,7836515,7228752,10951829,6888080,9883506,3403546,4248862,2241463,5095439,5898874,14043505
48,000089,2017-12-14,-0.005820721769499548,-0.008149010477299212,0.2255624963556395,12825.0,57421.626671795886,1450,24869908,17971638,1049240,1475657,10209280,5637371,2906938,3944042,4579831,4007223,1844138,432718,1397267,715667,2135910,0,747304,1758960
49,000090,2017-12-14,-0.004916420845624492,-0.005893909626719096,0.008621063789900926,7105.0,45599.33554520333,1293,14772417,12239258,1277611,880315,5653548,4060230,2470452,1633769,2220608,3131838,692890,1314800,726856,705728,1730452,0,0,512578
50,000096,2017-12-14,-0.0021474588403722628,-0.0014316392269149159,0.5410787579487708,11120.0,38989.33954827974,666,7482482,5992596,825672,571736,3273527,1890877,1921687,1392877,1223836,894946,237760,237760,0,0,0,0,0,1004400
51,000099,2017-12-14,0.011001100110010986,0.0033003300330032292,0.21208374366641564,6342.0,34692.72773878602,1838,13771629,21080918,1513738,2461369,4377031,7389120,4006157,5149571,3219503,4456442,272700,1241916,382500,382500,0,0,0,0
52,000100,2017-12-14,-0.007317073170731603,-0.007317073170731603,0.05355828181072707,18722.0,365476.89603150805,5903,341064987,376360224,2542018,5474338,19804657,30555911,15889175,26036300,22592876,31892723,15831653,20142884,39067111,26694929,24458422,23057223,200879075,212505916
53,000150,2017-12-14,0.006181818181818288,0.004363636363636347,1.476471725450914,13747.5,180723.24663156905,346,7973360,9141305,319829,264925,1963319,1047442,1347864,391548,1725404,0,1471424,258030,333000,333000,812520,469200,0,6377160
54,000151,2017-12-14,0.002305918524212025,-0.019984627209838624,0.3130046152474184,11520.0,51008.87797509526,1728,27162945,15968218,1897318,1095895,8850620,6567052,6080438,3342119,5461884,3898460,1498766,216332,0,0,1312263,0,2061656,848360
55,000153,2017-12-14,0.0,-0.002484472049689601,0.22009834056493888,3208.0,24874.380341666,1338,7553304,5728863,1498390,1437629,2856790,1695887,1266232,875187,889775,1232549,1042117,487611,0,0,0,0,0,0
56,000156,2017-12-14,0.003974562798092274,-0.008744038155802825,0.26814069445856775,8813.0,75556.61362987652,2201,45279921,29872366,2203862,2012301,9275552,5990104,7275592,6046253,11340242,7909136,5618629,3339274,1436056,1457152,2701686,1357348,5428302,1760798
57,000157,2017-12-14,-0.009324009324009341,-0.009324009324009341,0.006198428910659559,12900.0,185529.58981832198,1887,57936916,69149305,1534660,1175180,8511976,5731556,7690110,6777689,9046128,10839362,5545214,6339071,4333577,4024209,2153870,2115146,19121381,32147092
58,000158,2017-12-14,-0.003504672897196359,-0.001168224299065379,0.214193197381175,7704.0,56559.04046529398,1597,24619905,15630873,2204623,1448473,6234489,4703481,4892712,2849498,5579419,3378771,1521054,453150,2348830,1116802,0,870320,1838778,810378
59,000159,2017-12-14,-0.003676470588235392,-0.005514705882353033,0.18295337069306924,10850.0,54203.40825832996,884,14976404,11534015,715859,769894,4108208,3277636,3050687,3317976,3855329,2240576,1388213,694167,1250820,626478,0,0,607288,607288
60,000166,2017-12-14,-0.005535055350553542,-0.0036900369003689537,0.10184017407850073,9180.0,122276.00171950944,2837,55504071,42680351,3242192,2489463,10332774,10910683,7570825,5623021,8208551,6781361,7502517,2396312,3188964,1720533,1711864,2910794,13746384,9848184
61,000301,2017-12-14,-0.022514071294559068,-0.015009380863039379,0.09523652977285407,14121.0,109814.99326382116,3139,91948129,61831586,2826187,2106549,15252880,10588725,13407175,9376896,17920394,10914428,11409896,6567080,7035392,3907754,5478528,2343725,18617677,16026429
62,000333,2017-12-14,-0.010170722847802405,-0.01798038503450783,0.6653242338050153,191450.0,536508.1054636412,6850,1086015254,1319859511,201088,92245,10115851,14416807,28961217,50385291,90024265,124829331,88816229,118027114,94392993,105847685,77999792,92900528,695503819,813360510
63,000338,2017-12-14,-0.006501950585175664,-0.005201560468140465,0.10038638911176555,22301.0,189886.18786679854,5881,256403778,204796409,5348625,3156609,29794265,24838868,31809440,27520768,36241358,30645386,15727891,16688917,22830376,15949202,20119227,12641217,94532596,73355442
64,000400,2017-12-14,-0.00434467776973213,-0.009413468501086264,0.3133629047739049,8235.0,94581.06230120489,1942,33745627,19252359,3316601,1610107,7169024,5399761,4427126,2142810,6149955,2500023,1395008,1062745,2054053,1798730,5351188,0,3882672,4738183
65,000402,2017-12-14,-0.01900452488687787,-0.01990950226244348,0.17448858937037443,13104.0,179355.5601419021,4013,130006217,83191028,2568543,3780273,16568368,15836945,14231750,12648789,19777250,12618252,20001309,11184685,5098607,4376149,6311989,3193322,45448401,19552613
66,000403,2017-12-14,0.017591750075826473,0.020998174071819697,0.03635261655750642,32849.5,1608830.0831054323,1078,112936473,71736440,1030489,626728,4192955,5464410,5176985,5736390,8312098,8558337,5209103,3594092,6522311,4800554,3892359,4054510,78600173,38901419
67,000404,2017-12-14,0.0060882800608828,0.004566210045662045,0.25073100548274374,14139.5,77558.53983396255,686,15732047,10895101,559561,623645,2935648,2784145,3233735,2055843,4442183,2430040,1225984,1304114,348842,1697314,0,0,2986094,0
68,000407,2017-12-14,0.0026773761713521083,0.016064257028112428,0.2112220359928826,17089.0,74737.04202758397,1251,26034031,24842753,1011233,1045061,6602107,6474206,5828586,5038826,5163665,4967598,4060987,3282289,341858,1907978,898800,0,2126795,2126795
69,000408,2017-12-14,0.005178365937859697,-0.005178365937859586,0.4962164046760584,17280.0,82813.36103948584,1226,33727219,20227270,1136555,1052283,6614193,4801326,6565205,2731800,9578517,4169701,2694778,994186,4163877,2479652,1308824,1269836,1665270,2728486
70,000409,2017-12-14,-0.008474576271186529,-0.006779661016949157,0.17757243696938313,9504.0,60983.849986478774,1104,15776780,16289443,736119,1445808,3021445,5684730,2687354,3669965,3217214,1345729,2903751,1808105,748251,1052460,1282646,1282646,1180000,0
71,000411,2017-12-14,0.000970873786407811,-0.002912621359223433,1.317351005768733,10385.0,48646.015660368095,244,3376863,1686661,227162,121429,1141501,791632,434708,70040,541482,295482,623932,0,0,0,408078,408078,0,0
72,000413,2017-12-14,-0.008238928939237944,-0.006179196704428458,0.13079262079100115,36518.0,232730.43384880136,5518,323695962,238532904,3282901,2943502,27922425,22618007,37859598,25915282,52219143,47633513,42487117,33550091,29373047,16086670,20354412,10722218,110197319,79063621
73,000415,2017-12-14,0.005172413793103514,-0.005172413793103514,0.09502457023214277,9809.0,108605.0159149682,3734,84325323,50525967,4709421,1880208,17725851,8722376,11491162,12730227,18447941,9561952,8963537,5139069,3565459,3005091,2094218,1342504,17327734,8144540
74,000416,2017-12-14,0.02288021534320328,0.021534320323014722,0.2213004712077242,12937.0,61174.363061610995,1127,16394341,16351028,1149109,908692,6004850,5231252,3515071,2705521,3767707,3983651,652134,709098,0,0,491720,491720,813750,2321094
75,000417,2017-12-14,0.04761904761904745,0.027568922305764243,0.17910075669001496,13549.0,140796.58638062005,1987,46732818,59601633,1959312,1443194,8054790,7600059,5195505,9450641,8278835,10081306,5008376,5563256,4252015,4147009,918720,5843867,13065265,15472301
76,000418,2017-12-14,0.010937500000000044,0.0,1.0051750337229248,32005.0,114158.04948410242,4061,140187590,125722306,2267479,2508364,18051148,19233987,24611996,21739375,32207032,27709947,18115792,17399004,13311483,11847040,4464872,8780032,27157788,16504557
77,000420,2017-12-14,0.006309148264984188,0.0,0.060827987786548056,6996.0,73993.3431778054,2731,46560081,41737211,2507150,2544849,11045894,8175338,7299148,6971495,8378033,11207064,5733452,3127591,4640382,2957212,3191930,5533178,3764092,1220484
78,000421,2017-12-14,0.0245499181669393,0.019639934533551617,0.1551781396915754,6240.0,44989.612849885736,1551,14074697,23201192,1235051,2151313,3685965,6168290,3648548,5064902,3762977,5490695,969855,2225057,772301,2100935,0,0,0,0
79,000422,2017-12-14,-0.0024038461538461453,-0.007211538461538547,0.1250470255882857,10350.0,110782.80074458664,1107,25655808,17520826,816909,1071600,4631687,5657861,3138746,2479390,2967238,2083952,4162823,2712461,2350731,1753995,826000,812266,6761674,949301
80,000423,2017-12-14,-0.0069056231502795384,-0.009865175928970737,1.0190030890684587,30130.0,192676.20842883975,3562,163690123,84316278,1995933,2467860,19190847,17001120,25542298,15805983,37273219,16327932,7125651,5544504,14258147,7716845,4235414,2243250,54068614,17208784
81,000425,2017-12-14,0.03307888040712448,0.03562340966921118,0.04797054522822785,76923.0,894975.5827616915,6783,811537742,1150252372,2214816,1756793,27566476,23844107,36267927,39859150,67164833,76954336,64458083,55740482,50002854,47953727,50147909,45268102,513714844,858875675
82,000426,2017-12-14,-0.0020366598778003286,0.0,0.18493971946366378,13762.0,103978.30174886443,2821,79925226,60272982,3013913,2130045,14555593,9554045,11909237,8922631,12539452,11813576,11772936,7861070,11358955,4180007,4159759,5840421,10615381,9971187
83,000428,2017-12-14,0.019656019656019597,0.014742014742014753,0.15728452357067563,7416.0,61480.179018471725,669,8855249,11997473,545985,649420,1997477,2794293,923945,1314952,4443436,3403610,523783,935783,0,748192,420623,2151223,0,0
84,000429,2017-12-14,0.006402048655569814,0.006402048655569814,0.20724703439906897,19687.5,86263.95928394598,1420,13742437,35767212,1075489,1210155,3595418,12926773,2743473,6114364,2223881,3418928,500870,2971986,2040010,3607514,0,1289996,1563296,4227496
85,000430,2017-12-14,0.0,-0.0011778563015312216,0.29352580067860934,2520.0,44934.955295393025,836,7437571,3176159,1137657,469127,2636432,1150161,1633096,741231,1214746,0,0,0,0,0,0,0,815640,815640
86,000488,2017-12-14,0.004229607250755274,0.0024169184290030454,0.26683015254691295,18237.0,139063.12008911185,3848,118642770,112171780,3889302,3015900,20179035,14795150,19664087,14993893,19658113,24595479,9380968,11186354,7496536,9048435,5400194,8501958,32974535,26034611
87,000498,2017-12-14,0.007541478129713397,0.009049773755656076,0.11429554613769166,9338.0,43247.70612799579,3372,31935578,32267185,4495461,3293356,13058533,12427972,5810401,5775806,4022642,3474604,2698326,2700746,1401340,2126826,448875,448875,0,2019000
88,000501,2017-12-14,0.041848844472204716,0.036851967520299844,0.27170037476551406,19146.0,147456.55952482866,3474,96510037,118539561,3685362,2218068,14409166,14873700,13800975,15729474,22766593,26015913,11423324,14618375,3853547,8756529,4122452,3627565,22448618,32699937
89,000502,2017-12-14,0.009930486593842991,0.012909632571995955,0.3038176130294639,11557.5,45220.10607064652,1098,14272385,16066388,1029375,1006971,4504480,5073764,3904043,4597228,3124009,2734242,657279,2283554,1053199,370629,0,0,0,0
90,000503,2017-12-14,0.017734988598935963,0.02634912591841898,0.5172214550079999,116074.0,580044.1190997738,5834,862185176,854031853,1372878,1382283,17753562,17689894,28589586,32963186,65243934,63787999,72949402,69408522,56759972,57493355,64851044,62208009,554664798,549098605
91,000504,2017-12-14,0.03175293605915619,0.03175293605915619,0.5889203633234629,93808.0,1248452.842260933,1526,262750805,216734815,701304,287830,5612650,4441857,7064526,7229573,17112579,17623816,24159714,16177027,7298417,9063555,10109048,14124961,190692567,147786196
92,000505,2017-12-14,0.00445434298440972,0.0033407572383072903,0.2470955377054155,9100.0,93189.45602985109,1321,23224977,19404595,1409182,1293494,4528929,4820482,4615348,4088230,2975612,4061782,4317029,660090,629300,2111500,945360,0,3804217,2369017
93,000506,2017-12-14,-0.007884362680683377,-0.005256241787122251,0.2575042313253234,8327.0,130099.99665752424,873,18761665,21377089,781803,897006,3856447,2168460,1767597,1974465,1522640,2396020,3046740,3229888,717483,2000159,1866751,940287,5202204,7770804
94,000507,2017-12-14,0.03182751540041062,0.03285420944558526,0.14857852347376188,27432.0,249233.40086244754,4304,194727549,247658033,2653273,2545056,18778832,19506378,21455098,19825225,26840728,28299531,23543179,26021671,12941623,15922555,11054988,13628988,77459828,121908629
95,000510,2017-12-14,-0.006337135614702172,-0.0038022813688212143,0.29307445611017136,7895.0,43830.01248769738,724,9180688,6558620,890836,720592,2910768,2845399,1901155,1476446,1697206,538028,499260,236400,347755,741755,933708,0,0,0
96,000513,2017-12-14,0.009981194850282149,0.008245334876320065,0.9768646788842276,62963.0,247735.00904252857,5011,390332921,318617626,2021161,1948932,22122076,20380004,31877017,29037326,58171025,40670028,52538921,45238910,47727815,26354408,25779901,28942482,150095005,126045536
97,000514,2017-12-14,0.0015698587127157548,0.0,0.1868462328590901,3822.0,22643.716771954136,1162,8998112,3938384,970518,899702,5071021,2281957,1422608,259762,899965,496963,0,0,634000,0,0,0,0,0
98,000516,2017-12-14,0.006666666666666821,0.0022222222222221255,0.1312972566244351,9040.0,108798.95471903034,1175,23031292,19692653,1043434,1053039,4897168,5371829,3875631,2783218,3182349,2933243,1149200,1909576,2467460,1050420,2646700,2617978,3769350,1973350
99,000517,2017-12-14,-0.013623978201634857,-0.016348773841961872,0.09826982622006844,6954.0,70647.8980629082,1397,17584313,10929912,1753138,1569299,4041197,3618153,2713539,1687495,2971905,2322527,1776194,261002,2128904,0,0,0,2199436,1471436
100,000518,2017-12-14,-0.011173184357541888,-0.016759776536312887,0.18112128667868868,8436.0,34254.968233722415,1563,17140025,14301233,1903582,1329210,8163050,5292316,3199504,3431503,1875296,2712283,1628639,1165967,369954,369954,0,0,0,0
101,000519,2017-12-14,0.0431034482758621,0.04525862068965525,0.1175391486673194,43817.0,215298.1830269433,6248,267218921,301626327,2990425,2234050,32050720,29300521,46075679,42598090,72157749,68880883,40091347,36273709,21337688,25505388,10496454,21166829,42018859,75666857
102,000520,2017-12-14,0.014742014742014753,0.017199017199017064,0.09386403905598656,9984.0,85054.27429534587,1884,29784447,41322020,1528647,1803844,8058079,7399684,3881509,5059439,5315398,10183264,3713444,4242526,2565242,3632986,3407100,411101,1315028,8589176
103,000521,2017-12-14,-0.005813953488372103,-0.005813953488372103,0.21830701268244612,6656.0,47038.55201039185,558,6866440,4602514,568947,534899,2342007,1633571,1154737,911916,1234870,1198980,554414,0,323148,323148,0,0,688317,0
104,000523,2017-12-14,-0.001203369434416346,0.006016847172081619,0.2885199829579583,7506.0,49494.107774395925,829,10003410,7930538,818050,626966,3984401,1854462,2805373,1856466,769186,1732444,235188,468988,301184,301184,499431,499431,590597,590597
105,000524,2017-12-14,-0.021630615640598982,-0.014143094841930104,0.34203321283297966,5920.0,36460.66436746021,1235,12316897,9415735,703883,1839263,3909672,4400583,2702865,1852843,2559122,871330,1256555,451716,711600,0,473200,0,0,0
106,000525,2017-12-14,0.0030927835051548502,-0.00412371134020606,0.34051578525740545,9775.0,80857.32566777238,3250,57527135,64448968,2808854,3973592,9806724,11835087,7259381,11931089,11281931,18303078,4342783,8686411,4638631,4134790,2247897,3142113,15140934,2442808
107,000528,2017-12-14,0.017478152309613026,0.017478152309613026,0.12704323972330508,16300.0,121183.72918294067,3982,105338666,128802782,2866953,4350561,17544780,15285291,16949891,15087681,23565734,19765685,11493198,21865277,9715764,14781021,12703801,7342123,10498545,30325143
108,000529,2017-12-14,-0.0014064697609001975,0.0,0.23972488279163545,3555.0,25029.81246877233,879,5647221,3999061,506322,1366700,3075505,1625955,1003985,479857,548057,526549,0,0,0,0,0,0,513352,0
109,000530,2017-12-14,-0.009025270758122761,-0.010830324909747224,0.1500793808659734,7672.0,83370.89775052568,1363,24139621,22636775,1288617,902531,4376742,4846539,4739432,2203890,4169164,3370771,4654962,3740596,1059334,1770838,1750090,903978,2101280,4897632
110,000531,2017-12-14,0.0,-0.007352941176470673,0.380938128149346,8119.0,39577.97673096487,458,7207003,3297927,582940,546474,1838646,1055046,1701117,823011,2872920,633857,211380,239539,0,0,0,0,0,0
111,000532,2017-12-14,0.006363636363636349,0.012727272727272698,0.3151572078672164,10035.0,33128.2893245288,1218,13310554,10841883,1511887,851091,5208517,4920694,2934530,2655168,1488909,1878451,2166711,536479,0,0,0,0,0,0
112,000533,2017-12-14,0.005597014925373012,-0.000932835820895539,0.28105821823811233,13008.0,84210.36663044564,1455,37288381,23753546,1221059,999087,6787165,5270653,7245535,5892216,5409140,5903644,3465494,3247502,2797413,682665,2994535,435375,7368040,1322404
113,000534,2017-12-14,0.00727802037845704,0.013100436681222627,0.9527436364956776,8304.0,25967.480047572008,207,1872561,1683272,237391,179017,889286,694846,331975,70482,413909,738927,0,0,0,0,0,0,0,0
114,000536,2017-12-14,0.021505376344086002,-0.006451612903225823,0.10128811182684963,4650.0,48990.37703635096,2110,33493291,11957820,3481759,860756,7417793,3439295,12718686,1761580,4927053,955301,1911201,1702449,1464114,709424,480703,1437261,1091982,1091754
115,000537,2017-12-14,0.0,0.000705218617771397,0.2947751796414701,15697.0,59458.71222475767,2315,25926489,38204281,1156595,2386253,7679696,15553201,3656067,5418334,6236133,4792036,4938480,3230534,330161,1077900,908800,2189482,1020557,3556541
116,000538,2017-12-14,0.00040281973816713723,0.0002014098690834576,1.762762849039696,39684.0,123562.5281365463,3174,100845537,131770449,3998251,3316674,15781274,13221513,14113362,26427938,21324957,39930541,14223037,19508221,4846120,5141250,8569432,6117008,17989104,18107304
117,000539,2017-12-14,-0.0020790020790020236,-0.0020790020790020236,0.14489589653928597,3360.0,32953.55048206429,1102,8381311,3814708,1485187,928706,2517512,781682,1351000,403680,1283292,1135200,988800,565440,755520,0,0,0,0,0
118,000541,2017-12-14,0.004343105320304019,0.004343105320304019,0.1911466954035688,11076.0,64248.58310973246,2322,42800903,35558842,2072070,2092080,10928262,10580113,8810604,6525756,9840217,7115820,4211641,4853643,2834105,2026905,919998,464319,3184006,1900206
119,000543,2017-12-14,0.0,-0.001988071570576677,0.18855493254516864,7515.0,74446.83646529134,711,13066203,6568941,529035,632842,2839376,2026823,1767479,1334061,2025325,1891851,901800,0,0,0,2797786,0,2205402,683364
120,000544,2017-12-14,0.001971090670170872,0.0,0.5292822061501444,9102.0,26320.51855259691,826,6098136,7887264,693971,1180237,2934714,3399361,1515964,1854331,551151,1026335,402336,427000,0,0,0,0,0,0
121,000545,2017-12-14,0.010000000000000009,0.0020000000000000018,0.13910281038157185,10000.0,47087.52674039204,1292,17546610,16005746,1429823,1342718,5955830,4738859,4493317,3050145,4126073,4243361,1541567,1223057,0,0,0,0,0,1407606
122,000546,2017-12-14,-0.0031250000000000444,-0.004375000000000018,0.43624506875017455,7960.0,91906.89193634887,1345,20663863,16781954,1417734,1586614,4176597,4242567,3315455,3353220,4097570,3731443,1930597,3531242,967988,336868,3167922,0,1590000,0
123,000548,2017-12-14,-0.0016051364365972098,-0.0048154093097914075,0.23292196166722012,4361.0,29669.482652590137,715,5960872,4239689,757768,566445,2170994,1699963,1691156,1030346,1028978,229228,0,713707,311976,0,0,0,0,0
124,000550,2017-12-14,-0.006670709520921747,-0.009702850212249814,0.5476322337372201,13932.0,43807.703896382336,906,15357054,5053384,947467,1048392,7811026,2273374,2245077,1082864,566506,648754,1393128,0,323136,0,0,0,2070714,0
125,000551,2017-12-14,0.007528230865746499,0.0,0.34754953825598744,15940.0,41883.71771515096,525,8571404,6723481,398689,529182,2845707,2242924,2184854,2174731,1920294,820636,1221860,956008,0,0,0,0,0,0
126,000552,2017-12-14,-0.0028901734104045396,-0.0028901734104045396,0.07070815325338226,1035.0,62899.64484950769,2401,21388785,10288958,1884360,938401,5274518,3427090,3254051,1637207,3626236,2704480,2450182,907212,614790,0,0,0,4284648,674568
127,000553,2017-12-14,0.0012853470437017567,-0.02120822622107965,0.2895666966222511,13707.0,65608.99551385945,2890,57521207,41117579,3001180,2181123,12969690,13005157,12182565,9238536,9941660,8781042,5401893,3553045,6420666,3134716,2740738,0,4862815,1223960
128,000554,2017-12-14,0.030495552731893083,0.011435832274459878,0.21515254181903723,14328.0,73843.88919489828,1338,21105653,33196039,1024440,1278642,4477333,6570435,4503378,6117600,4437212,7689142,3068072,4175008,1031819,3315034,416330,1314570,2147069,2735608
129,000558,2017-12-14,0.0,-0.0019607843137254832,0.15092886193130042,7098.0,48894.753698733024,1142,13159989,10023055,844524,1312897,4743395,3436599,2458374,1580711,2826723,2471985,298783,883243,337620,337620,0,0,1650570,0
130,000559,2017-12-14,0.005102040816326481,0.004081632653061051,0.17320271072079718,14804.0,99025.74831684971,3203,66657358,76160495,3171764,3083966,14059456,15079537,10592089,14651449,10512109,15447516,6369652,9428082,3038627,7372816,5084539,3565275,13829122,7531854
131,000560,2017-12-14,0.013043478260869712,0.011956521739130643,0.21269311521561649,11999.0,38565.840315730915,1871,25139922,21724945,2123747,1555895,10751116,8426338,5777393,5381527,3794371,3309933,1987856,2343208,705439,708044,0,0,0,0
132,000561,2017-12-14,0.06363636363636349,-0.007954545454545436,0.19773266702068182,7906.5,46555.74516624324,1982,22290804,16635870,2256891,3243031,8012386,6106926,4739493,3010588,2104604,1776563,2665075,716375,319554,319554,454801,454801,1738000,1008032
133,000563,2017-12-14,0.0067264573991032695,0.0067264573991032695,0.09810218674466459,8900.0,97903.70414623973,2070,27455536,46005751,2851501,1380860,7717215,5560681,4036191,6285070,5775908,10240213,1777194,10083324,1446456,3201076,1783108,405000,2067963,8849527
134,000565,2017-12-14,-0.0013812154696132284,-0.006906077348066253,0.22901484657572804,5760.0,46117.907008119764,999,13098795,6812901,868472,752866,3549520,2530821,3114891,1364875,2528915,1159755,1010944,204609,981740,332300,467675,467675,576638,0
135,000567,2017-12-14,-0.0035714285714284477,-0.004464285714285587,0.7613986963962232,19762.0,108943.34510935583,865,17203464,13187716,565904,589225,7389872,3895545,2657392,1611097,2516587,2070279,980956,520041,799920,0,1787304,0,505529,4501529
136,000568,2017-12-14,0.0006085501293167095,0.003651300775901367,0.8644711855869552,64849.0,291042.23929183127,5787,451084418,423648915,1711976,1250023,25351121,23448540,39975187,40021473,61133828,56571698,55490752,44951126,34975864,33941527,33030398,24007474,199415292,199457054
137,000570,2017-12-14,0.0,0.0,0.2525783818950187,7175.0,34738.63483080308,482,5616506,4574447,629315,423123,1718821,1683489,1692984,1420047,569158,1047788,1006228,0,0,0,0,0,0,0
138,000571,2017-12-14,-0.005504587155963359,-0.007339449541284404,0.1355499965676425,3249.0,45583.45336213742,1618,16393977,11697888,956810,1538782,3602212,4378853,2748464,2680782,3370583,2289673,1425910,493698,617940,316100,2592980,0,1079078,0
139,000572,2017-12-14,-0.008421052631578996,-0.004210526315789331,0.08751656431976784,11775.0,156403.80080216486,2954,69584984,73321449,2693852,2847854,11911570,12499438,8729579,9869201,16917584,10298957,6021711,7678029,5118360,6242190,3480879,6343189,14711449,17542591
140,000573,2017-12-14,-0.015841584158415856,-0.003960396039603853,0.207950400219458,6084.0,48408.73146540498,589,8225029,6358811,682325,458800,2104389,1448384,1846268,1652494,1622820,1529508,1007382,560080,961845,709545,0,0,0,0
141,000576,2017-12-14,0.0035714285714285587,-0.0005952380952382041,0.7263654192521459,16725.0,58581.12316854253,534,10713325,8461840,557138,291498,4047745,1282964,2498802,1703623,1264036,1777021,1302444,2366172,1043160,1040562,0,0,0,0
142,000581,2017-12-14,0.002512562814070529,-0.0008375209380234727,0.3923391021678513,21602.0,133802.63589565287,3705,111579129,103207202,2622860,2989014,18455760,16676568,18411900,18068915,23234685,20787425,11323552,10295313,8377626,8668165,8445461,3502923,20707285,22218879
143,000582,2017-12-14,0.015463917525773141,0.017525773195876226,0.20854417151783408,9870.0,67395.44949524994,2165,32305215,32773956,1877749,3398430,7135974,8541402,6645150,4491464,5382873,5467064,3586838,3362966,4399395,3803169,1683039,2115264,1594197,1594197
144,000584,2017-12-14,-0.007432432432432523,-0.004729729729729737,0.4495705919595056,17654.0,123020.84739949885,1083,33107173,22120233,880639,534083,6888390,5240816,5275683,2416947,5609133,2957219,4179153,3520007,1468036,1489234,835397,835397,7970742,5126530
145,000586,2017-12-14,0.0,-0.0005464480874317612,1.3178620371077645,7320.0,38015.33745223942,192,2108291,1610285,121078,251434,431521,620568,601469,150060,729011,363011,225212,225212,0,0,0,0,0,0
146,000587,2017-12-14,-0.004437869822485063,-0.004437869822485063,0.1472029511577399,18788.0,99695.20546638804,2111,58409450,38472357,1586090,1158740,8615245,12824260,12541684,7992266,14744526,10060751,7641180,4611013,2953103,976177,838840,0,9488782,849150
147,000589,2017-12-14,-0.0021505376344087557,-0.0021505376344087557,0.21638670517680125,9300.0,35258.875631677,461,5437277,3569294,419439,549849,2401413,1642692,1187439,1072371,484026,304382,204160,0,740800,0,0,0,0,0
148,000590,2017-12-14,-0.0049964311206281975,-0.007851534618129818,0.7690816982439268,13940.0,56619.45518584587,331,5913217,4561032,263234,263885,1332215,1189823,1152962,1696972,1295002,847488,700814,227874,334990,334990,834000,0,0,0
149,000591,2017-12-14,-0.020689655172413834,-0.020689655172413834,0.10376449241887943,17010.0,115665.00934744446,3131,84925102,71632674,2112065,2492070,17322285,14688657,10994516,13468632,12152792,9695083,7492089,9864926,7726747,6776659,2694727,1792237,24429881,12854410
150,000593,2017-12-14,0.006500541711809138,0.011917659804983716,0.18031799552072153,14025.0,92930.4848135434,2623,48976749,64648935,2121354,3022926,9375655,13399263,8093658,11327931,8847854,13181812,6155448,7036413,4026457,2727755,2761444,4972886,7594879,8979949
151,000595,2017-12-14,0.009560229445506607,0.01338432122370925,0.10014355213645441,11214.0,84559.23254099704,2733,47263432,60101876,1976410,2338031,10672053,10344936,8072337,10719144,12349069,16403103,8035003,8852648,2400464,3100102,1381102,1381102,2376994,6962810
152,000596,2017-12-14,-0.007668019846639673,-0.01368215305969045,0.9761641110914272,32900.0,174871.08368028136,4644,252308341,154333622,2704233,2197206,25668284,18378353,33598925,22744394,42693277,28158703,36528537,15070210,28888570,15022843,18749742,6650178,63476773,46111735
153,000597,2017-12-14,-0.0031152647975076775,-0.003894080996884819,0.22577058585778134,21760.0,100195.06430842825,3236,100049326,64797208,2345949,1429907,18586622,13484717,26092431,12199290,20663759,11710036,7985614,7113626,2673135,4428545,4786937,4768513,16914879,9662574
154,000598,2017-12-14,0.001879699248120259,0.001879699248120259,0.11493842632045935,5310.0,95841.05196833675,2145,37194665,25513139,2385946,2115916,5738926,5417859,4257238,2658155,5318465,4320787,2435098,2215474,3749842,1566888,1285998,2307904,12023152,4910156
155,000599,2017-12-14,0.0066225165562914245,0.008278145695364225,0.1796493109685497,12040.0,52613.77334033788,1130,15139839,19355931,1259342,719915,5236258,3667747,3051575,4227353,3614121,5023947,1675335,2232583,303208,3484386,0,0,0,0
156,000601,2017-12-14,-0.013605442176870652,-0.010884353741496655,0.2842259656316517,7320.0,91159.32462825031,668,15619604,5811496,755922,559536,2795743,1818577,2842834,1256314,762812,290800,2493693,1159269,2179000,727000,0,0,3789600,0
157,000603,2017-12-14,-0.005080440304826461,-0.00592718035563089,0.37949893034902793,10611.0,156360.27422090308,968,17422608,13768332,1175726,655577,4113221,3227309,3026391,2712146,1528251,2009945,2408516,1407652,1414800,0,458643,458643,3297060,3297060
158,000605,2017-12-14,0.0027041644131964304,0.004867495943753353,0.4584260104505507,11112.0,44593.554003284764,1627,19062568,22038841,1921789,1361480,6405835,6363528,6262064,6035682,2276091,3863872,1443079,1503375,323814,2481008,429896,429896,0,0
159,000606,2017-12-14,-0.016181229773462813,-0.015102481121898492,0.3527171813193959,9140.0,32296.468502828142,690,9217988,5167382,1829509,572087,2735621,1596711,2592539,1488980,1433768,1290645,626551,218959,0,0,0,0,0,0
160,000607,2017-12-14,0.006399999999999961,0.0016000000000000458,0.22934627159609194,10633.5,29364.38502861601,742,4458561,8479123,464272,831548,2166593,5404909,138830,1066268,1377744,381234,0,484042,311122,311122,0,0,0,0
161,000608,2017-12-14,-0.01062215477996964,-0.015174506828528056,0.14749675370505766,6520.0,53517.57339369634,1999,26442326,21216365,1880611,1925930,7946313,5735682,6965552,5477925,5099341,4329140,1202644,679820,748240,748240,0,898380,2599625,1421248
162,000609,2017-12-14,0.01343570057581589,0.0057581573896352545,0.3495343058810458,6306.0,41360.78481883443,888,6377424,9444002,579908,1161811,2659313,3460183,925627,1781728,507381,2326645,0,0,1705195,713635,0,0,0,0
163,000610,2017-12-14,-0.018547140649149974,-0.017001545595053957,0.5228748202604878,12770.0,97747.73684951464,612,16809158,14831092,295673,503117,2040945,1961422,1728663,1696866,4066938,2638232,5452988,3550431,1034320,1695382,889000,809622,1300631,1976020
164,000611,2017-12-14,0.006451612903225712,0.006451612903225712,0.2836166394576158,10822.0,44454.08778522938,746,11262045,7225339,743454,577617,3772079,3036392,3295270,2116832,1379528,871298,401968,0,781000,623200,888746,0,0,0
165,000612,2017-12-14,-0.003232758620689613,-0.004310344827586077,0.1854929930435687,5573.0,48085.04927168729,2513,27001858,25600162,1272292,3579525,7030819,7881524,12368369,5905960,2788154,3521352,1950488,2492915,0,627150,486816,486816,1104920,1104920
166,000613,2017-12-14,0.05263157894736836,0.05263157894736836,0.2490808377401343,10658.0,86625.62755331383,712,20167697,9308870,1185420,90900,3619874,1148000,3654887,2167164,2346690,1695602,3176326,2162566,2784600,1388738,0,0,3399900,655900
167,000615,2017-12-14,0.0010020040080160886,-0.0010020040080159776,0.18074622280326064,18924.0,89627.74205467575,3051,82857203,56377904,2835024,2553677,15950471,13428196,14201896,12435752,20019979,13375296,8405141,7277839,7143871,3393905,2590624,872334,11710197,3040905
168,000616,2017-12-14,0.02915451895043719,0.03206997084548102,0.07468539181874297,13806.0,97353.41181351113,2115,42816260,54853311,1421021,1487431,8024996,9501980,9002673,8480630,8503783,10846341,7061093,6052903,2831267,5980629,1277353,3929381,4694074,8574016
169,000617,2017-12-14,-0.007874015748031593,-0.007874015748031593,0.4030463206989932,5540.0,41863.772037816074,1201,10106299,7281766,1748140,1170212,4033534,2391979,1516938,1016732,1743693,805649,556800,0,0,0,0,0,507194,1897194
170,000619,2017-12-14,-0.00969696969696976,-0.00969696969696976,0.40213529483430566,10608.0,46232.842420404464,420,5556055,5025381,390086,380042,2145386,1491614,1120070,1311160,1319871,730173,580642,295392,0,0,0,817000,0,0
171,000620,2017-12-14,0.003478260869565153,-0.0017391304347825765,0.17093769230979874,5456.5,35872.20847154496,1132,13196260,5983990,1088588,1046444,4132721,2199036,1324286,1291308,4378301,1233100,1670620,214102,601744,0,0,0,0,0
172,000622,2017-12-14,0.016161616161616266,0.01414141414141401,0.19640835786820804,5040.0,77809.89650413315,635,5549755,12772278,578849,586742,1817976,2098851,1361358,1812595,1044704,2924270,229368,712148,0,0,0,1784372,517500,2853300
173,000623,2017-12-14,-0.012595591542959972,-0.008547008547008628,0.3777781022906465,24222.0,281100.9091645167,3463,156623934,129904083,1623952,2304983,16698612,18842816,20604204,16352416,21269983,23909140,14523708,16243131,7694726,11930160,9251850,7388856,64956899,32932581
174,000625,2017-12-14,-0.007552870090634434,-0.005287009063444148,0.21497372273770113,20442.5,255934.69908313156,3794,125628570,152485585,2124609,2984722,16366052,16410524,19763841,15337545,25386380,33539330,13648919,18813480,5603038,10705543,3358237,7447843,39377494,47246598
175,000626,2017-12-14,0.01183431952662728,0.002958579881656931,0.32651850685599315,13600.0,86108.79548760538,1715,38681342,25491012,1857426,1148946,10013461,6258203,6612188,3768123,6863181,3802430,4482251,1713043,1034960,2218160,2263568,4098528,5554307,2483579
176,000627,2017-12-14,-0.012101210121012063,-0.015401540154015514,0.15368204833966093,11687.0,102778.47990968548,3501,90524219,61497922,3952031,3010924,16351062,11586771,15730165,8622342,16553493,11287242,6046830,2962224,6190416,4382810,10107681,6550318,15592541,13095291
177,000628,2017-12-14,0.009411764705882453,0.0,0.3248399771246557,11830.0,54537.227436204405,684,7741345,10183139,695300,663963,3529558,3311831,2120928,1628283,1158688,1444991,236871,236871,0,682400,0,850000,0,1364800
178,000630,2017-12-14,-0.0073260073260073,-0.0073260073260073,0.047316030228025455,4878.0,170232.37164252426,3358,89855551,42609174,3437248,2285574,9448272,8753080,7024331,4441074,7015361,5109440,10567323,3650850,1735836,1337404,1814220,865840,48812960,16165912
179,000631,2017-12-14,-0.012165450121654708,-0.014598540145985495,0.07150552708607712,4884.0,24688.398993778766,3317,23509282,8123657,6272906,2549664,8729461,3864272,3575314,966719,1829685,373183,926072,0,1000475,369819,0,0,1175369,0
180,000632,2017-12-14,-0.026153846153846194,-0.026153846153846194,0.18729134514839088,7728.0,56176.31022209723,1205,18125156,11738706,1307637,1073763,4540131,3988748,4224050,2333225,3522999,1932861,1109134,422654,2137205,767041,0,0,1284000,1220414
181,000633,2017-12-14,0.008073817762399127,0.008073817762399127,0.008168373202564512,7393.5,65816.1665132672,518,7917716,4026464,755369,549148,2032204,1316952,1572396,788592,1137515,268497,267431,703630,0,399645,493930,0,1658871,0
182,000635,2017-12-14,0.015593220338983027,0.0054237288135592365,0.34358517050457127,13311.0,38874.463502341416,1843,21279910,26225132,1391176,1499729,9765686,9088082,4905791,5674972,3474309,7114685,1742948,2847664,0,0,0,0,0,0
183,000636,2017-12-14,-0.0048154093097914075,-0.014446227929374111,0.16333727848649282,58608.0,285127.95132358914,5827,440874731,403741631,3282971,2322108,20653262,22189828,35562330,32925034,73607504,65251251,52815137,49900030,40925602,44826993,31504608,28822194,182523317,157504193
184,000637,2017-12-14,0.003472222222222321,0.0,0.24004093790738193,5790.0,34452.780497375286,575,6093425,5541287,455636,566561,1931124,1954410,1302159,1739396,1736700,1074712,667806,206208,0,0,0,0,0,0
185,000639,2017-12-14,-0.007556675062972418,-0.008060453400503764,0.5506244216984384,15800.0,84470.41528559076,1299,35517413,18973915,1475906,1253395,7478011,3758011,5663831,2925002,10206429,4953581,1716224,1497080,2625421,2509503,803760,0,5547831,2077343
186,000650,2017-12-14,-0.003795066413662118,-0.003795066413662118,0.154081070645816,5250.0,56726.947448785395,1170,17964170,11433005,1381667,701440,2739197,2122156,6029742,2028128,3044267,3225248,3367553,1791549,1401744,1060050,0,0,0,504434
187,000651,2017-12-14,-0.006363636363636349,-0.009999999999999898,0.5346715644983139,165642.0,715370.9452095625,6773,1230063060,1302722624,505821,976818,12933713,15277737,31949507,46290264,83436080,108878790,95052033,111172552,84214719,102371424,69002215,77313115,852968972,840441924
188,000652,2017-12-14,0.008869179600886845,0.0,0.14087412128840585,5875.0,60249.76240466261,1025,14695907,9962406,1306738,985281,4300318,3068708,1699329,1468923,1083486,1441768,2136857,1210877,1034266,345736,2607243,913443,527670,527670
189,000655,2017-12-14,-0.002673796791443861,-0.005347593582887722,0.2304812102944539,14880.0,35523.149435002786,1053,13295431,12503906,945820,787114,5057795,6553121,3352364,2829274,2284936,1421089,908516,913308,746000,0,0,0,0,0
190,000657,2017-12-14,-0.0016339869281045694,0.0032679738562091387,0.3217649426073253,9792.0,40376.60286950091,1447,16257639,12883052,1745228,1454897,5782612,4857954,3786364,2825749,1973305,2722226,1495024,0,1022226,1022226,452880,0,0,0
191,000659,2017-12-14,-0.009569377990430672,-0.0023923444976076125,0.12532034979107232,12540.0,59150.01754977213,1113,23971596,14847398,728335,785583,5294130,4379314,5325620,4500466,6362700,2258896,3061589,1194281,1508218,692220,1691004,0,0,1036638
192,000661,2017-12-14,-0.018764449701596853,-0.0017742889402656559,3.3679047938996147,37010.0,257111.94621839412,3053,180646763,145217056,17099,8055,14445093,18591364,16904522,21982185,33487823,25360342,13101220,11994654,6870082,4960212,9272801,6389424,86548123,55930820
193,000662,2017-12-14,-0.001280409731113874,-0.007042253521126751,0.5720022534063098,9312.0,40766.6265471274,745,8577215,7096443,744929,810029,3216467,2802907,2496440,1106623,1085216,782557,1034163,704295,0,0,0,890032,0,0
194,000663,2017-12-14,-0.01421541826134487,-0.013121924548933794,0.5155921129615616,9040.0,56385.742154682535,1258,19202620,12470111,1760119,971420,5121828,4236963,4013337,3406953,2196991,911990,2731684,699664,724800,607228,0,0,2653861,1635893
195,000665,2017-12-14,-0.0009950248756220859,-0.003980099502487677,0.4096282509785087,9027.0,64342.04194716283,601,7823130,10539510,360010,721936,1256318,2614448,1460892,1993241,1052776,1355773,2458083,2016661,734583,1336983,0,0,500468,500468
196,000666,2017-12-14,-0.0024390243902439046,0.0,0.42161544754181984,10155.0,93076.17938772206,2366,27075033,27944198,1805695,3244920,8346957,8093246,2614172,1996795,4013460,2348312,4361815,2625543,772912,772912,456064,2121512,4703958,6740958
197,000667,2017-12-14,0.0,0.0,0.08723183336958805,4575.0,98897.0126659461,1225,18935275,9646560,966350,1945363,3525699,1844999,1596041,1192137,5124099,531161,288192,726560,0,602680,1241442,1326828,6193452,1476832
198,000668,2017-12-14,0.004791238877481119,0.006160164271047153,1.0743187877676124,10318.0,48618.17012064698,184,1956891,2468581,153767,115747,723620,700664,247154,568370,248750,500730,583600,583070,0,0,0,0,0,0
199,000669,2017-12-14,0.02857142857142847,0.02490842490842482,0.2625799679316443,20985.0,87491.27860336073,2703,59237638,75528463,1740137,2002987,12352119,14876117,14038789,15391148,10726351,15775307,7474875,7659231,3274566,8385380,2608527,5330923,7022274,6107370
200,000670,2017-12-14,-0.002645502645502562,0.003968253968253954,0.09403148906324534,61996.0,228837.21051925432,6484,423674550,404005702,2433841,1886653,28000858,25422931,44781543,44819713,81918017,82221015,63538495,60563738,51657932,42860846,31004674,28949629,120339190,117281177
201,000671,2017-12-14,-0.007082152974504208,-0.014164305949008416,0.1028308065384471,22230.5,310804.9641036736,4726,249080633,218761453,4373583,2233229,19897221,19264075,19470206,23676778,27991551,28414651,25310662,18759128,15160537,22933064,13996318,10377181,122880555,93103347
202,000672,2017-12-14,0.02607076350093096,0.003724394785847185,0.141188932961831,53312.0,208340.4562719082,5798,302898123,361048929,2001559,2130919,26323168,20730659,37811124,40437184,65407420,67636509,44444699,51120409,29068015,36350113,18793370,23070752,79048768,119572384
203,000676,2017-12-14,-0.013864818024263315,-0.012998266897746857,0.31617185562393924,5740.0,32025.719956728604,1332,13985483,6694849,1545547,981818,5730453,3190069,2427884,1452431,1902951,1070531,910628,0,664592,0,803428,0,0,0
204,000677,2017-12-14,-0.016279069767441756,-0.013953488372092981,0.13494569304234996,6831.0,41423.22728939191,1016,13170693,7194159,1034989,993210,4840087,2344748,2175574,1376742,2709918,627278,2050149,880469,359976,971712,0,0,0,0
205,000679,2017-12-14,0.005479452054794498,0.005479452054794498,0.27007659443308707,7290.0,30149.913777338767,730,7361799,5807247,595648,744881,3382662,2419467,1678869,2057498,701362,144401,1003258,441000,0,0,0,0,0,0
206,000680,2017-12-14,0.01871101871101888,0.01871101871101888,0.09445039949713697,10290.0,84736.05642642868,2599,50999983,52509391,3074182,2353729,10601361,8888616,8677451,9727670,9000357,10778142,4572734,6768530,2004308,5194634,4611968,4648474,8457622,4149596
207,000681,2017-12-14,0.02146341463414636,0.019024390243902456,0.343793820054885,16592.0,61130.13109556337,3565,42734966,72113640,1505775,2405378,12811394,30349436,7319097,10269996,10656294,10518745,3531474,8003091,2018974,2533396,3045818,5682278,1846140,2351320
208,000682,2017-12-14,0.0020920502092049986,0.0020920502092049986,0.1866787698535579,4770.0,22970.793222415727,655,5196498,3738272,919211,613970,2069162,2228765,1030683,470785,1177442,424752,0,0,0,0,0,0,0,0
209,000683,2017-12-14,0.020134228187919545,0.006711409395973256,0.05591547074549402,10836.0,90220.9431841876,2858,44583279,60362193,2140902,2710200,12009598,11541038,8020037,8318848,3951877,10913098,5787566,7230916,4590805,5950790,3633642,5173886,4448852,8523417
210,000685,2017-12-14,0.007804878048780495,0.006829268292682933,0.23177027326790123,20520.0,103633.07041767557,1956,32373934,60658787,976085,1623145,5918365,11329827,4905778,7749474,7259643,30773931,4917981,5881078,1929918,2000168,0,0,6466164,1301164
211,000686,2017-12-14,-0.011982570806100101,-0.010893246187363759,0.1953287406077155,12767.0,144098.9745612861,2209,56271246,51556567,1787846,2220315,9409095,10008262,9773592,5753804,7488016,8963666,5655892,4135400,1994592,2028880,3844285,2728202,16317928,15718038
212,000687,2017-12-14,-0.0062893081761006275,-0.003593890386343279,0.2795993435752286,11100.0,52313.89926136566,1584,25531340,19412866,1283942,1620033,7074850,6100983,5354422,5093269,6729843,3277376,3464922,1422144,0,711040,992340,0,631021,1188021
213,000690,2017-12-14,0.014157014157014203,0.011583011583011782,0.2026661962846277,15530.0,264938.130011218,1470,49358099,61140427,1363123,1004032,6092943,5261087,6621846,4933966,8045332,8182825,3236508,2111902,5649315,4249341,3516755,1749145,14832277,33648129
214,000691,2017-12-14,0.004054054054053902,-0.004054054054054124,0.2161172655439227,7975.0,37452.55581669955,1174,11752007,11179096,1234904,1156369,5394117,3754662,2241389,2300228,1048659,2143397,1421498,982390,0,0,411440,842050,0,0
215,000692,2017-12-14,0.014403292181069727,0.006172839506172645,0.18602193872206585,3872.0,28752.132249175575,682,4299572,4788247,781280,670058,1520664,1912263,761102,714364,700702,1285272,535824,206290,0,0,0,0,0,0
216,000697,2017-12-14,-0.011047070124879932,-0.014409221902017322,0.5013948985901565,20500.0,129968.46605637492,1724,55595695,23959172,1109455,920349,10933554,7863386,8489822,4929283,8539316,5090552,6808661,3056353,3341798,622500,820000,0,15553089,1476749
217,000698,2017-12-14,-0.0034423407917383297,-0.0017211703958691649,0.22759655756429603,10422.0,64026.12111080409,651,10671999,8230110,572568,397766,2850853,2049628,1686833,2140696,1934041,1102801,1325910,434369,0,0,1291450,2104850,1010344,0
218,000700,2017-12-14,-0.006932409012131546,-0.008665511265164572,0.23678647368184028,10314.0,45369.14060231883,593,8982923,4997454,608663,427184,3388877,1154263,1445107,630627,2650326,1442804,203550,412122,686400,930454,0,0,0,0
219,000701,2017-12-14,-0.0019230769230769162,0.0009615384615384581,0.22620380580902436,3110.0,36634.39564922509,2115,17027842,16552380,1826427,1593565,5012512,5299873,3187343,5377136,3064167,2417441,2600923,1561895,302470,302470,0,0,1034000,0
220,000702,2017-12-14,0.004184100418409997,-0.002789400278939924,0.21686514619445965,14440.0,39959.67600443759,1093,18722432,10696173,983651,694479,6769963,4550554,4172300,2617246,4297698,2256294,2498820,577600,0,0,0,0,0,0
221,000703,2017-12-14,0.029592406476828703,0.04355108877721947,0.23104078902001543,54412.0,362079.88947103074,6020,546277458,517687926,3627620,2075881,27450218,16841464,37119374,29778125,62608319,54192129,50871555,55706994,39614443,32502325,27735435,24857874,297250494,301733134
222,000705,2017-12-14,-0.0082938388625593,-0.0082938388625593,0.3342061532191286,11704.0,42652.70574664312,637,7616954,7250243,458143,659348,3339295,2440218,1774094,1071642,1125499,1731168,493054,251400,0,669598,426869,426869,0,0
223,000707,2017-12-14,-0.0017857142857142794,-0.0017857142857142794,0.22734997765743903,7005.5,31309.73793030898,606,6081764,4844883,410800,424737,3153485,2088949,1241994,836880,527719,1268077,747766,226240,0,0,0,0,0,0
224,000708,2017-12-14,-0.008695652173912993,-0.00782608695652176,0.3419313625963938,11480.0,61887.53827519854,1131,27119047,11557131,692414,830415,4776663,2940434,8214457,3086197,7324233,3491202,1908480,298480,1305488,315629,878570,0,2018742,594774
225,000709,2017-12-14,-0.007518796992481258,-0.007518796992481258,0.06031281933243794,10692.0,193956.4694310845,4401,166004537,85285605,4872568,3106475,18603352,15367995,15944476,9758858,18206493,11646336,23625371,11373125,7256535,5979303,11251268,6636978,66244474,21416535
226,000710,2017-12-14,0.007911392405063111,0.0035161744022502717,1.223908623463004,22880.0,136854.53943521608,2160,60087311,54796392,1263595,1165890,13437110,10680369,10690209,9608156,11065322,7683026,8510814,6586718,4112545,1838501,2245158,4100470,8762558,13133262
227,000711,2017-12-14,0.003215434083601254,-0.004019292604501512,0.3128971373007654,12300.0,107725.52950354126,1581,35195380,25978666,1478137,1298747,7794576,5765448,6014129,4054683,6245841,4231192,2394577,2236505,2367232,1808060,1316764,1729797,7584124,4854234
228,000712,2017-12-14,-0.02622950819672132,-0.023497267759562845,0.3078556190899898,41308.0,327888.63548856694,3538,220714644,258546576,1662324,2007982,10002506,16059969,18082219,18513229,32171356,36962356,26628687,25010295,23951422,19344060,16684842,14466350,91531288,126182335
229,000713,2017-12-14,-0.0026990553306343035,-0.0026990553306343035,0.31208261090982525,9594.0,36545.606498821806,563,5759234,6753548,640365,613549,1619977,2743115,1512767,2259045,1002431,634181,983694,503658,0,0,0,0,0,0
230,000715,2017-12-14,0.016008537886873064,0.019210245464247766,0.37583923497803995,953.0,24169.758103736975,621,3336325,2998876,628788,353303,1346260,1337938,797877,787228,0,520407,563400,0,0,0,0,0,0,0
231,000716,2017-12-14,0.0038022813688214363,0.0,0.1510217762088565,4734.0,28834.486605964925,1213,9450112,8708042,1015670,1071264,3928976,2937254,2369568,1921532,1831923,1737741,0,736276,303975,303975,0,0,0,0
232,000717,2017-12-14,0.006779661016949268,0.0,0.11446480272399487,47700.0,301782.61388740316,5989,398740651,418032749,2754548,2952051,28705317,23992210,40051688,34992488,53820026,59895045,46635652,46946310,31481882,42708525,31497300,27939517,163794238,178606603
233,000718,2017-12-14,0.0,-0.0021739130434782483,0.08772494525587674,1374.0,33335.957146682245,2756,18168958,15070067,2677521,1576482,6008172,5905692,3864850,2289859,2781695,3214387,1829510,1076437,341780,341780,0,0,665430,665430
234,000719,2017-12-14,-0.008629989212513456,-0.0021574973031283085,0.2966531781364586,5532.0,15669.395713091317,976,5795684,4835571,819510,1558583,3578073,2573557,1290462,595792,107639,107639,0,0,0,0,0,0,0,0
235,000720,2017-12-14,-0.009216589861751112,-0.009216589861751112,0.17741209263927407,5577.0,62912.08040961852,598,8753899,6332719,484843,640258,2474502,1749255,1108911,1026893,2127693,421707,1817510,953806,740440,0,0,0,0,1540800
236,000721,2017-12-14,0.0,-0.00170068027210879,0.222299098145378,5870.0,49379.63788582281,699,9203521,7659906,535304,802123,2472166,1746974,1591053,1347451,3107726,2639738,650818,248136,0,0,846454,875484,0,0
237,000722,2017-12-14,-0.0056116722783390305,-0.0033670033670032407,0.2944432930418742,8046.0,54665.16863169442,915,11309095,8765708,522867,1568208,3790955,3206701,2729646,2215956,1755850,1041066,216106,216106,0,0,0,0,2293671,517671
238,000723,2017-12-14,-0.0027700831024930483,0.0013850415512466352,0.15078133212366726,34075.0,69848.61164186928,2294,27303998,73486114,1131129,829188,7293168,25407495,6818900,23227297,5598934,13910537,2836440,6563314,1009644,932500,0,0,2615783,2615783
239,000725,2017-12-14,0.0,-0.0017241379310344307,0.06978153376824733,250923.5,2073502.4694850713,6940,2628231186,2509741584,218592,229738,8753131,10391409,35018770,31576418,100972000,104228886,120181046,109560013,101004692,93830586,81099129,87271994,2180983826,2072652540
240,000726,2017-12-14,-0.002798507462686728,-0.004664179104477695,0.21517287820966935,4296.0,50849.29745420037,2482,34408623,15876273,4613333,673796,9674533,4496904,6736584,2564726,7700574,4124392,755584,206208,2812154,1020050,845064,0,1270797,2790197
241,000727,2017-12-14,0.008130081300812941,0.004065040650406582,0.04891803305987003,4920.0,83724.61549053126,2547,28167530,36422736,1379670,2573527,6558945,10633706,4722915,6465979,3468893,3638136,3299498,2328787,1725892,1758482,401375,1388881,6610342,7635238
242,000728,2017-12-14,-0.02555366269165249,-0.023850085178875546,0.17994687832879103,24360.0,196579.45180835106,4259,172803269,149815807,1397604,2948345,19906523,24369541,22618178,19377656,29613639,28843846,23894232,12717628,14302386,9677332,8714003,7985676,52356704,43895783
243,000729,2017-12-14,0.0245499181669393,0.014729950900163713,0.10406783827762273,17150.0,249022.78708035988,3456,117592659,160687599,3400896,1538223,15313896,8352962,15053350,16036207,18350667,26290168,8040008,14598393,11243901,11606029,4439766,8122566,41750175,74143051
244,000731,2017-12-14,0.005141388174807249,0.005141388174807249,0.00734141409752305,12464.0,72244.00889740896,1065,22918985,17968652,943852,867010,4948733,4191023,4196494,2966336,4788639,3331230,3236282,2857484,2860650,1714771,861855,880556,1082480,1160242
245,000732,2017-12-14,0.0,-0.004250151791135415,0.4563318192522662,4926.0,82655.8358638504,1302,27650458,11782651,1741939,922506,7152372,3130906,3206873,1769677,3325726,1355866,2598760,1510798,1790642,1730402,1896650,0,5937496,1362496
246,000733,2017-12-14,0.015180265654648917,0.024667931688804545,0.2371166857235411,36961.0,143436.09169579475,4449,184163860,194924958,2173949,2385710,20075464,22968421,26524338,25712566,45292654,47436665,28526682,26383150,16941055,14913732,11487582,11084595,33142136,44040119
247,000735,2017-12-14,0.0064683053040104355,0.0064683053040104355,0.13203266036556663,15460.0,129786.99781035105,3432,95554771,87709171,3148140,2663467,17012573,12090332,14506846,13912273,17159400,16078153,13194946,12569306,6872791,10804649,5462307,4033648,18197768,15557343
248,000736,2017-12-14,-0.0032467532467532756,-0.004545454545454519,0.5902889355776525,9183.0,50393.859386500255,680,8381059,9110537,848227,659487,2899170,2354982,1946348,1642136,1588718,2196758,731492,974532,367104,367104,0,915538,0,0
249,000737,2017-12-14,0.007905138339920903,0.005928853754940677,0.16680090651712248,8636.0,67806.14995006798,920,12064779,14953027,803281,751397,3734931,3026265,1711216,3179894,2249559,1852051,1987406,2486930,661168,1918172,0,821100,917218,917218
250,000738,2017-12-14,0.00977397678680525,0.008552229688454593,0.32136406014339025,13216.0,72911.65188558011,2595,35015738,57529007,1994731,2894227,9958584,13092210,7020620,8720949,6724666,13169996,4388117,5137906,1951358,5547376,862860,2795561,2114802,6170782
251,000739,2017-12-14,0.012698412698412653,0.009523809523809712,0.17879546848950512,17077.5,80983.86661026636,1242,18038810,20904743,844078,804049,9675932,3962905,2149699,3578999,2609630,4506515,272426,1097416,307975,1649699,424173,2219919,1754897,3085241
252,000750,2017-12-14,-0.013565891472868241,-0.007751937984496138,0.09370293844495656,10200.0,130513.14955631403,3038,61308234,49352919,2747055,2610199,13285440,8673072,8663960,6696997,8944088,13354134,5918210,3201630,1677206,3790910,852348,0,19219927,11025977
253,000751,2017-12-14,-0.0020283975659228792,-0.0040567951318457585,0.12028510271523787,8892.0,57089.454410250124,1681,28491831,14572445,2175263,1579241,9576843,5203796,4710725,2148012,4165212,2405116,2779693,2153169,686000,0,1291157,486581,3106938,596530
254,000752,2017-12-14,-0.01076095311299008,-0.00768639508070712,0.6371832839371707,10336.0,33482.068210410514,416,4621138,3767962,440624,362066,1918668,1430507,897863,801126,1114833,925113,249150,249150,0,0,0,0,0,0
255,000753,2017-12-14,-0.007672634271099765,-0.005115089514066473,0.14649101216131818,8536.0,37208.707713911135,712,8621520,7279379,632384,813739,2801173,2669689,2607393,1056543,2361000,2074218,219570,0,0,665190,0,0,0,0
256,000755,2017-12-14,0.028571428571428692,0.028571428571428692,0.2781764821792152,10800.0,298759.5014230445,633,24237505,29936655,922077,71849,2496148,1194349,2626361,2375806,3542413,5067351,2813761,1483101,1803967,1380887,0,1992960,10032778,16370352
257,000756,2017-12-14,0.01192145862552585,0.014726507713884951,0.3390247533743059,10185.0,60004.75289790473,1769,29697665,21879808,2049089,1060198,8742817,5962993,6799650,4491819,5392519,3643608,2149829,2783271,2751271,1394361,0,1746768,1812490,796790
258,000758,2017-12-14,-0.00783699059561127,-0.00940438871473348,0.1261882814569488,6410.0,113646.55862153745,2559,52847190,27269041,2682580,2422249,7786858,9340044,8074651,5572003,7236436,4820222,2717806,2568752,4644082,1380209,953056,0,18751721,1165562
259,000759,2017-12-14,0.11063372717508058,0.11063372717508058,0.1285851226175647,25850.0,268427.2135240456,5261,168055226,199945006,3856316,2985095,26682898,24487821,29741151,34052700,29760042,34369475,20012964,23730462,14592931,13217321,6403054,8221593,37005870,58880539
260,000760,2017-12-14,0.0014513788098695635,-0.004354136429608024,0.2695578968833793,12402.0,40238.960237661144,653,7827642,6676825,374169,669426,2389077,4190414,1425130,857297,1976291,660959,298729,298729,1364246,0,0,0,0,0
261,000761,2017-12-14,-0.003795066413662118,-0.005692599620493288,0.09092259864866609,5260.0,53206.26199597527,3369,41323030,25733649,3526977,3415441,14167535,7042900,3924017,3685541,7186245,5482681,4780007,1707065,3358544,1389120,1717101,1311876,2662604,1699025
262,000762,2017-12-14,-0.00449871465295637,-0.011568123393316143,0.2615435458617963,19955.0,95899.39591191811,3541,96863596,77328882,2578945,2557940,19309490,14590024,19265109,18933276,22960941,15831988,10947068,7867851,6619887,3645406,4644335,1766631,10537821,12135766
263,000767,2017-12-14,0.0,0.0,0.12236014452219378,2960.0,34225.827261074635,585,2834298,5530565,578734,778445,779998,1840040,517550,686148,958016,1039932,0,1186000,0,0,0,0,0,0
264,000768,2017-12-14,0.0022883295194506825,0.004004576659038861,0.29168587632915594,19327.0,112256.42133270502,3593,86352452,82925937,4197823,1783093,21396250,16023104,16560197,13437172,17632007,17387096,10635617,7767100,7221516,6066932,2637638,4005183,6071404,16456257
265,000776,2017-12-14,-0.015606936416184936,-0.010404624277456587,0.23873827729218738,35784.0,294962.1957951924,5253,293487001,338334636,2172397,2682631,23847154,27890705,27428368,29515725,45553795,39848766,25260137,27791164,26425802,18669522,14171617,17599377,128627731,174336746
266,000777,2017-12-14,-0.003970880211780159,0.0,0.40089751142867974,12140.0,45099.616713500574,1420,22243153,16048198,1336108,1407648,6280849,5951954,5203220,4068544,5711484,2964190,2115512,1350236,602400,305626,993580,0,0,0
267,000778,2017-12-14,-0.009225092250922495,-0.011070110701106972,0.09389608557351231,8040.0,130178.70547775063,3338,82250973,50570907,3199820,2246561,15034406,7711450,12597366,8479289,10635512,7756307,7829025,5356063,5502049,2783549,2232784,2760806,25220011,13476882
268,000779,2017-12-14,0.01115760111576014,0.004184100418409997,0.46864035645144514,9947.0,186479.8831055158,936,13930760,15576066,807262,772069,2973089,4677139,854959,1913250,1758605,2329403,1619130,955930,329531,630091,839280,413280,4748904,3884904
269,000780,2017-12-14,0.02240325865580428,0.018329938900203624,0.1265105432417259,10668.0,90298.5456545438,1507,21236641,37154919,1041549,1447503,4593215,7093498,4279479,7593520,4439232,8363136,3352052,3630508,690640,2113830,1750298,1250298,1090176,5662626
270,000782,2017-12-14,0.005889281507655886,0.007067137809187329,0.37570264045976953,11900.0,61862.31025078823,510,10390457,5669471,623981,358961,3282048,1431398,1402455,1177243,2365773,1672269,1018200,0,0,0,1698000,0,0,1029600
271,000783,2017-12-14,-0.02211874272409775,-0.019790454016297976,0.14683696234045154,16150.0,157185.32189878696,3426,165980819,84730310,2174919,4093552,11497577,16511146,12123419,10656745,14301369,8288063,7708432,4880498,32484550,8795812,54943082,22301318,30747471,9203176
272,000785,2017-12-14,0.018905472636815857,0.013930348258706315,0.3715185927735433,15225.0,69748.48776218957,731,8365936,18636616,438185,648950,2810343,4465189,1971588,2357770,1158324,3307632,1477497,4758368,0,0,0,462280,509999,2636427
273,000786,2017-12-14,0.039047619047619,0.01619047619047609,0.2737299064296472,43890.0,193770.0515061462,5890,304245074,304234131,2207014,2212242,29367274,28997486,42260635,38094588,56597092,53544025,35746015,38575608,23708566,23334300,25239920,23151122,89118558,96324760
274,000788,2017-12-14,0.007963594994311762,0.0022753128555177415,0.3201572990092215,8780.0,37629.885617876695,753,9060631,6704345,1061483,880934,2977435,2475126,2005382,946364,2411050,1796640,202207,202207,0,0,403074,403074,0,0
275,000789,2017-12-14,0.01848591549295775,0.005281690140845008,0.15518669929835507,57750.0,318338.23391349614,5371,382287269,451571892,1928731,1991865,18124208,20975914,28672420,35604792,54610180,61058239,41507528,54777997,32772867,43172458,33452448,33086770,171218887,200903857
276,000791,2017-12-14,-0.007722007722007707,-0.006435006435006385,0.17247837186075518,10003.5,64209.125046802445,2030,35392580,23649551,2194956,1980129,10584727,7236571,6619193,4278617,4388250,2804951,4544457,3255508,2694513,2585699,857352,0,3509132,1508076
277,000792,2017-12-14,-0.02164179104477615,-0.018656716417910446,0.18195488103673726,39720.0,274069.27654443256,5431,374680088,273061873,2359018,2079701,27243126,20169793,33751758,25685144,61860439,48592882,41844473,31786455,34758948,18595422,18703512,18718304,154158814,107434172
278,000793,2017-12-14,0.01851851851851838,0.024074074074074137,0.1709302559458948,32130.0,650610.7063154563,4001,253186611,307570043,1931445,2078675,21530572,15178790,24447174,21229912,33239340,33825834,18896299,22361113,15282802,12246466,13353821,9909985,124505158,190739268
279,000795,2017-12-14,-0.008196721311475419,-0.006557377049180357,0.1368515023088813,10268.0,50405.463740391926,1988,29314078,21306753,1643473,2054080,10595990,5955526,5246813,4637111,6563542,5476076,1327898,1230054,1023364,1524356,429550,429550,2483448,0
280,000796,2017-12-14,0.006741573033707926,0.0022471910112360494,0.25790294711717865,4029.0,32443.57291164603,2683,17920960,18039394,1486911,4474639,6789504,8266905,2789739,2576855,3479261,2090299,286632,286632,1597196,344064,456533,0,1035184,0
281,000798,2017-12-14,-0.0140350877192984,-0.010526315789473717,0.30524143524955977,7699.5,34671.83588572357,784,7810856,5641488,928602,950380,2922055,2685539,1424237,860811,923085,914919,229839,229839,1383038,0,0,0,0,0
282,000799,2017-12-14,-0.011904761904761862,-0.01406926406926412,0.4338607626050426,21976.0,122204.3590429585,4083,132129109,88201224,2716604,2807933,19562242,20680635,22399415,18089309,28368037,19857839,18055462,12569325,7262988,3423550,5369551,6181521,28394810,4591112
283,000800,2017-12-14,0.0028169014084507005,0.0028169014084507005,0.18417138937181993,25764.0,190698.49546731976,3346,129178759,145040331,1955503,1932272,14378065,13273593,15400542,17174245,23721612,29878593,18833683,16647999,13146587,13153137,12390582,11296298,29352185,41684194
284,000801,2017-12-14,0.011627906976744207,0.006644518272425293,0.14922782926901756,12694.5,72190.98349729348,1628,26624725,29577300,1578538,1093499,7811623,6267027,6097068,6597432,5370442,6593314,1323869,5176456,934509,1234376,956800,0,2551876,2615196
285,000802,2017-12-14,0.027696793002915276,0.006559766763848396,0.2685630348174187,15037.0,101565.01037690882,2611,50441828,60092368,2132858,2125796,13349547,13347610,8565487,9888340,7490689,8785919,4910655,8174343,2391093,3670713,3088799,4663919,8512700,9435728
286,000803,2017-12-14,0.00040192926045024,-0.000401929260450129,0.8385730797518519,19854.0,219978.25249831716,881,30329242,20830548,611466,885508,4864143,4376395,4433909,2744853,5485837,3278053,2317246,1952194,0,731472,1672608,801458,10944033,6060615
287,000807,2017-12-14,-0.007017543859649145,-0.011695906432748648,0.11750906520734929,39744.0,399865.58980776195,5302,350338528,427323980,2203781,3753090,16667249,26398749,26527876,28774133,35038649,53592411,33701587,48780736,20640205,32248308,23215066,34004710,192344115,199771843
288,000809,2017-12-14,0.021164021164021163,0.023809523809523947,0.11569233335687906,11550.0,69354.24144204328,1068,17436943,21300489,863144,848667,4149581,5532539,3254855,3751743,3299090,5033856,942439,2666630,2922954,1428218,406746,406746,1598134,1632090
289,000810,2017-12-14,-0.007177033492822837,-0.013157894736842035,0.24239840374474486,7434.0,60254.660438063984,1189,17201284,14599882,1432835,1038759,4923719,3184217,1825187,1600263,4914105,3827103,1130092,2001130,1002258,1828372,1304854,451804,668234,668234
290,000811,2017-12-14,-0.0036809815950921143,-0.0036809815950921143,0.3052660368239931,12195.0,81297.63019052852,712,14740072,13649476,739870,639655,3659553,3045344,1900349,1354476,2490770,2440930,3044339,1267294,1051009,1639435,1267382,1369942,586800,1892400
291,000813,2017-12-14,0.007777777777777883,0.011111111111111072,0.1817797609944255,11999.0,81271.23031174378,2453,49193433,45558039,2604274,2519331,11732007,8818614,10676527,10234432,10818470,8045875,5216323,3912083,5223510,4341306,492882,1878794,2429440,5807604
292,000815,2017-12-14,0.003656307129798808,-0.0012187690432662324,0.45371741900867524,8205.0,52955.18539191288,1309,12370926,17231934,1620769,1481353,3997084,4156213,2401751,3212712,2625543,2018385,744267,1274235,300482,4408006,0,0,681030,681030
293,000816,2017-12-14,0.00588235294117645,0.002941176470588225,0.0664938250072163,6880.0,95116.24845494026,2626,48046765,45391094,2430477,2028169,9334578,6945529,8271100,7823529,13092339,9958660,3629912,4718106,2306626,1647748,1412651,4106731,7569082,8162622
294,000818,2017-12-14,0.00909090909090926,0.014876033057851235,0.20995537106661125,21672.0,141194.52798743773,3323,109320031,110789661,2422319,1943341,18847238,13349873,13007974,15966677,18350757,21668308,15015078,11307860,4488763,9829028,9293649,9953423,27894253,26771151
295,000819,2017-12-14,0.010416666666666519,-0.0024038461538462563,0.47345007779550785,11241.0,22773.015502458933,694,6804316,5083908,620482,615056,3620004,2991746,1884179,1214606,679651,262500,0,0,0,0,0,0,0,0
296,000821,2017-12-14,0.005546751188589605,0.007923930269413848,0.3413309718294624,15120.0,38434.88479258614,1367,13946511,22371893,856140,1000010,5089778,10895947,3245662,6082071,2529051,3290603,919800,710142,393120,393120,912960,0,0,0
297,000822,2017-12-14,0.007658643326039494,0.00875273522975939,0.1389632191951963,14736.0,101669.23191706951,4331,105175860,118860002,3101930,3826426,19255276,17297747,16285417,14527254,19624362,25283457,19853565,13538780,11025956,14350953,5249142,11491950,10780212,18543435
298,000823,2017-12-14,-0.03934010152284262,-0.0374365482233503,0.25704210659875304,31920.0,254765.409339447,3765,250219679,151425867,1606626,2779255,18835346,18426461,16513559,15866574,39617019,23844325,16536645,11022937,19820082,12395299,12707772,9040130,124582630,58050886
299,000825,2017-12-14,-0.008080808080808133,-0.0060606060606061,0.07619101819445012,5412.0,130663.57679057396,4237,75508705,56068011,4173537,5664734,13470919,9027087,10680855,6559974,9121959,8440602,6833425,5443271,3346578,2601248,3261000,2614252,24620432,15716843
300,000826,2017-12-14,0.0014355440712030543,0.0028710881424061085,0.6822594653817394,17500.0,247855.76276438902,2607,64186162,96416808,1722825,2281439,11721233,11116119,10833187,14101027,16278305,17318540,6189955,7550531,3671201,5825845,1757763,4993934,12011693,33229373
301,000828,2017-12-14,-0.0417014178482068,-0.03669724770642202,0.27365886946925855,17445.0,137970.01432802159,1920,51937629,47111568,1545091,969230,10227051,7235895,9541357,6748175,12851474,8759279,5210849,6575090,5127480,4703496,2368006,456108,5066321,11664295
302,000829,2017-12-14,0.07335490830636449,0.05177993527508096,0.17984645165474983,11400.0,100740.62065422695,2658,53964905,71509670,3262536,2122813,13030555,9055254,6735165,8863372,6534443,9920983,6190223,7682189,6054229,5985475,7412658,23288210,4745096,4591374
303,000830,2017-12-14,-0.017472335468841083,-0.027373325567850992,0.21279695145632582,92702.0,512626.6533946903,6518,824445603,805664203,1602441,1215023,22821657,21702900,37589349,36694638,76577698,69430900,74153222,74130088,65708976,67625273,49205964,55494211,496786296,479371170
304,000831,2017-12-14,-0.017108639863130826,-0.016253207869974307,0.23554262366084558,17287.5,104289.18412215328,2464,65889277,46447730,1628990,1886898,12967482,11063936,10438830,9989587,12543743,10749888,7186948,4600534,6596620,3153374,456300,456300,14070364,4547213
305,000833,2017-12-14,-0.0029940119760478723,-0.005988023952095856,0.2498572417610219,9352.0,52995.26169823957,714,10192969,8279521,803015,633088,3324825,2315879,1906022,1359041,1396725,2350083,1102588,283528,675902,1337902,983892,0,0,0
306,000835,2017-12-14,0.008333333333333304,0.0071428571428571175,0.24489783340416268,13087.0,487080.48024815257,1176,36312977,36506075,1065931,1057597,5160505,5117950,4353158,3782068,5760434,6998766,2019965,2377510,642200,0,0,0,17310784,17172184
307,000836,2017-12-14,0.0,-0.0045351473922903285,0.10180552955241723,12760.0,133535.82169785904,1879,40358000,49749824,1357752,1998756,7706572,9527445,5266522,7011220,5045909,7337528,4416110,1909938,2528858,2464752,4159567,3126113,9876710,16374072
308,000837,2017-12-14,0.0016207455429497752,0.0016207455429497752,0.17641420528909885,9255.0,32116.29348964054,1223,14138312,11217669,1216666,1070534,5977028,4453869,3805315,2345467,2648146,2378002,491157,969797,0,0,0,0,0,0
309,000838,2017-12-14,-0.006611570247933907,-0.006611570247933907,0.1301599976076197,8442.0,52116.26885490193,2162,32826570,18200298,2397637,2097227,9345181,7726783,5494289,4019033,5309693,1990672,4910110,525629,2093422,679822,905106,0,2371132,1161132
310,000839,2017-12-14,0.0022050716648289725,-0.003307607497243792,0.12211493594939207,30701.0,195763.38321629024,5524,261796390,216329799,3646432,4062621,24254826,26236700,33428538,29929303,46658702,42327662,38456338,24615957,28265946,19137780,13431995,11703707,73653613,58316069
311,000848,2017-12-14,-0.007717750826901959,-0.006615214994487362,0.202148823947772,4492.5,32537.9185908174,2014,18922320,12437073,2056125,2568289,6396921,4504537,5687608,3021399,3410250,1149392,730616,237336,640800,0,0,956120,0,0
312,000850,2017-12-14,0.0,-0.002188183807440014,0.2276806845050339,13710.0,44363.366017433786,402,7205455,4515051,309222,259031,2814557,1401022,2038754,540470,1263402,1991006,455998,0,323522,323522,0,0,0,0
313,000851,2017-12-14,-0.008762322015334112,-0.008762322015334112,0.265962667095258,10920.0,78275.66867265187,1178,24652318,11465912,1132884,1272157,6155844,5280930,4748550,2686593,3343618,1663580,3291484,248702,921898,313950,0,0,5058040,0
314,000852,2017-12-14,-0.0038498556304139564,0.0107421875,0.0072683743996900295,13372.0,74712.02355963478,1162,26847760,14913849,884046,870809,5956141,5513978,5285526,3288039,5031748,3228446,2280440,664879,1631302,394490,835298,411962,4943259,541246
315,000856,2017-12-14,0.007763975155279379,-0.0010351966873706209,0.2667970813897734,38620.0,214692.46362435314,5248,230595176,249258559,3142800,2536964,28271661,23276965,34007743,31366162,48588516,43916745,30785205,30945920,17415683,22874938,16573759,18731514,51809809,75609351
316,000858,2017-12-14,0.006603773584905603,-0.0008086253369272711,0.909663393598064,156786.0,590911.0939276356,6655,1152319785,1051750313,587639,692104,15655123,13210960,37590524,35861983,97875673,96198226,94745228,90853918,82855951,78293172,83155608,79611436,739854039,657028514
317,000859,2017-12-14,0.007075471698112956,0.004716981132075304,0.17610277750979494,8500.0,67085.0047054435,579,9146617,7841907,626076,428997,2739728,1679316,1881277,1226453,2259848,1933159,218538,930048,629216,0,0,852000,791934,791934
318,000860,2017-12-14,-0.004784688995215336,-0.0026581605528972485,0.4566773261308571,5625.0,53429.16221043604,1696,24538707,14656178,2381516,1223501,5623295,4232551,6597546,3417202,4656483,2953113,670918,240128,2936053,797087,0,0,1672896,1792596
319,000861,2017-12-14,0.006472491909385036,0.009708737864077666,0.1203449047414446,7392.0,45809.7490089317,659,7089545,7453982,491814,785783,2440788,2079034,1344214,1125276,1958762,1586492,853967,420919,0,654720,0,801758,0,0
320,000862,2017-12-14,0.005940594059405946,0.001980198019801982,0.22610987816813663,9576.0,33286.68906481701,498,6256600,3385220,527444,317105,1978842,1424366,1709326,1177711,1001732,466038,1039256,0,0,0,0,0,0,0
321,000863,2017-12-14,-0.02777777777777779,-0.02777777777777779,0.15296620861886565,11260.0,96581.11113227805,1419,19122325,23652093,743973,1668206,5477808,6632379,5152598,4129450,2144463,3850147,1592735,1710407,979260,0,0,0,3031488,5661504
322,000868,2017-12-14,0.046052631578947345,0.047368421052631726,0.0956918684722794,55510.0,317609.82401849836,6330,409389005,518909515,2146072,2275793,28509586,28868717,43043574,43469238,72197788,70049656,47553004,52127588,35951563,37824814,24823302,35542240,155164116,248751469
323,000869,2017-12-14,0.007730535615682044,0.003865267807841022,0.6782800024012051,21768.0,119491.08948305724,2852,85375024,80493782,1876655,1894682,14897899,13161031,13599164,11319940,19423313,15375741,12676688,9962955,5689900,6253834,6249889,3457167,10961516,19068432
324,000875,2017-12-14,0.005012531328320691,0.0,0.1474443084151694,5586.0,49016.66072770226,732,7292122,8421645,627754,842108,3176846,2259154,1236502,1467429,948226,682002,247779,688579,1055015,2482373,0,0,0,0
325,000876,2017-12-14,-0.011857707509881354,-0.013175230566534912,0.12154479763572543,12784.0,177944.54661836804,3904,140881209,76482971,4133051,4218931,17437048,14460809,15649712,9691824,16492001,11902627,11396864,9324349,14258655,6311511,8378731,4003391,53135147,16569529
326,000877,2017-12-14,0.06876790830945545,0.02865329512893977,0.14277122017413424,34496.0,183342.0262542133,5387,218597836,287379065,2403884,2601260,23681492,24497336,29967989,32757073,44223973,52096362,28857885,33566404,21256891,25355182,18020456,20179923,50185266,96325525
327,000878,2017-12-14,-0.014106583072100332,-0.01567398119122254,0.23676890978013612,19005.0,106754.48353533621,2905,80342840,69633946,1800439,1904899,14178428,15191451,13316582,11221381,15389411,11288560,8121968,7214326,5659974,4083923,4901795,7475421,16974243,11253985
328,000880,2017-12-14,-0.0065430752453653485,-0.0065430752453653485,0.4667982575555237,10010.0,41001.71082240815,385,5934610,2629895,422792,317645,2563750,1235804,1072179,539644,1010911,127324,455500,0,0,0,409478,409478,0,0
329,000881,2017-12-14,0.008143322475570258,0.005700325732899136,0.3252879605979008,11151.0,36205.6283095048,1425,14670278,16552789,1093009,1457147,5838365,6576161,3356723,4988545,2308117,2599213,678416,931723,1395648,0,0,0,0,0
330,000882,2017-12-14,0.02970297029702973,0.02310231023102327,0.0740053343286248,7130.0,180370.9937044356,1681,29710721,41972322,1408191,1728481,5588912,5749306,3284950,4029951,3342853,5134033,476464,3763312,1397311,2215205,0,0,14212040,19352034
331,000883,2017-12-14,-0.0021459227467810482,-0.0021459227467810482,0.11875207850752593,4194.0,45903.59519242426,1541,16168935,13663664,2219395,678969,3846561,6532620,2436994,1628932,4112315,1608503,2036556,1961646,1065094,330394,452020,922600,0,0
332,000885,2017-12-14,0.020383693045563644,0.011990407673860837,0.23111193244308315,34000.0,116536.73269663015,5215,187269134,171727154,2655957,2406989,28089686,27621172,39550057,31053362,43147645,45194417,32661233,22739976,16888458,15445260,5132023,8679815,19144075,18586163
333,000886,2017-12-14,0.018387553041018467,0.014144271570014189,0.1466632269074841,12906.0,127673.1740380679,2327,67177469,62538746,1740661,2866911,9606506,7044425,6281054,7106248,14286699,12421236,8028902,9701951,10472146,10170734,2154020,2176820,14607481,11050421
334,000887,2017-12-14,0.002328288707799775,-0.0034924330616995514,0.454034466832933,17070.0,59258.68962371232,1431,25644033,24633399,1169685,1041678,6039637,8306030,5206227,4919202,6431848,5030400,4080291,3281284,2080225,1418685,0,0,636120,636120
335,000888,2017-12-14,0.000970873786407811,-0.000970873786407922,0.31133714363077153,10260.0,59084.67557285516,1094,16537941,12441614,991614,705314,5014005,3830624,2990400,2358738,3759703,3185401,0,1065998,927405,313605,0,981934,2854814,0
336,000889,2017-12-14,-0.008409250175192673,-0.011212333566923638,0.4381460483482206,8526.0,41979.7152676676,1060,17663741,9706609,1518236,621638,4157454,2983090,4542621,2561029,6039090,2287232,767340,1253620,639000,0,0,0,0,0
337,000890,2017-12-14,-0.002971768202080338,0.0,0.287800634249709,6750.0,35413.554812328926,546,7473093,4035156,645777,386647,2807635,1343201,1925598,1138303,1150433,722165,943650,444840,0,0,0,0,0,0
338,000892,2017-12-14,0.00540540540540535,0.00540540540540535,0.28297508335607374,7450.0,43244.88788759054,683,9926382,6166930,808982,643348,2342869,2602664,2286285,1325680,2431548,682160,1310308,913078,746390,0,0,0,0,0
339,000893,2017-12-14,0.008805031446540879,0.008805031446540879,0.27805776910981284,7209.0,31654.743710401937,817,6300737,7308720,675604,904911,3283200,2632628,948158,1465473,937602,1368335,456173,937373,0,0,0,0,0,0
340,000895,2017-12-14,0.0041509433962263476,0.0041509433962263476,0.37460583927896435,18606.0,187823.5944418387,5006,183610706,188748528,3598556,3340446,21417154,24492321,27022041,19928545,29919085,21617379,21614675,23621631,12807213,9580670,10079822,6561950,57152160,79605586
341,000897,2017-12-14,0.0,-0.005681818181818232,0.10555970581659507,3839.0,52172.39062801813,1113,10783672,8883805,829919,1181515,3152571,3091316,1514660,1325846,2698234,1011740,0,0,696000,0,1254588,416988,637700,1856400
342,000898,2017-12-14,-0.004694835680751019,0.0,0.106194210846547,10863.0,143443.57032870277,3627,105404210,80329911,3235973,1642635,15567668,9507461,13454523,7869024,22442497,10631907,10518335,9842785,7505764,6281528,5367612,4770955,27311838,29783616
343,000899,2017-12-14,0.0034305317324183626,-0.005145797598627877,0.32492607590711803,5800.0,44329.93674177795,321,3117723,2101471,324967,485848,854375,747552,267640,444280,298511,423791,589422,0,782808,0,0,0,0,0
344,000901,2017-12-14,-0.0040000000000000036,-0.008400000000000074,0.4569405078424112,24840.0,83741.31901505071,2995,89335424,71760948,1543835,2330216,13632685,15196378,14023873,12058938,36758282,20239120,7522778,9371766,5328840,1735049,2429394,2652274,8095737,8177207
345,000902,2017-12-14,0.0,-0.004371584699453646,0.23153024328487884,2735.0,33756.05008103785,1562,7539621,14222998,1410608,1216049,2451751,4580026,1206540,3223218,643896,3969745,1096952,250268,729874,983692,0,0,0,0
346,000905,2017-12-14,0.0,0.0,0.27179391433720407,13847.0,78731.24832003815,1784,38860958,34982929,1414525,1369841,9538886,6671624,7530526,5961196,8646890,8112116,4333507,3337962,2087883,4675785,1873053,2834361,3435688,2020044
347,000906,2017-12-14,-0.003937007874015741,-0.001312335958005173,0.2521132359189466,7550.0,36249.42426680163,913,9392617,8632303,1040542,935967,3034353,2910733,2418182,2087672,1889572,1987215,255968,710716,754000,0,0,0,0,0
348,000908,2017-12-14,0.0016233766233766378,-0.004870129870129913,0.24174060742056838,6130.0,77481.43883834286,649,11780301,5175522,593878,376799,1679283,1763264,998338,1128215,3809135,1290347,1462140,233740,995157,383157,0,0,2242370,0
349,000909,2017-12-14,-0.00797165633303809,-0.008857395925597866,0.47463013748121285,11200.0,51069.78646724059,565,8418785,4800273,502475,487078,3080883,2398404,1289151,754523,1356390,737942,0,0,627200,0,422326,422326,1140360,0
350,000910,2017-12-14,-0.010070052539404517,-0.009194395796847665,0.35940957579045024,15960.0,85678.37361244037,4073,107660141,46420501,1766280,2938027,34769371,12855346,15220912,8600382,28836930,9005908,6120441,6173701,2553420,4239082,3653588,1368190,14739199,1239865
351,000913,2017-12-14,0.0772821576763485,0.03163900414937748,0.4721149430738555,19830.0,107610.02767535721,1668,42834724,42110328,1647826,1569483,7409032,7528073,9637218,7871666,7225037,9081156,2806535,2063969,2705203,2955850,1930330,2705228,9473543,8334903
352,000915,2017-12-14,-0.005632869449966771,-0.006958250497017926,0.6282822761311122,14935.0,83390.02860919962,2308,45733546,41119079,1892582,1690515,8878275,15997589,8630664,5200069,9650081,7496930,5221924,3211760,3023116,1804560,1364690,918866,7072214,4798790
353,000917,2017-12-14,0.0011185682326622093,-0.0022371364653243075,0.19399378152188626,11570.0,93355.5679389187,2124,50349040,32931490,2469049,2044021,10022916,8949612,9198866,5547571,8001746,6926417,6140330,3299957,3083869,2082877,4122882,3577220,7309382,503815
354,000918,2017-12-14,-0.008438818565400963,-0.0042194092827004814,0.13445946105079146,15532.0,133186.77786996376,2799,75124854,67712012,2061983,2478408,11764270,13786534,14550257,10408964,15005757,12455679,6357307,6639669,5729118,2649334,3522564,2206062,16133598,17087362
355,000919,2017-12-14,0.0011350737797957144,0.0011350737797957144,0.392456055817488,8840.0,33158.78673981175,503,4661559,4607824,574725,589558,1956525,1746808,1284540,1125469,555765,855985,290004,290004,0,0,0,0,0,0
356,000920,2017-12-14,0.003992015968063978,0.0009980039920158834,0.312003823681031,13117.0,62345.31350982275,1031,18447054,12885030,830638,633916,5215345,5047637,3653825,3060809,4016185,2826583,1616278,858102,604800,0,457983,457983,2052000,0
357,000921,2017-12-14,-0.005641748942172065,-0.009873060648801224,0.24235355084186103,14090.0,56706.98865714319,3427,59599970,49703047,3011676,3293714,14900807,18226040,19549352,11621026,9536348,8581251,5515726,3678197,3518343,1348649,439034,439034,3128684,2515136
358,000922,2017-12-14,0.0023923444976077235,-0.0011961722488037507,0.22130314263973963,12495.0,43051.01497887267,1427,20540316,17107058,1339746,1328313,6513947,7579334,6110654,3585288,4582385,2355283,1446786,944762,0,767280,0,0,546798,546798
359,000923,2017-12-14,-0.003040834057341457,-0.0008688097306689402,0.48520097707520027,16121.0,73708.624439657,2251,38491817,34933841,1996605,1741616,12634970,11797239,8905075,5872365,7134488,7358264,1794151,2750993,2078440,618008,912370,912370,3035718,3882986
360,000925,2017-12-14,-0.0014255167498218313,0.0049893086243764095,0.4264692521649734,4245.0,42780.429217509154,1082,9781608,8956593,730486,2207764,2267426,2908847,1945194,998588,1632799,1625563,2397612,407740,332525,332525,475566,475566,0,0
361,000926,2017-12-14,-0.004115226337448652,-0.008230452674897082,0.24899471645777485,16884.0,116973.90879922528,2381,66224343,85476488,1016812,3667673,9760823,9477978,8334614,7540951,16028280,20453492,7955235,17003985,7803705,9182787,4029225,4053575,11295649,14096047
362,000927,2017-12-14,0.0,0.0,0.09076596588623824,13048.0,99062.12611939105,2688,51724786,64194754,2580012,2227786,9709705,13172700,7360524,10831903,10771751,13090304,7477362,7688849,3185719,4082181,1422936,1890936,9216777,11210095
363,000928,2017-12-14,-0.0016181229773462036,0.003252032520325132,0.006054603092443327,9195.0,65835.85529957004,491,8926418,4601898,620102,397814,2086098,1722821,1357005,1183469,1665430,633094,665424,0,0,0,1387673,0,1144686,664700
364,000929,2017-12-14,-0.00588235294117645,-0.012605042016806789,0.46418806744812297,3570.0,22080.068373742284,657,4174037,3489041,360807,1012433,1697628,1440807,1257823,668902,857779,366899,0,0,0,0,0,0,0,0
365,000931,2017-12-14,0.007385524372230501,0.005908419497784312,0.15059881174357706,11645.0,69067.11939594691,2022,25334152,36081092,1882226,2104599,8042718,9744391,4955328,6583892,5887529,8084131,2791117,3320285,729786,1372316,487895,1298555,557553,3572923
366,000932,2017-12-14,0.025485436893203817,0.01577669902912615,0.11560798443111198,33800.0,267248.5320147397,5089,260351666,294155591,2485165,3199212,20319937,24647565,28508141,29787903,37526011,44203117,29671999,29937582,21982326,17721044,28094382,23258391,91763705,121400777
367,000933,2017-12-14,-0.005882352941176561,-0.016470588235294237,0.12097723026054953,29001.0,209433.22817313115,4944,248102931,222731688,2293049,4099326,19820061,23814184,26969261,22641499,38239055,39877703,28785270,25775711,22562316,14686114,18271393,19018779,91162526,72818372
368,000936,2017-12-14,0.00805369127516764,-0.008053691275167862,0.12199633401859235,22005.0,132253.19633276318,3736,101427850,101728366,2273315,3167776,16096104,23446006,14974822,21387654,17143554,20150309,10537255,8174315,7674270,5968092,825474,917600,31903056,18516614
369,000937,2017-12-14,-0.0035087719298246833,-0.00877192982456132,0.1250992635185935,5690.0,105385.49962909587,2078,38204076,33837355,1557013,1641864,6423990,5870531,5920517,5516143,6064137,6044467,4227247,1270757,3662134,956830,3555346,2944532,6793692,9592231
370,000938,2017-12-14,0.02368460500674585,0.02758207165342541,0.9167850498614833,67620.0,238578.70185952095,5296,335150744,410253292,1427955,1393498,22857776,23858448,31568086,36401576,62215533,61113593,39657022,56645480,39039320,39447274,31850143,36104029,106534909,155289394
371,000948,2017-12-14,0.014423076923076872,0.0028846153846153744,0.36376540981144917,8352.0,46040.30436424493,817,7738851,9411484,628223,978568,3175847,2625461,1414003,1627101,1000175,2168831,1520603,1099067,0,0,0,912456,0,0
372,000949,2017-12-14,-0.009411764705882342,-0.004705882352941115,0.14134118549789274,5112.0,56656.56779249881,904,12362875,8264840,972195,784373,3824676,3007026,2228062,997566,2436145,1160604,1306446,0,320572,1040492,0,0,1274779,1274779
373,000951,2017-12-14,-0.022045315370483598,-0.025719534598897642,0.2567791766585683,9720.0,91347.25711707209,4047,90955580,50962245,6898997,2807499,16392375,13712118,15419737,9411231,16312272,8665186,10606978,4728212,2006263,2302968,6481016,2772178,16837942,6562853
374,000952,2017-12-14,-0.007072135785007205,-0.004950495049504955,0.44281066150598763,14070.0,72432.84938364211,1019,22252827,11511854,953360,800151,5798360,3853838,3832149,2592327,4122487,1390651,2692338,424914,669858,669858,1396600,400440,2787675,1379675
375,000953,2017-12-14,0.0,0.0,0.399509851713313,3960.0,70929.39295943388,392,8204342,0,900518,0,1781208,0,1516680,0,1032768,0,0,0,1289376,0,0,0,1683792,0
376,000955,2017-12-14,-0.007246376811594346,-0.011594202898550732,0.23756488393153077,10290.0,92855.572294843,844,19787955,19025571,459094,989793,2924467,2591795,3862944,2981403,2792434,5366116,3385130,2147268,1997173,2088424,2147972,1342772,2218741,1518000
377,000957,2017-12-14,0.013452914798206317,0.01255605381165914,0.2241889169833598,16762.5,87004.92815966498,2476,53299568,59631816,1516733,1804981,11233594,12606347,9328656,9993301,12288393,11861018,6034793,7564032,4396816,2688378,2078248,5960494,6422335,7153265
378,000958,2017-12-14,0.003875968992248069,-0.00387596899224818,0.12472685158760465,7182.0,38025.22563137854,1713,20612699,13303291,1387889,1352533,8182435,3763070,5133639,3480284,2909544,2354676,2009902,1972882,989290,379846,0,0,0,0
379,000959,2017-12-14,-0.009803921568627527,-0.011437908496732097,0.10906603983285884,2426.0,45423.98621026239,3154,28510573,12199173,3257648,2227843,9660763,4747443,6521000,2078881,3039073,644309,935457,516465,1266752,0,839248,0,2990632,1984232
380,000960,2017-12-14,0.006552006552006384,0.004905968928863302,0.008849328013958827,18480.0,138227.6077551782,1236,41978984,40019098,1044377,826077,4962158,4922824,4823141,6121327,6856847,9135447,4406191,5759371,2798249,3520358,3491409,4057882,13596612,5675812
381,000961,2017-12-14,-0.004975124378109541,-0.0016583747927032544,0.13957222685173473,4816.0,172001.36630926764,1868,42567758,37992562,839641,1649715,5541650,3720645,11598428,4097648,3916416,5061928,1608651,4002631,2757056,1283184,1762022,974034,14543894,17202777
382,000962,2017-12-14,0.007151370679379987,0.005959475566150063,0.2658983227332826,10907.0,48165.649353464636,995,13140788,11265618,1058379,1021668,4974444,3994824,2434156,3367113,1961533,1599671,922771,686267,349430,0,844000,0,596075,596075
383,000963,2017-12-14,-0.020220588235294157,-0.023897058823529438,0.6954975869174809,28845.0,155940.0704924753,4962,229530788,158721758,5372453,3474490,23867714,21479906,24691687,22290398,33387904,31533754,45151969,31639768,35777507,12838142,14936802,10970532,46344752,24494768
384,000965,2017-12-14,0.0017730496453902678,-0.007092198581560294,0.17010959633803774,14075.0,60133.92823966597,1099,21918343,17456099,733184,667014,6925856,3189965,5523881,4741728,4818957,4898379,1010600,1129000,1464210,1388358,848816,848816,592839,592839
385,000966,2017-12-14,0.0,-0.0025380710659898,0.16379780513907752,3950.0,77916.86407249367,578,8495429,5954914,529689,573340,1887948,1319285,1118044,64059,875412,886502,1603993,1165865,303123,303123,0,0,2177220,1642740
386,000967,2017-12-14,0.0011098779134295356,0.002219755826859071,0.33328912977063757,9030.0,41900.19209783417,730,9646878,6077948,847604,811377,2902248,2031471,1827472,1752612,2002279,1213385,1284491,269103,782784,0,0,0,0,0
387,000968,2017-12-14,0.04731861198738185,0.04100946372239744,0.24851499575005545,24135.0,135580.02419958537,4075,138099621,151097109,3120214,2800356,18737074,18704939,21347194,16628363,29011281,27234475,18633818,18444203,12240872,22582418,6019193,9053859,28989975,35648496
388,000969,2017-12-14,0.03277060575968216,0.029791459781529195,0.1669493285215215,24264.0,159608.7285533405,3643,111781961,145617970,1887989,2003210,15051995,18330581,16327588,19957048,20381162,26490189,18805898,21976910,10206311,10156299,4987525,5229747,24133493,41473986
389,000970,2017-12-14,-0.019466474405191003,-0.019466474405191003,0.2243172615776254,20625.0,148687.69169219592,3825,140160527,116488501,2532438,2801413,19056982,17232283,18806318,14312557,26909012,24668046,17370228,12471850,9140438,13549710,9117144,5889798,37227967,25562844
390,000972,2017-12-14,0.01869158878504673,0.01869158878504673,0.11493671900534229,10120.0,104531.68835531457,1389,30991147,23573792,1245683,1294499,6280905,6429738,3578960,2662140,4562033,4327557,1728095,1823145,3801806,1707528,3042655,1362273,6751010,3966912
391,000973,2017-12-14,-0.012578616352201255,-0.011006289308176154,0.1589727090579311,8806.0,64039.293017699434,1601,29359058,15918589,1526341,1867715,6872333,5907019,4594978,2331017,5619277,3220089,2941789,2211081,3802476,381668,0,0,4001864,0
392,000975,2017-12-14,-0.0030651340996169507,-0.0007662835249043765,0.24327253574436872,25365.0,452544.4273636325,2881,163316246,174036663,1128270,2527162,8037108,13124221,10187854,16273791,18684962,26001725,12793501,16711049,10399059,12847950,8793780,9837524,93291712,76713241
393,000976,2017-12-14,0.011534025374855705,-0.0023068050749711633,0.263265884207139,14603.0,49551.373931558795,1084,21013602,13479447,1165069,675637,6903304,3731437,5855748,4102120,4043362,3205766,1912241,1235101,604492,0,0,0,529386,529386
394,000977,2017-12-14,0.02813965607087021,0.01875977071391355,0.24606362031989681,64152.0,271972.6752952459,6086,415824326,474935917,2605411,2251792,24175265,22846080,40132566,37411853,80304726,69902123,61629029,55495548,34304036,49566466,33521952,38256020,139151341,199206035
395,000978,2017-12-14,0.0,-0.00974421437271622,0.26258623788465074,4860.0,48060.27139011464,977,14604415,9202948,796751,800583,2597377,3274102,2610910,2632616,4386098,1461872,3563681,1033775,649598,0,0,0,0,0
396,000980,2017-12-14,0.0024330900243307862,0.0008110300081103361,0.22067811002161186,16042.0,106053.2145907686,3123,73843714,66119482,2128098,2615419,14497818,15561879,14272863,12791913,14602665,12282228,4560813,7412708,5098629,4689273,3726126,3836508,14956702,6929554
397,000981,2017-12-14,0.0011248593925758943,-0.003374578177727905,0.3348810314668659,4430.0,56335.72702005361,704,8571966,7662367,553856,961141,1409564,1729548,1860420,1300386,2288290,1618556,1121020,713920,339338,339338,468165,468165,531313,531313
398,000982,2017-12-14,0.011049723756906049,0.013812154696132506,0.07595577913634295,7400.0,67720.48032841194,2279,34324517,27578131,2350253,1815785,9128118,7671464,6314632,4525115,7501219,4121300,3498250,1839546,344632,2511930,3098937,2154327,2088476,2938664
399,000983,2017-12-14,-0.008869179600886956,-0.0077605321507761005,0.14018166303505505,16344.0,162491.28231437478,4145,157185939,120937712,3069681,3823158,14392042,18706226,13830766,20229345,21309512,15538809,12877445,11167916,13244202,9245380,17268239,20064481,61194052,22162397
