,code,date,pchange_whole,pchange,change_std,amount_median,amount_std,length,sumsell,sumbuy,sell_vol_0,buy_vol_0,sell_vol_1,buy_vol_1,sell_vol_2,buy_vol_2,sell_vol_3,buy_vol_3,sell_vol_4,buy_vol_4,sell_vol_5,buy_vol_5,sell_vol_6,buy_vol_6,sell_vol_7,buy_vol_7
0,000001,2018-03-12,-0.009876543209876631,-0.011522633744855959,0.20537671661713755,141102.0,739301.5089216854,3503,708776964,588540035,581271,448452,13104675,9080953,18538277,18191354,41052744,41808070,38889616,34972126,43453752,35706500,34739401,29924179,518417228,418408401
1,000002,2018-03-12,-0.027429934406678624,-0.029815146094215872,0.5626720837443616,184680.0,713658.0099353736,3555,784532795,646893425,573651,415066,8094889,8161247,18281921,16930270,40907939,44105490,45699809,42463461,47146306,45842193,49104695,39259913,574723585,449715785
2,000004,2018-03-12,0.032273374466065485,0.014712861888941609,0.8913837019484832,12759.0,44500.19833283395,558,7938256,6563380,341883,537129,2287466,3095992,1785034,1320905,2154873,1152780,424000,456574,304500,0,0,0,640500,0
3,000005,2018-03-12,0.007299270072992581,0.0048661800486617945,0.13371528495884405,8200.0,55351.830496123475,946,12476569,10578281,921009,961961,3665679,3413799,2356578,1372909,2812276,2005995,939432,655245,618886,682329,412000,943112,750709,542931
4,000006,2018-03-12,0.004645760743321903,0.006968641114982743,0.15168835754316173,56485.0,465719.11415863695,3231,268693105,215268263,1215526,864506,16651881,10800579,20678178,18138290,39668039,35548980,32908158,30566496,22956366,16122751,16186317,14675843,118428640,88550818
5,000007,2018-03-12,-0.006666666666666599,0.0033333333333334103,0.36907770161955294,18216.0,123860.33568270101,1657,41571658,44753884,1054294,1259932,8582004,7840390,7654141,7184255,8561985,8170077,4211891,5089231,3081903,2598177,879630,2697547,7545810,9914275
6,000008,2018-03-12,0.00536193029490617,0.0,0.2062023107978843,7470.0,103714.01704435727,1309,23003698,21701442,825636,2171773,2797733,6226256,1808633,3748800,3504200,2766405,1738843,2207378,3245831,1720918,1760798,904050,7322024,1955862
7,000009,2018-03-12,0.0015822784810126667,0.006329113924050667,0.13874158489783556,18241.0,227816.29763513748,2079,79638323,85345040,1444257,1814516,7602701,8512941,9285531,8897070,10887899,14211696,6767095,8131212,6930880,6065420,2309301,2260330,34410659,35451855
8,000010,2018-03-12,0.004255319148936065,0.010638297872340496,0.1272682425474525,11352.0,57260.94553688246,1366,15309956,21569950,1036849,1548355,4788027,8570331,2431652,3632202,2815221,2918654,1149718,1514448,1020880,339509,907381,1269203,1160228,1777248
9,000011,2018-03-12,0.0030487804878049918,0.0012195121951221743,0.4155801911665744,16390.0,49663.82893211896,1557,25432910,22936579,1031563,1656568,8493392,7254990,5063148,6019591,6887037,5031413,2145925,1604204,1116545,1369813,0,0,695300,0
10,000012,2018-03-12,0.0,0.0012195121951221743,0.19039458677255777,13389.5,131701.43124104338,1856,50328898,43223422,1681496,1773720,8205312,7876157,8984724,5789839,7205280,7274060,5988218,4273598,1673977,3072065,3040448,3036209,13549443,10127774
11,000014,2018-03-12,0.0017543859649122862,0.0008771929824560321,0.3209044516392833,11430.0,41980.11155490534,1262,19255258,15215492,1140137,967534,6618179,5278070,4302752,4212305,5020798,3568123,1486366,692701,687026,0,0,496759,0,0
12,000016,2018-03-12,0.0015822784810126667,0.0,0.1686246588721971,13871.0,163432.2502970734,1406,47174987,31699614,1136651,1114017,5328986,6409463,5454096,5983395,5911239,5866015,3612893,2766656,1980696,2112187,3069906,492960,20680520,6954921
13,000017,2018-03-12,0.006514657980456029,0.009771986970684043,0.1647552038975536,11704.0,47270.640931091424,1390,21593527,17122352,1430435,1022441,7010202,5185359,4874766,3341121,5477860,4846326,2166491,1028067,633773,710856,0,432600,0,555582
14,000018,2018-03-12,0.021922428330522825,0.021922428330522825,0.13753580107327737,10302.0,90443.50983118438,1863,32405124,33409704,1761336,1263059,7888061,6208710,7046039,5824616,6490768,6327504,3138362,1974721,1743312,1389522,893050,0,3444196,10421572
15,000020,2018-03-12,0.030985915492957705,0.02366197183098606,0.35604922163238695,25221.0,174437.25702864132,2490,84716083,89546596,1582266,1312572,14093745,11082971,12960231,11668092,18594848,15723205,8901140,8915593,5494648,7134687,5792711,4834087,17296494,28875389
16,000021,2018-03-12,-0.003278688524590234,-0.0010928961748634114,0.17141962938436095,27359.0,192238.83141325845,2853,114927865,119233923,1226287,2016230,11605427,14323048,13956032,17131219,20595074,22232872,12062121,15052884,7267436,11350150,8593577,7968903,39621911,29158617
17,000023,2018-03-12,0.025428126621691804,0.02179553710430726,0.5557598548047346,17433.0,71172.09759490011,1202,19922734,24412673,1233981,1117749,6086574,5961416,3974863,4693212,3374722,4160008,2708488,1606595,1093987,740495,1450119,2577321,0,3555877
18,000025,2018-03-12,0.022602902688555693,0.030216512015227126,0.7640439966612895,55548.0,199302.25517928787,3029,166862172,157649253,1068442,1219870,13768806,12456068,20607767,22057633,36388112,35031866,24139424,20202855,18536814,15406834,12294207,9848039,40058600,41426088
19,000026,2018-03-12,-0.006616257088846944,-0.010396975425330801,0.3510016694498306,10540.0,86916.6001678282,908,19780338,14321763,841222,870377,3436388,4953619,3305868,2385843,1940835,2779410,1616173,998398,2481843,940619,1686664,872697,4471345,520800
20,000027,2018-03-12,-0.001686340640809414,0.0,0.17401218033507967,7116.0,71325.78165199257,1162,20007824,9459335,1493024,1012588,5098935,2665110,3227538,1702427,3167186,2218729,2833568,767417,1053649,364156,951146,0,2182778,728908
21,000028,2018-03-12,0.017075232459847767,0.017413355874894343,1.5002562918903068,18048.0,82593.65843010385,1556,15770021,34723078,544216,1390089,3429605,15526745,2283298,3981461,2524778,4044787,1352315,2179274,1467996,632440,0,3018432,4167813,3949850
22,000030,2018-03-12,0.009090909090909038,0.007792207792207684,0.21175343990883894,3880.0,54051.23319392855,1323,11485771,13796869,1438515,895963,3646340,4180348,2037794,2530969,1868869,1606397,985769,1856714,609124,1722698,0,0,899360,1003780
23,000032,2018-03-12,0.00328947368421062,-0.002192982456140302,0.28665401729124323,9966.0,40987.51060169866,1012,15219217,9550000,1103347,1156669,4747015,4153980,4027319,1892500,3265042,1556008,958736,421807,646896,369036,470862,0,0,0
24,000036,2018-03-12,-0.0032858707557503752,0.0,0.20959426292834848,16488.0,281173.18823086395,1899,81356033,47204752,1137007,1566074,7919932,8643175,8493401,8365359,8463252,10417267,4000886,4019187,2157132,4141783,4536367,458828,44648056,9593079
25,000037,2018-03-12,0.03462050599201061,0.038615179760319585,0.17553476144497304,12144.0,135686.6783850944,1836,39283756,41021223,2049681,1277561,8068091,5642211,8504256,5239861,8037841,7765932,3133323,4375595,2018102,1430007,810688,2651405,6661774,12638651
26,000039,2018-03-12,0.004153686396676903,-0.0005192107995847239,0.3456495302380755,21175.0,162464.66192692652,3106,124192955,95974123,2692073,1586985,17491985,12717447,13388405,12173536,22451559,16144675,12858637,14118875,9769498,8934255,8102150,6966508,37438648,23331842
27,000040,2018-03-12,-0.0007993605115906854,-0.0007993605115906854,0.3512840062323654,3765.0,61191.97600333566,1268,13093997,13228269,437911,2428079,2547148,3627132,1949382,2367393,4624672,2777065,277278,730930,1379943,0,412757,0,1464906,1297670
28,000042,2018-03-12,-0.0018891687657431877,0.0,0.8460059831055649,9729.0,79760.32231554232,352,7129372,4855892,322618,430656,1027044,1404723,1385659,824653,2149333,377424,709748,0,642610,398500,892360,0,0,1419936
29,000043,2018-03-12,-0.010810810810810811,-0.01297297297297284,0.39741172935535085,9160.0,57524.19977846699,541,9162098,5891102,588836,418692,2259421,2182886,1427530,1427392,1724867,1162652,936807,699480,677706,0,896477,0,650454,0
30,000045,2018-03-12,0.0068415051311288,0.0011402508551880963,0.22664432402341947,8800.0,45808.74200214681,1498,21231926,16621011,2345607,1055304,6674087,5339230,5075883,3901948,3666192,3389965,1510534,1766003,1071292,697389,888331,471172,0,0
31,000048,2018-03-12,0.006477732793522373,0.0052631578947368585,1.2308693748566302,12390.0,32340.918682011226,402,5655303,2975272,479096,439253,2214738,1497201,1268337,612868,1180707,425950,512425,0,0,0,0,0,0,0
32,000049,2018-03-12,0.030684931506849145,0.020000000000000018,0.752797950847714,29632.0,180316.93755287988,2352,85054854,87964757,1161484,1233396,12482251,12354295,12335647,11115234,17742936,16525310,11183711,9561577,8297557,4953511,4260328,3998159,17590940,28223275
33,000050,2018-03-12,0.0005646527385656519,0.0039525691699604515,0.32383579417408687,38874.0,233545.22351782752,2993,187141514,152267172,1806128,1304553,15506484,11940774,15329975,14885561,27758203,30764478,23516760,23255096,15318748,15079758,9013752,11336728,78891464,43700224
34,000055,2018-03-12,0.004830917874396157,0.004830917874396157,0.17172745890699315,28118.0,188983.6447134093,2328,90651391,85905882,1769303,1268237,10962299,10761280,15787970,13225836,16572390,17145823,9529929,10632603,6486047,7406752,4369131,4199211,25174322,21266140
35,000058,2018-03-12,0.020710059171597628,0.019230769230769162,0.19389671958338156,13720.0,66761.84112154067,1216,21218874,19737476,1071949,1168330,6164578,5230248,3945345,4420028,4138533,4087836,1933765,2043624,1023085,1002366,1247489,404740,1694130,1380304
36,000059,2018-03-12,0.02083333333333348,0.017708333333333437,0.21385811608436414,29130.0,193805.34786445778,2016,68104435,102149401,1346141,1626111,7379901,12620767,8825219,12331011,14991157,16317819,9127995,10929251,5924455,6145868,3621362,3816217,16888205,38362357
37,000060,2018-03-12,0.00794438927507457,0.00794438927507457,0.188093655197056,46368.0,370701.4605743115,2869,229788061,239384128,863418,1111102,10005155,14003731,11466767,17734530,22878798,29304581,13067890,27431063,13094860,15147709,14936679,13076299,143474494,121575113
38,000061,2018-03-12,0.0057553956834532904,0.0014388489208632116,0.2335790402736439,5544.0,60293.05062365897,885,10891581,9684337,711000,1306330,2528604,2578158,1778008,1775777,3010096,1475176,235972,1437944,0,693073,451914,417879,2175987,0
39,000062,2018-03-12,0.022190062711046732,0.022672455378678125,0.5678108943442008,12816.0,72054.57161724856,1334,22244252,24940296,904303,1304238,5503774,5665227,4581194,5311312,3495295,6391454,3139336,1830178,1069020,1033009,457600,2197228,3093730,1207650
40,000063,2018-03-12,0.0032467532467532756,0.001180637544273777,0.5683511039556407,285978.0,1376045.7624663156,3554,1065820477,1149832754,115404,88270,6447838,4296683,14266239,12588891,45317758,37063494,43770053,51285718,55252706,52973864,43862900,48038318,856787579,943497516
41,000065,2018-03-12,-0.00368776889981548,0.0,0.39026575516659867,13024.0,88866.53511092077,1738,36135808,24532896,2310994,958456,9703726,5629797,6959452,5408878,5211135,5528182,3750057,2632738,1662190,1027704,477881,875329,6060373,2471812
42,000066,2018-03-12,-0.013698630136986245,-0.008219178082191747,0.15457096372738213,26136.0,308146.3638332702,2234,108141827,104522457,1685351,1107673,11076866,7379074,12276761,12474103,17294599,17716839,13076351,10437428,9496065,6655878,7170664,2970496,36065170,45780966
43,000068,2018-03-12,0.0064239828693790635,0.004282655246252709,0.1638288709999856,4680.0,77590.27519770912,814,14942255,9233136,492154,968764,1873514,2278721,2044429,1671207,1856375,1355600,3563981,1160513,2386104,390647,419260,876910,2306438,530774
44,000069,2018-03-12,-0.022396416573348232,-0.023516237402015583,0.15356358830838573,30555.0,653551.8788149431,3392,324825057,219355176,2493189,1518905,15826727,14438259,17525755,17228813,23692791,22794577,17847626,17091932,9396912,10822455,10657046,15544038,227385011,119916197
45,000070,2018-03-12,0.0,0.004232804232804366,0.2607429396974408,15047.5,73090.53631598929,1314,24661619,26325516,1021740,1428846,5790822,6231422,5932699,5948231,4974809,4810658,2661265,4568654,1083050,1367481,0,1247730,3197234,722494
46,000078,2018-03-12,0.0033277870216306127,0.004991680532445919,0.12814610626043826,9680.0,93922.24687957378,2206,36822429,44734373,2245603,2386297,8588029,7983430,7521321,6223009,6584523,5784347,3536277,6544269,1343488,2258824,1880571,10138658,5122617,3415539
47,000088,2018-03-12,0.0063131313131312705,0.0012626262626262985,0.2606533357649172,11910.0,81911.91614261703,923,19538869,15777897,1023837,858923,3972075,3624838,3282563,2081950,4253932,2753346,2300437,2186470,2800446,674724,494039,801180,1411540,2796466
48,000089,2018-03-12,0.004592422502870175,0.006888633754305262,0.25922548535591244,20952.0,79153.61528653695,1129,21367743,32237474,737462,987845,5863169,3582501,4749794,15367415,4564544,5741242,1184859,1688185,641926,388056,857825,2204838,2768164,2277392
49,000090,2018-03-12,-0.0029382957884428462,-0.003917727717923647,0.24677620340221598,7126.0,85007.94848008212,1713,30125302,17680182,1660821,1794909,5395569,4738606,3235286,3578689,4376316,3507954,3813102,1177703,2577003,732247,1334909,406000,7732296,1744074
50,000096,2018-03-12,0.002243829468960401,0.0037397157816005944,0.6518431725054349,28318.5,99008.16387090083,420,9278314,17819109,216266,194620,1204924,1869338,1692005,2620353,1756602,6699731,1755029,1922885,992188,750284,1661300,1683498,0,2078400
51,000099,2018-03-12,0.02272727272727293,0.015550239234449759,0.20577596008649973,4227.5,44192.053316599806,1652,11753780,18741625,1122748,2301725,3493917,5551659,2242593,3247840,2503586,3362818,1343205,2019252,1047731,690927,0,914008,0,653396
52,000100,2018-03-12,0.005208333333333259,0.0026041666666667407,0.06627095768183176,34144.0,476404.61507291533,3391,249276663,303935988,1578154,2035704,13068335,15948752,16187320,16858053,19184275,29897336,18864139,20698902,16562014,14449328,14731381,13126789,149101045,190921124
53,000150,2018-03-12,0.012464387464387494,0.009615384615384803,1.685303832026365,8463.0,63048.63268957768,277,3252368,1963617,308005,452987,608827,1058358,307710,345074,403303,107198,256529,0,0,0,0,0,1367994,0
54,000151,2018-03-12,-0.03826086956521735,-0.04086956521739138,0.3395474078324586,22030.0,76527.08993724939,1148,30440762,20379521,551885,919102,6154928,4705219,7651079,4291488,6808582,3750374,3791103,2223553,2840642,1391590,868384,459357,1774159,2638838
55,000153,2018-03-12,-0.01622971285892638,-0.017478152309612915,0.28944270398126726,9480.0,80998.73258388693,766,11856571,9881378,1267290,616359,3550032,2690530,3156679,1600130,2322570,1645182,0,1095437,0,367290,0,0,1560000,1866450
56,000155,2018-03-12,0.023255813953488413,0.03052325581395343,0.1425822018725487,28290.0,148688.67126645698,2333,86710837,90338992,1695299,1267751,10694964,10296450,12099824,13393794,14463911,21291560,10160097,13630875,8680797,7632309,6189430,6214318,22726515,16611935
57,000157,2018-03-12,0.0023041474654377225,0.0,0.09760349894538635,9114.0,152538.49826107093,1986,43988528,43826916,1711205,1831646,7247413,8031168,4543755,5921783,5696702,5467139,5062457,3234018,1665635,3781018,1776166,2731903,16285195,12828241
58,000158,2018-03-12,-0.007398273736128114,0.0012330456226881115,0.2029465971426719,14544.0,64794.047408948325,1598,29066194,23074568,993948,1535872,10718241,6184582,4613588,4940332,4519485,4781945,3303986,1906714,1974039,1412019,467602,1373341,2475305,939763
59,000159,2018-03-12,0.010752688172043001,0.010752688172043001,0.17805321443623803,5137.0,43706.23253060871,682,4653900,7567028,540019,1056491,1873999,1944161,1107425,1237266,408644,965759,247632,1274135,0,652116,476181,437100,0,0
60,000166,2018-03-12,-0.0019607843137254832,-0.0019607843137254832,0.11644952807646045,15240.0,191684.8542095779,1923,56949455,63884900,1757472,1306340,7493710,7866882,9387848,8685062,6964326,7954660,6892938,5830455,2312984,2426696,1375453,3149489,20764724,26665316
61,000301,2018-03-12,0.039816232771822335,0.03369065849923425,0.1466721469465915,20863.0,125774.2221751408,1985,51228586,75845665,1439503,1326814,9520507,8890883,9443267,10877504,11002656,11627911,5298869,10116829,6290966,11282635,2672434,5808834,5560384,15914255
62,000333,2018-03-12,-0.004099704821252881,0.005739586749754055,1.023049858299796,295248.0,1630797.6271556516,3555,1105256770,1035213655,129299,94489,4919618,3870941,13494194,10462076,48861724,36280311,55566059,44729919,52793500,46311517,58684267,51204904,870808109,842259498
63,000338,2018-03-12,0.023980815347721673,0.023980815347721673,0.1421000747493879,49126.0,320850.1102014761,3452,220431270,237183439,1004113,687070,23275173,12676392,27355752,20994613,34993067,37556215,23563202,23659474,11811131,17470699,10198849,11731987,88229983,112406989
64,000400,2018-03-12,0.009975062344139696,0.005818786367414841,0.2600104572993353,15801.5,114187.45342908075,2142,55140858,47164473,1791859,1558382,11005981,8456684,8334363,9574089,12405740,11233244,6138725,5058406,3998102,3496054,1330566,1379275,10135522,6408339
65,000401,2018-03-12,0.0006729475100941684,0.0,0.2573024827429683,82964.0,432057.1308255561,3338,322008811,298757967,771897,761666,11387456,11605299,22946589,25774591,44083678,46805632,36871859,36689892,27580983,33385105,27932347,24462748,150434002,119273034
66,000402,2018-03-12,-0.007648183556405397,-0.008604206500956169,0.21283527193959495,18098.5,232644.5068021293,2418,107669659,64540538,1292795,1693360,7589789,9355881,16327205,9461647,16638364,8582084,14955596,7651283,5916291,3682763,5542356,3088471,39407263,21025049
67,000403,2018-03-12,0.008660892738174608,0.009660226515656234,1.8408102423027226,21203.0,88408.68316429316,265,3994117,7372483,158806,185748,1005649,1664801,732074,1675038,1530075,840037,256247,230964,311266,334180,0,453750,0,1987965
68,000404,2018-03-12,0.011608623548921893,0.013266998341625147,0.1544589253412314,16429.5,79564.53205929327,1526,35787150,32954319,1316266,1156951,6832205,6573713,7884454,5740798,7252700,7263727,3891766,4030056,3694820,5930314,2192115,2258760,2722824,0
69,000407,2018-03-12,0.0032414910858995505,0.0,0.21012463582073732,6776.0,61986.765614855125,862,13680412,11297501,827335,638550,2816979,2300322,3276017,3157766,3377049,2675417,455299,1232766,727530,657170,905987,0,1294216,635510
70,000408,2018-03-12,0.012012012012012185,0.01441441441441449,0.43306995481134286,11662.0,95976.87868767446,1478,24750445,39607113,1221467,1840109,4951935,6451327,4436757,5534622,5393582,6842302,2545011,3901395,3437093,3218693,951837,3144212,1812763,8674453
71,000409,2018-03-12,0.00886524822695045,0.010638297872340496,0.21043511529394518,7358.0,47197.50348497831,718,8324942,8168963,646527,704931,2421561,2804620,1481667,2059534,1919775,1328498,1074022,279675,330990,0,450400,491288,0,500417
72,000410,2018-03-12,-0.002421307506053405,-0.006456820016142006,0.21424422415685376,81084.0,605106.3616997312,3358,397430700,442537514,883983,818177,12253752,11809577,20961778,17665694,33679632,34729040,36162650,37162083,27179534,21869689,26035012,18358611,240274359,300124643
73,000411,2018-03-12,-0.006711409395973256,-0.022371364653243853,1.1784937181699167,15435.0,79620.59060242571,359,11032384,2973833,455817,194275,2621030,941299,1853377,451263,1580422,1017564,1815760,0,699578,369432,0,0,2006400,0
74,000413,2018-03-12,0.01660735468564667,0.01660735468564667,0.15106605510297685,42500.0,280218.9477952429,3119,172812057,215640120,1128058,1491862,13846107,14986780,20493610,19527265,24317011,30869357,16646373,21162995,17374519,19237147,10510207,12463473,68496172,95901241
75,000416,2018-03-12,0.012345679012345734,0.015873015873015817,0.2271080855996126,7980.0,50752.246361876336,623,5442198,8372301,460690,616783,2125756,2579909,1806281,1506150,215935,2055395,202048,467064,0,0,0,0,631488,1147000
76,000417,2018-03-12,-0.0037974683544304,-0.006329113924050778,0.2215423611805575,7830.0,45798.39136411466,1272,20466711,8253842,1645850,918958,6175796,2921048,6775104,2116403,2063430,1157856,1429960,419419,611912,720158,407682,0,1356977,0
77,000418,2018-03-12,0.01382743362831862,0.02433628318584069,1.7553147719502038,21826.5,133075.62124315684,1698,39611423,58674886,1312246,1706560,8065910,7598164,8364616,7551808,8972121,10472861,5049109,5529032,1717468,4802942,1316894,2741423,4813059,18272096
78,000419,2018-03-12,0.012411347517730542,0.015957446808510856,0.23452187861262308,14807.0,90237.9913556326,578,15019755,14002011,357344,536701,1991105,2426073,3196502,1838604,4030823,2482168,3425354,1004265,1086830,3060776,931797,495924,0,2157500
79,000420,2018-03-12,0.010033444816053505,0.006688963210702115,0.09566979243038773,10931.5,120959.17508772154,980,19160014,20318926,495475,1176421,2030954,4039251,7933049,2553302,2022234,4666866,1143980,1013100,1086267,701400,1366555,0,3081500,6168586
80,000421,2018-03-12,0.009090909090909038,0.009090909090909038,0.22500587940434144,5520.0,34505.830896957574,597,5029850,4895823,504649,622186,1732084,1415715,1052938,1458012,922286,1128940,205163,270970,612730,0,0,0,0,0
81,000422,2018-03-12,0.014970059880239583,0.0029940119760478723,0.09822311613869336,7003.5,62749.51215190734,1160,17598198,14278696,1428626,950718,4023778,3661258,3432292,2414989,3430323,3188518,1388515,1451263,998332,1659644,1390197,952306,1506135,0
82,000423,2018-03-12,-0.003565640194489572,-0.0032414910858995505,1.131532779588,36792.0,200314.27889985737,2973,157400142,95767380,864775,600439,31438860,11843399,19047036,15261653,23399788,17279477,13255095,9893729,15261552,6558267,8646335,4323827,45486701,30006589
83,000425,2018-03-12,-0.0022988505747125743,-0.0045977011494251485,0.07725729932365775,26908.0,220208.0761666226,3193,130542000,131302928,1810080,1925656,15102172,17810174,17885463,16976653,22946145,22597224,14023549,11597155,8206049,7179525,9263492,6122825,41305050,47093716
84,000426,2018-03-12,0.02457466918714557,0.01417769376181477,0.19260449882983577,41021.0,160004.04452319708,3022,125681073,134143204,1232323,1411046,10618113,11347239,33169620,18733249,26207038,26738664,11284785,18395597,8320516,8134524,9859785,10994869,24988893,38388016
85,000428,2018-03-12,0.0026041666666667407,0.0,0.22176762984173137,6160.0,49737.458874289696,299,4180245,3891618,188584,279624,822619,1046518,876532,506158,1431549,2059318,475961,0,385000,0,0,0,0,0
86,000429,2018-03-12,-0.001223990208078285,-0.00244798041615657,0.22566628946519715,2439.0,50121.76459945425,1311,10312977,6345324,1733741,1099513,1772639,2355956,1272010,1113486,1444323,242352,0,1205583,345984,328434,407000,0,3337280,0
87,000430,2018-03-12,0.014796547472256671,0.01233045622688067,0.33229787133126953,4090.0,25808.991750504578,595,3646134,4981539,386631,688850,1920888,1991271,1044695,1274521,293920,816627,0,210270,0,0,0,0,0,0
88,000488,2018-03-12,0.008524240809802963,0.017581246670218542,0.3338604750949645,60223.0,437824.8411211238,3162,288508476,291491535,1537649,792831,15006121,9268846,20382295,18801949,33391503,28981592,37698093,27525710,22321434,18885225,17959112,19550949,140212269,167684433
89,000498,2018-03-12,0.01382488479262678,0.010752688172043001,0.20392977031285828,6540.0,71441.59973792374,1019,13265628,15068849,884817,887774,2665985,3207715,1799808,2677951,2887730,2830482,1321048,1143967,994589,1352362,457800,458500,2253851,2510098
90,000501,2018-03-12,0.0006079027355623268,-0.0018237082066867583,0.3848789619947122,8215.0,65851.62058058006,1827,24023479,21566254,1757904,3293999,8102284,5518599,4881262,2555302,4346226,3280633,1529875,2416987,656800,1322529,0,406315,2749128,2771890
91,000502,2018-03-12,0.016447368421052655,0.013157894736842257,0.3760065855552963,6461.0,62633.36083524153,588,4867144,7249156,721409,581446,1771258,1989026,630424,1224479,562176,832326,261209,972817,0,369210,0,0,920668,1279852
92,000503,2018-03-12,0.02727715538236719,0.02679006332196776,0.8064014742931829,49950.0,434621.67489931436,2594,225483601,293225210,1543535,979683,10192973,10512608,12021770,12784992,19317831,22603001,22095073,19212766,12258578,16931770,10164741,22647689,137889100,187552701
93,000504,2018-03-12,0.014569000404694332,0.0008093889113718333,1.3425101376121527,14850.0,92649.01678169818,338,6291668,7597299,355244,273624,1752441,1387118,1771748,562328,1088670,797327,811885,1509507,0,0,0,1382945,511680,1684450
94,000505,2018-03-12,0.032110091743119185,0.017201834862385246,0.22769623596567626,17450.0,95553.4948356138,1468,36326921,34084812,1251362,1291486,7111400,6681510,6232052,6504052,7378231,6492803,6769588,4520493,2018030,2408634,2120154,475080,3446104,5710754
95,000507,2018-03-12,-0.010319917440660409,-0.010319917440660409,0.1917079776496547,23975.0,145796.0327768308,2557,88401349,74459094,1604821,2047091,12841969,14091932,13260388,12812678,18481324,15764119,10474979,6838176,6664952,5149904,4066160,2402463,21006756,15352731
96,000510,2018-03-12,0.015341701534170138,0.015341701534170138,0.25265389745353367,11488.0,85312.09095320546,805,11324376,16871526,677845,891544,2649942,3677501,2130903,3526488,3040426,2458408,216000,1463385,1464736,725590,428400,0,716124,4128610
97,000513,2018-03-12,0.006935182715390731,0.00200053347559348,1.4169627821701483,45840.0,210908.95783777323,2802,153729259,160394429,1063841,1213014,8487530,16798534,16409494,20059776,21454107,37419248,17121335,15205140,16245467,16444317,21027878,5837288,51919607,47417112
98,000514,2018-03-12,-0.001457725947521915,-0.00291545189504383,0.1717501791160104,14322.0,88355.78815740874,1597,36908122,31522855,1374738,1431704,8026688,7521476,7007169,5065246,6400185,6256728,6205954,3772886,1632995,2847825,858945,1793743,5401448,2833247
99,000517,2018-03-12,0.024663677130045025,0.022421524663676973,0.08458762015140671,26432.0,144978.81653414856,2796,94472554,112022129,1808823,1804242,14116417,13205102,14953430,15212938,16579637,19261871,14076324,11440822,7931388,10918839,5299743,6752249,19706792,33426066
100,000518,2018-03-12,0.010479041916167775,0.008982035928143839,0.16214119450624215,11509.0,68572.75814556525,1701,27217822,21959937,1891465,1206941,9243573,6276564,6324120,4324416,4747965,4124207,1381337,1989818,1336583,661684,1299616,0,993163,3376307
101,000519,2018-03-12,0.10000000000000009,0.016250000000000098,0.179115673765055,17115.0,93891.71446597703,1997,43877355,49126204,1499994,1713758,9035004,11366613,7007836,9637951,9597721,9781528,6800741,5158754,1418413,1048265,2161458,2652433,6356188,7766902
102,000520,2018-03-12,-0.008130081300812941,-0.005420054200542035,0.08165326327829629,16060.5,229178.9651597586,2054,60740806,69870255,1252270,1834257,7198603,10752519,8449939,7592068,7268335,12142196,4420916,6875573,6324703,7239966,1388949,2733184,24437091,20700492
103,000521,2018-03-12,-0.004444444444444362,0.004444444444444251,0.16710690420096055,9040.0,93950.62580668139,725,13188534,8773155,998059,740713,2732618,2870975,1876198,1727042,2259418,1435857,1247918,464893,661987,996534,0,0,3412336,537141
104,000523,2018-03-12,0.008021390374331583,0.012032085561497263,0.3080460578681235,12920.0,73960.58361450654,589,10594771,6346235,661477,412269,2728706,2865915,1968216,1658164,2033233,1162479,1016490,247408,692924,0,0,0,1493725,0
105,000524,2018-03-12,0.002865329512893977,0.0,0.3120294961950203,5245.0,15862.976364052065,1127,6431749,3238178,2691203,1031756,2364371,1521131,706940,161750,209400,523541,459835,0,0,0,0,0,0,0
106,000525,2018-03-12,0.015114379084967267,0.013071895424836555,0.5183516615788453,43974.0,148899.54504325954,2231,92793929,86135807,1074432,1003987,16524671,9630733,11909574,14836530,18936339,20727298,8759702,9664860,7202694,6407689,7620823,2650374,20765694,21214336
107,000526,2018-03-12,0.028918243484469697,0.03177436629775077,1.5516826827444439,14450.0,59362.87852426736,325,5546485,6704713,269289,279252,1568822,1243099,1657899,1217241,1761775,1951696,288700,913694,0,637171,0,462560,0,0
108,000528,2018-03-12,0.0009999999999998899,-0.0010000000000000009,0.18773754256193076,36648.5,260400.93178676267,2842,166955691,121299851,1623505,1364949,13787081,11909503,18516596,16569669,27124640,23273003,19292781,14218081,9967573,11277716,7087052,5953415,69556463,36733515
109,000529,2018-03-12,0.018575851393188847,0.015479876160990669,0.2697756088161235,7227.0,49575.56526388856,573,6181721,6559618,430071,1012912,1590649,1883617,1291841,1774874,705999,1025376,1092455,534339,0,328500,488150,0,582556,0
110,000530,2018-03-12,0.03454545454545466,0.03454545454545466,0.21206159707034802,9673.0,337979.0127166381,672,44840385,5144644,1315692,0,4315237,0,3517558,0,3700889,0,3757107,0,2143184,0,1840715,0,24250003,5144644
111,000531,2018-03-12,0.00137174211248281,-0.00137174211248281,0.3816469515198512,7290.0,32876.27992309064,364,4998010,2358233,445705,397963,1719147,945906,1064860,906834,1058863,107530,709435,0,0,0,0,0,0,0
112,000532,2018-03-12,0.03693181818181812,0.051136363636363535,0.3074412621710055,12960.0,94123.30213926891,1181,17236729,33388880,1107183,846043,5459293,5051682,3286908,4574948,3097435,4923565,1511781,4157515,2345059,3025651,429070,4136075,0,6673401
113,000536,2018-03-12,0.01631701631701632,0.020979020979021046,0.11461756190321613,6992.0,123616.16865175281,1405,22740039,31640279,1342351,1078291,4725381,4708078,4013791,3656897,3344827,4434105,4134799,3688323,702065,2055991,1736813,917597,2740012,11100997
114,000537,2018-03-12,-0.02124430955993928,-0.020485584218512876,0.28537926655364537,25490.0,148486.1633497137,2136,75395855,64031586,896265,1550084,8562671,13686533,7725016,11047132,15067687,11461317,10775678,6031739,8159425,4157156,4463572,1802590,19745541,14295035
115,000538,2018-03-12,0.007876370887337947,0.005982053838484713,2.0701664323249247,30348.0,156642.26754180915,2349,80189238,91153769,120428,131743,14419412,13871117,16919620,12425334,14999978,17170249,10572284,11358296,3336169,5093473,4457079,4391775,15364268,26711782
116,000539,2018-03-12,0.0021459227467810482,0.0,0.2183125766267077,6058.0,87028.06104479385,455,6151549,5175293,541727,431787,2180214,1069456,686873,498359,946274,268759,711419,913216,1085042,0,0,443743,0,1549973
117,000541,2018-03-12,0.004484304932735439,0.0067264573991032695,0.1948660874130403,4495.0,57307.59928597963,2097,13175076,24030628,976276,4470073,3672954,7545650,2567189,3832705,1628595,2703762,1762996,1703796,1716880,707256,850186,0,0,3067386
118,000543,2018-03-12,0.00190839694656475,-0.001908396946564861,0.10673165571486737,18792.0,172616.4821009581,2419,92551022,52858639,1947596,1364835,14181380,9027971,14203615,8413618,13861718,8256573,6596203,5448338,5420586,1697578,1783741,3966810,34556183,14682916
119,000544,2018-03-12,-0.04400000000000004,-0.03599999999999992,0.38525233167827927,17244.0,117200.57199393457,1517,40761226,30969884,871660,1250287,7066806,7753600,6330755,6576900,9796217,6676765,4246319,3019373,1730021,2632384,2559244,1301075,8160204,1759500
120,000545,2018-03-12,0.014861995753715496,0.00849256900212314,0.13182077942654544,14130.0,100039.1801139215,1278,25052967,33368917,1320410,1078791,5403692,6723994,4437301,4493966,4342262,5502731,3757401,4143245,1036083,1416390,1389940,2774003,3365878,7235797
121,000546,2018-03-12,0.028762541806020225,0.026755852842809347,0.3858397895844978,13716.0,99003.6357183094,1503,33054538,27168709,1437213,1477565,9561285,4399290,6434452,2990247,5816975,3797253,2031428,3112868,610519,3290192,1322162,1890972,5840504,6210322
122,000548,2018-03-12,0.015723270440251458,0.018867924528301883,0.20835588241480674,13250.0,67478.44002207032,932,17954718,17597129,736626,924614,4150518,4146862,3230942,3132048,6234183,4082548,1983757,1697769,0,2414617,440815,0,1177877,1198671
123,000550,2018-03-12,-0.00619514713474445,-0.005678884873515755,0.584140306900211,19390.0,187193.0179376954,1099,34683512,32202326,1007693,1103751,5730462,4957071,4749197,4948806,5189872,5226970,3535572,2103754,389052,2601588,940722,1253787,13140942,10006599
124,000551,2018-03-12,0.006849315068493178,0.010958904109588996,0.3227087411254314,8916.0,61941.49314404362,511,7186578,6656905,344732,497244,2082327,1939573,1418942,1939885,505559,1402476,683936,465175,334425,0,469265,412552,1347392,0
125,000552,2018-03-12,0.005390835579514919,0.010781671159029615,0.08116528751648731,5250.0,94306.6876898195,2099,23885663,40068552,1276338,2147372,4671384,8312837,4425104,5289007,6119274,5479214,1662702,5383668,1701236,3142904,403500,1266812,3626125,9046738
126,000553,2018-03-12,0.018305084745762645,0.023728813559322104,0.3789404181331685,15100.0,154663.99213945612,1515,33223950,41858809,1234171,1169004,6975357,7510421,4991029,7139090,6622786,8355280,2878778,2576750,2033748,3513518,982160,4062884,7505921,7531862
127,000554,2018-03-12,0.024251069900142586,0.01854493580599148,0.23364492528431066,14140.0,79316.70246782432,900,16287964,19672732,902619,751201,3412525,4256061,3231019,3534238,4666399,3810269,1204521,1706180,2030357,1740630,840524,1359730,0,2514423
128,000557,2018-03-12,0.033482142857142794,0.0379464285714286,0.1242738095535358,11325.0,81862.07475933198,1303,23193390,24645022,1345276,1000978,6001924,4487788,4158561,4689598,4388214,5942925,2534493,3998395,1056710,2481659,444624,424914,3263588,1618765
129,000558,2018-03-12,0.08928571428571419,0.08928571428571419,0.09867372798226175,17472.0,408670.1814598333,2071,102699912,76418331,2482416,864228,12393589,4826960,10281645,6176346,15225832,9244071,9351220,6285375,5220591,2434961,3266291,5805525,44478328,40780865
130,000559,2018-03-12,0.012168141592920456,0.0165929203539823,0.21223404061652779,16416.0,104702.92490693538,1815,32534166,53466143,1564434,1867068,8048906,9037650,6957868,7728661,7308970,10907143,3625567,6757053,2127455,2774234,873497,3546726,2027469,10847608
131,000560,2018-03-12,0.012716763005780285,0.01734104046242768,0.2801127094129086,8855.0,85985.89527158953,954,12774526,20665419,801269,1006361,3642978,3314740,2862761,3442914,3795414,4257896,738603,1671360,933501,1837216,0,0,0,5134932
132,000561,2018-03-12,0.03830369357045149,0.039671682626539084,0.18824168687724643,11317.5,68790.22590901407,1510,23186853,23041728,1748198,1203700,6841499,5949910,3866208,6072745,4471853,4277211,2083796,2546968,714867,1585899,419067,862869,3041365,542426
133,000563,2018-03-12,0.014457831325301207,0.014457831325301207,0.09192702792858312,7140.0,152525.08907510503,2045,21753300,56821164,1049502,3261925,4884301,9276966,2818310,6829828,3618008,6529878,1157619,4811891,1035673,2324288,1365054,2210969,5824833,21575419
134,000565,2018-03-12,0.015576323987538832,0.02180685358255441,0.24670422809317094,8476.0,53572.88722923998,677,7947715,10419410,671449,635442,2095505,2778946,1556155,1739109,1853667,3027161,239200,1513854,997268,724898,0,0,534471,0
135,000567,2018-03-12,0.07423241352506804,0.07423241352506804,0.5821161283538182,30096.0,360327.71435074933,1970,83199519,137096982,1007700,991118,9012624,8402508,9109937,10083720,15655113,16261329,8948159,13841340,7724601,11481947,5241230,2716934,26500155,73318086
136,000568,2018-03-12,-0.022994210090984346,-0.028949545078577388,1.110690209514846,47136.0,320967.5128945577,2965,197387251,138286696,941891,1136857,14289117,12026969,24190873,17612901,28027020,24559669,19433589,14500201,17734563,9951490,6681306,7836195,86088892,50662414
137,000570,2018-03-12,0.0,0.007619047619047636,0.22438435280553104,7920.0,66290.48902510655,547,8980461,6852758,527420,368919,2048319,1828121,826967,1433847,2194815,1297634,710392,1011183,641976,354430,420000,0,1610572,558624
138,000571,2018-03-12,0.003960396039603964,0.001980198019801982,0.12386992348994551,2007.0,44162.60897997936,1664,12279129,9982620,1496578,1083918,3223549,2523476,2581728,2349230,1938182,2483246,968451,507571,0,0,0,475639,2070641,559540
139,000572,2018-03-12,0.010204081632652962,0.010204081632652962,0.12142188930122821,6344.0,72297.9051549846,1044,13329504,18782786,915933,1145723,2625940,3767325,1526615,2514525,3326175,4412788,677029,2837130,1084928,2008327,870420,1341670,2302464,755298
140,000573,2018-03-12,0.028397565922920975,0.034482758620689724,0.185386216183522,9960.0,82940.88695954553,707,9933208,14935555,704440,542610,2685611,2794185,2404612,2440614,2478253,3921743,553278,1230057,0,630114,494972,1333896,612042,2042336
141,000576,2018-03-12,0.00048007681229012,0.001440230436869916,0.8462461211178465,12558.0,251385.52809300055,605,7319436,19822796,502898,451712,2973291,3437882,1807883,1268594,1271110,1772076,764254,688287,0,614800,0,0,0,11589445
142,000581,2018-03-12,0.01995012468827939,0.010806317539484578,0.47070484243452126,36405.0,405891.32497721864,2613,107170066,161965704,839206,2073307,12867872,13307977,13551988,16666037,19534464,20845616,11325744,13791419,7386992,10408919,4959750,6789819,36704050,78082610
143,000582,2018-03-12,0.00658616904500553,0.010976948408342624,0.2865857667877472,13605.0,61300.93986387876,1010,14777337,20099257,866356,1304443,3506545,5222912,2872648,5527461,4570214,3946190,1934426,2071692,1027148,383460,0,0,0,1643099
144,000584,2018-03-12,-0.001965923984272533,-0.002621231979030081,0.3237891451217511,30880.0,193053.151386833,2225,88042486,78229497,584231,566776,26851803,6452510,17679185,9538124,15401673,13730938,3276742,4194386,3026623,2481487,1315800,1336984,19906429,39928292
145,000585,2018-03-12,0.028901734104046284,0.005780346820809301,0.11326863483301798,6960.0,68240.42026811995,935,10745965,14386285,620259,1100263,2509320,4453705,1480602,2166291,1843015,2150203,1601225,1484627,980674,1450471,0,0,1710870,1580725
146,000586,2018-03-12,0.01538461538461533,0.0064102564102563875,0.6261289616260285,12544.0,52293.0477480045,620,8259286,6602232,602636,753302,3058423,2952179,1552182,1742619,1759587,661172,0,0,323232,0,0,492960,963226,0
147,000587,2018-03-12,0.024285714285714244,0.014285714285714235,0.15298735754057552,19852.0,304432.63327674737,2097,66323251,151964686,1200141,1805615,9193384,7764318,12114045,8382672,10316374,10317492,3414961,7435744,3918404,5864625,2870738,4926933,23295204,105467287
148,000589,2018-03-12,0.0045977011494253706,0.0,0.22409970118116726,8680.0,37848.22649031076,376,3526618,4505252,537623,374456,1402693,1883183,563250,703914,510388,420446,512664,1123253,0,0,0,0,0,0
149,000590,2018-03-12,0.032076984763432126,0.03287890938251814,0.44915027450389444,12450.0,129010.08078894293,771,10462912,16140232,760177,543585,3621788,3337272,1725250,2218183,928342,1736135,771314,1164559,301320,1054753,452631,0,1902090,6085745
150,000591,2018-03-12,0.01171875,0.01171875,0.11868478152530988,8288.0,66251.95899072188,1866,21756831,30321516,1196455,2841008,5669700,7962145,3808399,4635840,4577936,5105155,3257241,3012414,2792866,1370894,454234,1254657,0,4139403
151,000592,2018-03-12,0.043859649122807154,0.05263157894736836,0.0942566763577655,19844.0,242602.63067112782,2358,90253407,122473129,1969045,1725610,10018988,9303050,9456325,10781328,11575795,13777013,9876198,10450879,6103385,8316349,6777192,5808696,34476479,62310204
152,000595,2018-03-12,0.006787330316742057,0.00452488687782826,0.17361523451893407,9282.0,33869.85106069276,648,7599441,6379879,683055,620231,2810022,2883595,1354830,1465660,2057944,946969,693590,463424,0,0,0,0,0,0
153,000596,2018-03-12,-0.014153846153846183,-0.009230769230769154,1.583196782266307,19341.0,91068.44582271049,1686,46235800,36931212,1449698,1286518,8496554,7420941,9838675,7541364,10582094,8464934,5204947,3788909,3015582,2708668,1879995,1245294,5768255,4474584
154,000597,2018-03-12,0.011673151750972943,0.014591439688715901,0.2929703461985531,8328.0,62601.22730397669,1231,15454373,20525884,618719,1582864,4222480,4349321,2774999,4500133,2069399,4951137,2597082,3155587,1708928,310272,0,954540,1462766,722030
155,000598,2018-03-12,0.003929273084479545,0.005893909626719207,0.13092417495792044,8636.0,201883.43250056394,1514,35251028,34711242,907772,1955745,4609226,5147429,2751448,5402617,4198612,4037281,1919914,1540622,1889062,1954561,1399273,871610,17575721,13801377
156,000599,2018-03-12,-0.003144654088050425,0.0,0.23034014712992051,12700.0,70178.18156710763,762,13719870,12031414,691225,614540,3258403,3327059,3166854,2571329,2961519,3287239,853234,657872,377190,0,1373205,911532,1038240,661843
157,000600,2018-03-12,0.009296148738379806,0.0026560424966799445,0.13756867848723647,28500.0,237150.25743568732,3004,131435228,115860346,1994186,1654065,15813619,13086542,19382545,14223519,24073316,20791149,17429717,12957807,11587079,7844387,3101611,9911621,38053155,35391256
158,000601,2018-03-12,0.0029197080291971655,0.0,0.30521645909427453,12294.0,69305.2870000081,503,9709910,7075101,528979,447038,1952902,2462451,676239,1904119,1768746,1257849,1512407,662644,390104,341000,2198852,0,681681,0
159,000603,2018-03-12,0.021311475409836245,0.020491803278688492,0.3272006704031671,17234.0,78973.33281357653,1390,24431010,34371836,723027,1181417,5917203,7223975,4371140,7717861,5660675,7674677,3605164,3069875,2146582,2313765,847819,848629,1159400,4341637
160,000605,2018-03-12,0.016138328530259205,0.01786743515850131,0.3974163131968825,19062.0,208012.24911504737,1907,47923083,46353851,1599291,1193304,8876104,8280133,9318422,10679908,13318057,8843323,6432183,5549369,2355683,706846,1805166,1803128,4218177,9297840
161,000607,2018-03-12,0.02737226277372251,0.018248175182481674,0.16784543126008866,3342.0,31943.33703869924,1067,5642242,9108291,556314,1360829,2112858,2988206,1213185,1536365,1159932,2157382,277554,630851,322399,0,0,434658,0,0
162,000608,2018-03-12,-0.02399999999999991,-0.02399999999999991,0.18398140687579959,14600.0,162189.00643741013,1664,42173846,36177151,975126,1707131,6580214,6856100,7146887,6715896,7053224,6727963,6125201,3766435,3569814,1408540,1267908,1408431,9455472,7586655
163,000609,2018-03-12,0.013800424628450214,0.01698513800424628,0.38057154850675484,9510.0,39982.18716638113,612,6893668,7416562,677012,804089,2303136,2351779,1914492,1588149,1123892,1400789,875136,944696,0,327060,0,0,0,0
164,000610,2018-03-12,-0.003940886699507429,-0.0049261083743843415,0.32532371308451863,5015.0,79003.30725485562,973,11995534,17546532,249918,1853114,2213424,2615193,3376616,1365755,3871784,2539836,1243410,929378,306918,1784360,0,2553939,733464,3904957
165,000611,2018-03-12,0.018131101813110062,0.01115760111576014,0.36853149796534546,14410.0,61440.02151009731,378,8986867,5568695,239774,286701,1660356,1570279,1575282,1343399,2671884,2049251,1351935,0,651849,319065,835787,0,0,0
166,000612,2018-03-12,0.0176322418136019,0.0176322418136019,0.18331789489948738,5635.0,29900.73215055077,1878,8360807,18978306,1357287,4123210,3520048,5549335,1550575,4576650,1389781,2483592,239535,1206987,303581,1038532,0,0,0,0
167,000613,2018-03-12,0.014723926380368013,0.014723926380368013,0.27520380469998307,13957.0,173930.02987786784,878,24914315,20218935,650385,965921,3829931,3758537,3651381,3752457,3074034,3731394,959482,967325,1002836,1126272,3637076,0,8109190,5917029
168,000615,2018-03-12,0.007179487179487243,0.00512820512820511,0.19710603670973148,29070.0,146712.81589820783,2449,89994596,74108030,1614376,1603299,12358712,12264923,15496784,12920172,17764689,18106637,13749417,12254622,8144105,5264621,4881684,1850338,15984829,9843418
169,000617,2018-03-12,0.021985815602836967,0.014184397163120588,0.5306932689996567,11368.0,68464.10859632878,706,10502067,11173147,712049,531711,2747856,2880532,1986923,1975253,2104351,2472011,1539606,712098,982282,0,429000,434400,0,2167142
170,000619,2018-03-12,0.023319615912208436,0.026063100137174278,0.23525348646313024,12716.0,103624.75503436677,961,19391713,24157524,596027,1154604,4232038,3507202,2507391,3073815,4632761,3851170,1634348,3326422,1421722,1806571,455328,807480,3912098,6630260
171,000620,2018-03-12,0.011570247933884392,0.0016528925619834212,0.19518657809026835,6030.0,24577.85460146,961,9465574,4495433,815231,793348,5899504,1704891,1373032,1326190,855347,409039,522460,261965,0,0,0,0,0,0
172,000622,2018-03-12,0.0,0.0,0.25911916262697837,6825.0,21430.320400983008,309,2598641,2116234,273709,392515,1852467,621746,472465,722955,0,379018,0,0,0,0,0,0,0,0
173,000623,2018-03-12,0.0014005602240896309,-0.001400560224089742,0.38900641265529606,25704.0,111329.73892762243,3032,124829827,72522797,925798,537858,36786380,10518641,16503294,10750362,20243847,16883847,14305575,11455681,9661170,4370658,5861209,5814258,20542554,12191492
174,000625,2018-03-12,0.0016528925619834212,0.0016528925619834212,0.2375535095832381,21708.0,431955.2220423089,2596,129692290,97645430,1599816,1630899,10202173,13722086,10659374,13269371,13554202,18582882,6349042,7520171,4190144,6973604,4494083,6221116,78643456,29725301
175,000626,2018-03-12,0.07119476268412428,0.0851063829787233,0.25768721596085825,29260.0,245046.98520306047,2257,117536187,78655503,1334650,951584,11815414,9149643,13028106,12033858,19707334,17104152,12074462,9543617,9178642,5096517,4671317,5905062,45726262,18871070
176,000627,2018-03-12,0.02499999999999991,0.02499999999999991,0.16184083588521136,9840.0,142278.66846582454,2448,53017649,68112466,1856288,2891015,10218916,8086752,8085616,8792412,6711340,9329675,5498650,7126525,3724330,4139879,3981306,7283235,12941203,20462973
177,000628,2018-03-12,0.018292682926829285,0.021951219512195363,0.24562757320913098,15693.5,95952.8038381897,1118,19850646,24672178,1009874,909037,5242980,5281683,4515390,3663749,4921331,4731627,1453243,1904298,1328674,3692062,0,914644,1379154,3575078
178,000630,2018-03-12,0.0036231884057971175,0.0036231884057971175,0.056283295886730506,9141.0,236483.34655258953,2437,58471368,87065779,1795537,1912262,7219732,9791068,4987176,8181023,9357520,8295697,4051209,5194019,2942137,2780789,3516356,3672760,24601701,47238161
179,000631,2018-03-12,0.004784688995215447,0.0,0.11092257032807676,7961.0,67649.89393644957,1425,24840230,13920963,771657,1760761,5773686,4531395,7252915,2564986,1149134,1627028,1989137,654816,1333149,394174,2517761,1278415,4052791,1109388
180,000632,2018-03-12,0.01858108108108114,0.020270270270270396,0.27079952388467576,1798.5,76221.88966003408,478,2945342,5786337,338932,331416,845948,1136316,429667,968456,266434,429572,0,587520,0,672160,0,418897,1064361,1242000
181,000633,2018-03-12,-0.0046511627906975495,-0.018604651162790753,0.39318348728031705,11011.0,72650.96539629313,478,7566855,7059544,451538,460539,2293932,1644685,2134231,2386967,1438804,738544,440006,218009,310224,338000,498120,0,0,1272800
182,000635,2018-03-12,0.01241782322863405,0.014609203798393144,0.4396703376927857,11128.0,53853.74510712843,969,12333006,13741086,705892,1247499,3809381,4930356,3200041,2391592,2073218,2361072,1306623,688165,313501,1661777,0,460625,924350,0
183,000636,2018-03-12,0.008681925808997626,0.014996053670086829,0.22764942574544336,84348.0,303598.7853967237,3106,281567104,213840760,816344,803942,11305061,7929117,34810873,16008070,46817643,33237747,28443177,26951702,22934593,18159516,18677250,18124182,117762163,92626484
184,000637,2018-03-12,0.012797074954296273,0.005484460694698434,0.23526337282997553,6061.0,43785.01634454531,540,5555690,7161516,324215,661220,1492423,2021319,1623810,1282450,1057173,1894155,1058069,973425,0,328947,0,0,0,0
185,000638,2018-03-12,-0.011398963730570033,-0.0031088082901555847,0.23315761039096242,14400.0,114656.58522894491,1715,38802711,36941336,1267418,2700354,8413852,6652884,7183535,5372049,9127980,5672692,4850107,3016736,1986162,1656495,1701496,3035671,4272161,8834455
186,000639,2018-03-12,0.0030211480362538623,0.004833836858005869,0.5285634160412318,3345.0,58023.746385041726,980,13903496,8418456,687098,1086693,2598644,3039465,2539565,2384744,2272354,1249862,2031888,216840,1316496,0,499660,440852,1957791,0
187,000650,2018-03-12,-0.0038986354775827348,-0.0019493177387913674,0.15262750877403858,6192.0,91861.10117894257,1131,17981464,12716023,1336898,967423,3650338,3426772,2500858,1480455,1769734,2399677,2257393,926235,740362,1982031,1277177,0,4448704,1533430
188,000651,2018-03-12,-0.0011246485473289658,0.0024367385192125557,0.889043891316591,440422.0,1224009.4159452005,3601,1393678933,1445544675,26749,5337,2299150,1741336,11093035,7991709,36619611,31997496,50561333,51465115,55622063,55089380,57892676,56530616,1179564316,1240723686
189,000652,2018-03-12,0.008908685968819663,0.00445434298440972,0.1310274806190663,6272.0,103736.04972922348,1176,14423169,22503621,646495,1643431,3073910,5433293,1395572,1589469,2469244,3471278,1016328,2658136,316660,0,894900,2226908,4610060,5481106
190,000655,2018-03-12,0.01855287569573294,0.01855287569573294,0.146929858907924,9282.0,56536.76125053402,1348,15227948,19553072,2745520,835387,4676743,4444705,2397442,3782240,2379807,3141684,1319866,2928890,1061164,2472612,0,1289834,647406,657720
191,000656,2018-03-12,-0.0018939393939395588,0.0018939393939394478,0.13436005696098272,15900.0,135664.90564837304,1547,34422887,65300408,962670,1343081,4959401,5162189,3901653,6384819,8572841,23506138,3709551,9445391,2733978,6985189,2703819,1700802,6878974,10772799
192,000657,2018-03-12,0.012037833190025715,0.013757523645743674,0.320942339223825,10521.0,50848.05184786007,1313,12826395,20901850,1119140,1493982,4436303,5935337,3768258,4350953,2145792,4570405,233000,1483227,1123902,1691046,0,442500,0,934400
193,000659,2018-03-12,0.0,0.008174386920980936,0.15494002719901506,13356.0,111243.22977116822,561,13435315,9319951,387002,386443,2547893,2338443,2045354,2207683,2738009,2105455,1205920,1490331,1021179,301623,0,489973,3489958,0
194,000661,2018-03-12,0.024319822320932882,0.01277068295391448,3.7615305431014776,73508.0,780153.159393364,2301,287320356,301628732,6225,0,10117881,8735234,18272830,12866647,23034753,23088317,18604725,18213115,14696553,20902509,14837999,12216394,187749390,205606516
195,000662,2018-03-12,0.04027885360185901,0.044926413632842666,0.31780548834595096,17355.0,125114.93218712181,1652,50168953,41468018,1068490,1312656,6898277,6097868,7081295,7608580,11719363,9272219,7021495,4888830,4413435,4182196,1927385,3460604,10039213,4645065
196,000665,2018-03-12,0.0,0.0,0.3354768107547113,46480.0,3238629.3225313183,1201,261381878,96037099,914174,187899,6912882,2452362,7114846,3351552,15179799,7694046,8903962,6723709,5048322,9490150,7231291,6336093,210076602,59801288
197,000667,2018-03-12,0.003278688524590345,0.003278688524590345,0.0821171241656538,5833.0,112991.3453448272,1387,16575709,17349227,1441766,1591653,3835014,3500949,2830152,1974260,2206616,2713819,897975,980719,338245,1343244,921710,451705,4104231,4792878
198,000668,2018-03-12,0.0022140221402213722,-0.005166051660516646,0.6933865878048825,13530.0,41123.43220563272,381,4865297,5335775,227647,523139,1501635,1565008,1260745,1666442,1159628,870800,715642,710386,0,0,0,0,0,0
199,000669,2018-03-12,0.010708401976935678,0.005766062602965416,0.3792659826613712,12280.0,69362.6249989857,1024,19319666,15906629,867600,746993,4615593,4607366,4668340,3566952,2826486,3387509,3346282,2313357,642444,366300,410129,918152,1942792,0
200,000670,2018-03-12,0.02722323049001818,0.023593466424682408,0.10701098714999986,24596.0,114515.24005003968,2661,69173751,87870186,1702124,1581161,11951614,12709629,13684985,15044016,16891575,20110233,8632053,13417025,6164443,4926294,2743760,5336879,7403197,14744949
201,000671,2018-03-12,-0.0374149659863946,-0.030612244897959107,0.15713129064320336,39738.5,407352.13920056005,3160,230186000,221519566,1080135,1654092,10368082,17300972,14171927,20652266,26761850,28690510,21219308,21231134,13005415,13690991,13689667,12238652,129889616,106060949
202,000672,2018-03-12,0.035044824775876116,0.03422982885085579,0.2110884888223765,77616.0,256670.48082569116,3383,220389626,297593516,693725,509258,14216404,12552267,26505933,23452924,46613163,52796972,34721105,29582839,21996411,25997671,17971542,23589237,57671343,129112348
203,000673,2018-03-12,-0.01851851851851849,-0.006172839506172756,0.3772942120442126,25488.0,343435.09339303133,1859,84099300,123872320,1177887,1292458,7998819,8035992,8583277,8538853,12208428,12473891,7829766,7429347,6228033,7878850,4148169,7661801,35924921,70561128
204,000676,2018-03-12,-0.0032867707477403085,-0.004930156121610518,0.3372175445337275,12300.0,97247.28922161256,1304,27222432,21764087,1117322,1312255,5590178,5763124,3475336,4398279,3691113,3798049,2707107,2962564,1754145,0,427891,830466,8459340,2699350
205,000677,2018-03-12,0.023809523809523725,0.023809523809523725,0.12698590221828152,5220.0,66835.20402470163,701,7008790,8868802,588196,650461,1831607,1955212,1834523,2171043,1017290,1389405,778446,800689,339528,0,0,0,619200,1901992
206,000678,2018-03-12,0.004497751124437732,0.0059970014992503096,0.2572082832434318,8034.0,44063.95345922185,672,7747333,7959194,858787,807070,2358621,2771686,1942520,1112863,1431696,2142695,452665,239040,703044,0,0,885840,0,0
207,000679,2018-03-12,0.10240000000000005,0.06879999999999997,0.21807305535493363,8424.0,45672.98175819547,822,7364551,13076142,732162,461688,2779591,3107074,2089463,3504633,1448308,3045543,0,1736588,315027,346390,0,874226,0,0
208,000680,2018-03-12,0.0021645021645020357,-0.0021645021645021467,0.13221158918270876,5520.0,57707.25223709344,1223,14997170,15042053,1068442,1490419,3755968,4533763,2416418,2910788,3150061,1861701,1969351,1200280,355266,1266579,923759,1778523,1357905,0
209,000681,2018-03-12,0.004090740052064001,0.008553365563406468,0.5010093169945674,43680.0,242470.26255424143,2887,172285386,170254188,1100837,853145,13491900,12287134,20142690,14225411,30577186,24274408,23116099,18057951,16322758,13665198,11813178,11692554,55720738,75198387
210,000682,2018-03-12,0.004366812227074135,0.0021834061135370675,0.2249326838085711,6870.0,34214.99579370087,414,3953943,3726182,381212,498712,1795055,1209134,562916,574868,730288,1213968,484472,229500,0,0,0,0,0,0
211,000683,2018-03-12,0.0,0.0034482758620690834,0.0668254462692482,7830.0,111222.27367202479,1902,36882067,23944317,1361435,1553579,8129296,6043923,4062878,3541587,4598640,1879772,4275519,3397939,3009623,1453028,0,1684223,11444676,4390266
212,000685,2018-03-12,0.004040404040403844,0.0060606060606061,0.27658669957430965,6964.0,134970.14466594503,1281,14813494,25843655,908960,2796917,3437790,3664335,3074029,2533145,2761485,2749884,1012044,2108162,1343460,1719186,993999,0,1281727,10272026
213,000686,2018-03-12,0.007317073170731714,0.007317073170731714,0.19462597468403567,21833.5,130806.99023990698,1776,62652045,60201090,1670804,1239113,7324978,8689276,7417363,8402986,11282781,12693399,8047631,7081948,5966645,4088292,6161292,6052274,14780551,11953802
214,000687,2018-03-12,0.0018993352326686086,-0.0047483380816712994,0.2945783713016159,14629.0,100063.43289416026,1278,32102334,18756801,805359,1037074,5944924,5244550,5440685,5646735,6825350,3895659,1371778,1167926,1765816,315000,2243946,840170,7704476,609687
215,000688,2018-03-12,-0.001029866117404854,-0.001029866117404854,0.29308659747010074,15519.0,203035.02500073897,1097,52734005,12816129,1443449,609693,8145737,2117375,6608614,1971678,8446112,1504646,9506349,2020507,979387,334024,1370570,0,16233787,4258206
216,000690,2018-03-12,0.001179245283018826,-0.009433962264150941,0.19424910370800957,13712.0,163185.08228117836,1908,71600428,48246538,2346544,1378579,7172123,6455334,8876566,6929649,10370590,10497840,7168810,5924604,4448741,5315127,5423231,3077014,25793823,8668391
217,000691,2018-03-12,0.01340033500837512,0.01340033500837512,0.2827650280770167,10800.0,65553.89140795264,445,4238898,8213167,267766,570256,1261858,2163876,893275,2017089,1006731,1983209,0,415568,335268,0,474000,0,0,1063169
218,000692,2018-03-12,-0.011682242990654124,-0.016355140186915973,0.19276333890279293,4620.0,56291.85198735054,493,6401945,3910294,351363,605921,1713609,1321949,930573,708994,1047662,637661,933000,0,333558,0,463680,0,628500,635769
219,000695,2018-03-12,0.003250270855904569,0.0010834236186347823,0.47381940295470815,3720.0,27949.606506898228,379,3216929,2207102,186857,514424,872418,1135843,1232172,436906,648882,119929,276600,0,0,0,0,0,0,0
220,000697,2018-03-12,0.009146341463414531,0.0060975609756097615,0.6213409200955927,19780.0,85045.26016285889,1003,19930085,23821348,1040585,933226,5512417,4537800,4998065,4922125,3941998,4499683,2332039,3477410,1278530,1747573,826451,876252,0,2827279
221,000698,2018-03-12,0.00355239786856143,0.005328596802842034,0.2252970293594626,11260.0,59215.95685943606,624,7322760,11799883,472181,533589,1771643,2686690,1610536,2571978,1729094,2447393,948139,2169657,339167,325132,452000,0,0,1065444
222,000700,2018-03-12,0.0077821011673151474,0.005836575875486361,0.19550453680923466,5665.0,60795.221095695204,691,8585960,9607644,599620,922976,1708336,2275945,1930352,1375637,1252014,1888224,1904065,2256521,327168,374405,0,0,864405,513936
223,000701,2018-03-12,0.003420752565564511,0.0,0.23228416950627714,8710.0,63235.24766952607,1426,22081609,14290737,1994498,882007,5171696,4181602,3948961,3006623,4518454,3164232,2255553,693545,376704,319955,1356642,1298125,2459101,744648
224,000702,2018-03-12,0.015432098765431945,0.0092592592592593,0.1894435969531202,8580.0,43080.68319636818,1171,13565087,11592250,2513947,1094274,3677403,4023097,2758592,2562093,3221397,1024011,1393748,719767,0,693536,0,951843,0,523629
225,000705,2018-03-12,0.006631299734747964,0.003978779840848823,0.2176459010600314,3795.0,48057.322937691904,1202,15959970,11395176,505921,2078809,3721834,3118539,4527691,2155743,3782084,2515755,1993940,628316,747500,0,0,898014,681000,0
226,000707,2018-03-12,0.01834862385321112,0.00917431192660545,0.15112049962311602,5256.0,31461.868940383316,833,6841402,6020532,1066525,869149,2579843,2444164,1040177,1111404,1366004,994692,440921,251240,347932,349883,0,0,0,0
227,000708,2018-03-12,0.0017406440382941035,0.003481288076588207,0.36508697768529086,11510.0,59610.99821101929,990,16787189,13955472,866893,852660,4499880,4609223,3466471,2938880,3782490,2452401,1406198,1661659,953115,345300,458280,404800,1353862,690549
228,000709,2018-03-12,0.0,0.0,0.07539028806745865,18840.5,172730.25681256858,2640,88757457,72174710,2066480,1572541,13914263,10653049,15993778,9612513,13380805,9637115,7782697,7715463,2770098,3525146,6039513,5872579,26809823,23586304
229,000710,2018-03-12,-0.001674340728338164,0.0,1.2895696391723963,23920.0,135518.16226649625,1373,40946562,42105325,1382152,1284753,7227530,6840109,6937680,5749899,9307031,7766722,5214717,4991244,3815034,2671965,1916245,2708600,5146173,10092033
230,000711,2018-03-12,0.009302325581395321,0.005426356589147252,0.3778805865127854,18032.0,80270.49612099628,1165,28674377,24407526,727718,745604,5306733,5823009,7644626,4384763,5157966,5205384,2729235,4370159,2488851,754526,473600,852869,4145648,2271212
231,000712,2018-03-12,0.01813297515110812,0.01813297515110812,0.32446480131552113,22852.5,137522.23968762127,2108,67676444,74076393,1111596,1486234,10274444,9559630,11378655,9247027,10710715,12732834,9138588,9197778,6941560,9237157,4978150,4550922,13142736,18064811
232,000713,2018-03-12,0.0029985007496251548,0.0,0.22558846861510112,8088.0,30069.109738891722,874,9863457,6001425,2514807,632983,2868520,2591337,2240526,1195513,1568804,842906,670800,738686,0,0,0,0,0,0
233,000715,2018-03-12,-0.00227014755959154,-0.0034052213393871433,0.4710152308123849,7000.0,44273.203148296016,349,4199228,3007609,260629,531086,1283102,756912,1232591,450821,927244,720414,495662,0,0,0,0,0,0,548376
234,000716,2018-03-12,0.013084112149532867,0.013084112149532867,0.17507951008563666,8656.0,44981.4673823489,934,11257496,10266196,1222128,804468,3184095,3793288,2530933,1758915,3349216,1610799,640644,741388,330480,0,0,400477,0,1156861
235,000717,2018-03-12,0.01933701657458564,0.016574585635359185,0.13076954688081738,27269.0,204001.66157732767,3073,118436027,141895312,2464188,1586737,12989707,12906203,16821034,15714929,21909826,27701777,19071532,15885417,7813771,13901662,6589241,8393259,30776728,45805328
236,000718,2018-03-12,0.009280742459396807,0.009280742459396807,0.10023610722746429,3888.0,108726.37501392383,1855,23965105,26293451,1764203,1349350,5524404,3872181,4437670,3127905,4608643,2585150,2127414,2107150,1325769,3456128,430999,0,3746003,9795587
237,000719,2018-03-12,0.016000000000000014,0.01942857142857135,0.2158498174393964,5352.0,43511.435606762156,1645,12218163,14411019,782167,2856858,4613215,5395834,2242827,2304728,1029681,1942438,737075,1161668,696635,321618,0,427875,2116563,0
238,000720,2018-03-12,0.013986013986013957,0.0,0.19968075319820294,9867.0,72524.45904752103,461,10157447,3501260,448491,431666,2767106,1200951,1648204,1158906,1613477,709737,1330629,0,0,0,0,0,2349540,0
239,000721,2018-03-12,0.0019920318725101804,0.0,0.1877625143569475,8031.0,63973.20669040475,715,10910301,10897069,580818,697523,1981642,2544982,1904179,1616978,2278324,2121770,3166860,1871309,383250,1022310,0,488069,615228,534128
240,000722,2018-03-12,0.01541850220264318,0.011013215859030812,0.3406507990180743,11966.5,39840.87377028965,710,10173456,9257192,622684,832231,3391171,3563154,2997264,2005376,2318055,1789925,844282,1066506,0,0,0,0,0,0
241,000723,2018-03-12,0.0017064846416381396,-0.0068259385665528916,0.11528564801540894,18608.0,138074.42481753553,2590,87020091,84474628,870561,2405445,5132219,13493020,9553740,13550910,16521002,18972526,15210370,9624210,14456629,9002818,9361655,5789747,15913915,11635952
242,000725,2018-03-12,0.023648648648648685,0.02195945945945943,0.09884386967887554,494495.0,2410896.598201127,3602,2103554262,2595999341,7839,29641,2137816,2345028,10792340,10729510,36375031,38194064,46542977,47814187,47580687,44015425,57098511,47598580,1903019061,2405272906
243,000726,2018-03-12,-0.002782931354359919,0.0009276437847867136,0.3737812104120223,12900.0,46667.93346562646,831,9634040,12006568,315304,994683,2462357,5853220,1301403,1879023,3090204,1697837,1420137,494425,1044635,1087380,0,0,0,0
244,000727,2018-03-12,0.011673151750972943,0.011673151750972943,0.047987872484339146,14791.5,136234.31274223945,2922,78196896,74055645,2241055,1983692,13862355,11036782,11707373,12403784,14106405,14599363,9485469,11162424,4899638,5725916,2287911,2689711,19606690,14453973
245,000728,2018-03-12,0.006160164271047375,0.0010266940451744144,0.1993991094525418,33133.0,206712.55071499935,2388,116152159,103607096,2115344,1268779,11657393,11446261,13172606,13034858,19879292,19715540,14316850,12933445,8996870,12170369,7435105,4043892,38578699,28993952
246,000729,2018-03-12,0.00903225806451613,0.001290322580645098,0.15337733407267906,24180.0,229164.7903549614,2559,93351264,103850341,1554920,1810864,11294452,12482245,12862169,13036041,14772331,18913386,7997768,13201037,7310356,7463362,7252050,4013743,30307218,32929663
247,000731,2018-03-12,0.015789473684210575,0.013157894736842257,0.247441898860666,15440.0,99770.5892884903,943,15219530,31062454,676154,930891,3568414,5242264,3752074,3747200,2642339,7917220,2640329,1836315,1041213,4519203,899007,887204,0,5982157
248,000732,2018-03-12,-0.024320909665192625,-0.01831964624131399,0.5472307697210942,129486.0,482370.0055734575,3351,492210033,430982446,647664,680840,9314650,9681599,17500318,18669380,40333984,41627426,43585879,41369511,41612244,31336874,33465501,34833483,305749793,252783333
249,000733,2018-03-12,0.009916094584286883,0.005339435545385296,0.32258606901447756,14668.5,100871.31429074545,1652,41593033,35591359,1257096,1192779,7175634,7847703,7758595,6395588,9450313,6796109,4919234,5583446,2083681,3334213,1792262,1271013,7156218,3170508
250,000735,2018-03-12,0.003374578177727683,0.0022497187851517886,0.16621370038318525,44890.0,316033.29976754956,2868,216323980,204560261,1606579,1787437,11653987,11898871,15459642,14889797,25753899,28290194,19380432,19326559,16197789,18722084,16078154,12011946,110193498,97633373
251,000736,2018-03-12,-0.013683634373289566,-0.01751505199781067,0.5949210823424027,16344.0,104220.1335115227,943,25367751,17120954,631992,961984,4050550,4242296,3628195,3210884,4061294,3492780,2742952,2103259,1770103,1156874,924449,0,7558216,1952877
252,000737,2018-03-12,0.0,-0.0023696682464454666,0.16491700575375473,8400.0,59687.29879405968,655,11039025,6390837,563214,685683,2751410,2249632,2047121,1125262,1856722,1252466,1368464,419474,1292329,0,413247,0,746518,658320
253,000738,2018-03-12,0.03983353151010682,0.02378121284185486,0.29577658761389697,63491.5,401255.51984606346,3240,262805369,225549542,1047770,920241,13898133,12027452,21892162,18594314,40387660,37195775,31612860,25089391,29206181,25365153,18566438,11474795,106194165,94882421
254,000739,2018-03-12,-0.010291595197255643,-0.010291595197255643,0.19520075936995135,11288.5,127759.15399284105,892,25750200,16740018,621406,1143119,3220485,2854489,3114198,2311049,3643822,2707400,1960762,1526713,2743758,1011537,2585913,1367480,7859856,3818231
255,000750,2018-03-12,0.010799136069114423,0.015118790496760237,0.11048562462453486,13020.0,154936.07183081607,1761,36051478,53588917,1549542,1455881,7645102,7961678,5435683,4619462,7332936,6605380,2808969,7090495,1323035,3210609,954645,4108924,9001566,18536488
256,000751,2018-03-12,0.0020366598778003286,0.004073319755600657,0.12272048029482191,14700.0,94318.7417724989,1604,28914931,39080443,1300248,1700226,6983998,9025190,4409611,6011065,5542797,5226599,2733294,4724901,2857998,3609955,1862320,2322334,3224665,6460173
257,000752,2018-03-12,0.016997167138810276,0.009206798866855603,0.48877400066086735,12816.0,78458.19232054806,834,14799401,15395708,986206,813937,3827819,2505398,2825946,3378057,3139609,3307165,1282156,1666286,1308384,314262,904991,864709,524290,2545894
258,000753,2018-03-12,0.017045454545454586,0.014204545454545414,0.12090495220086439,10740.0,101748.36028731333,849,12516793,16130819,1047429,527544,3727676,3471226,2496192,2742336,2378773,2637068,1017140,983883,1339887,1022240,0,448032,509696,4298490
259,000755,2018-03-12,0.016591251885369473,0.018099547511312153,0.2820036438631105,9945.0,90289.72368890462,553,10016885,10998806,545544,512256,1982690,1921067,2288561,1256801,1612881,740892,1143957,1224556,1804065,679187,0,976290,639187,3687757
260,000756,2018-03-12,0.011838989739542338,0.010260457774269982,0.3845833167857891,12790.0,76402.21122830287,1085,18726141,20189100,1157940,562315,6124627,4288307,3858553,3910849,3013718,4790052,2533464,2481543,327376,375920,467565,417625,1242898,3362489
261,000758,2018-03-12,0.016129032258064502,0.016129032258064502,0.1421872109134834,13684.0,109148.14593411758,1904,32830617,51982026,1370289,1994078,7730171,8784036,7222665,8405020,7924475,8905906,3043536,3013848,2326985,5697143,1307105,2375976,1905391,12806019
262,000759,2018-03-12,0.025766871165644023,0.01717791411042935,0.22368550077407853,9097.0,67157.77666663322,1328,16130566,21089162,977712,2849731,5349363,5347499,3119526,3331834,3437115,3921486,1010110,2270557,709992,355926,869948,895549,656800,2116580
263,000760,2018-03-12,0.01964636542239706,0.027504911591355707,0.14085363387230032,10400.0,74835.6904357853,1308,16674507,20941405,1037314,1243975,5283962,6295505,3823309,3690929,2759288,3542314,250290,1701448,301928,1113892,1323546,0,1894870,3353342
264,000761,2018-03-12,0.009842519685039353,0.011811023622047223,0.12688074395981724,8120.0,107161.32372343469,1606,25724297,33034340,1193960,1099371,6523188,4736632,4354656,3736389,5106062,5273944,3266387,2618608,2120035,338328,1732390,2254918,1427619,12976150
265,000762,2018-03-12,0.030824372759856722,0.037275985663082434,0.26746296157571176,31515.0,166219.4915457269,2722,91144493,130293772,1487680,1543685,12252202,14440011,14137330,15973462,21150640,28225816,12029925,16365567,5597552,10531778,4387932,10247548,20101232,32965905
266,000767,2018-03-12,0.0071428571428571175,0.010714285714285898,0.1018710053563456,6975.0,57453.28374767545,757,9510784,10980713,625049,708140,1881288,3113068,1575617,2629245,2068541,2756162,1789373,1029219,339716,340449,0,404430,1231200,0
267,000768,2018-03-12,-0.0031806615776082126,-0.0006361323155216203,0.319951374725318,26758.0,227304.2793854222,2417,127350230,113859226,1652430,1399559,9660639,10622120,9593970,11851172,14025781,16817617,12876139,10601223,14702123,13463226,9537294,12573176,55301854,36531133
268,000776,2018-03-12,0.009373169302870465,0.007029876977152849,0.3128502773776412,65093.0,426401.0510311069,2979,244479218,287969926,1080350,761469,12309687,9621512,17839152,17228283,37057420,36784206,22595808,25605630,25106375,18047138,20457965,21948615,108032461,157973073
269,000777,2018-03-12,0.014234875444839812,0.010676156583629748,0.3812000631838012,9957.5,66714.15832196915,1358,20459054,20215036,1046386,1830320,4553857,5853740,3616565,5105147,4340952,3385152,2265639,2001379,302460,1368624,1267798,0,3065397,670674
270,000778,2018-03-12,0.00379506641366234,0.00379506641366234,0.11466724755586473,15870.0,162256.77363558428,2118,62005093,61154382,1402053,1429366,9545419,9371878,9059247,8762452,8042880,8813115,5803230,6795382,4936059,5709159,4422852,1827863,18793353,18445167
271,000779,2018-03-12,0.004611837048424272,0.003843197540353671,0.5569857265413031,10456.0,49767.28520484278,545,6356350,7174377,426101,524001,2752770,1817280,1481484,1272541,1080579,1771530,296916,659495,318500,0,0,475530,0,654000
272,000780,2018-03-12,-0.007722007722007707,-0.005791505791505669,0.22425670099235956,10300.0,96643.313581512,533,15561778,9129144,442496,409668,1603419,1880450,2054019,1402813,2975743,2358394,4509138,1225814,667087,321678,455544,461187,2854332,1069140
273,000782,2018-03-12,0.026627218934911268,0.025147928994082802,0.2858924696067632,6890.0,71370.61968873149,559,6566194,7349564,367536,735291,1211252,2514645,1198405,1248278,950999,1192002,449703,205712,0,689500,822000,0,1566299,764136
274,000783,2018-03-12,0.007894736842105399,0.007894736842105399,0.15978309615860314,17595.0,191591.36540544656,2265,70292634,84572603,2116606,1847950,10270480,9568661,8977158,10900201,10211846,12299834,6237913,6589011,6571745,6967964,3036075,5254022,22870811,31144960
275,000785,2018-03-12,0.0063357972544877406,0.004223864836325086,0.36567401430847774,12330.5,84755.25905693274,670,12556823,8643615,703177,720588,2969296,3457823,1918249,1761997,2640827,1862976,768909,453855,1089197,386376,0,0,2467168,0
276,000786,2018-03-12,0.03948462177888623,0.029509559434746535,0.4123486510793312,76756.0,327172.03281724814,3407,282616598,336001206,1182924,699309,13978251,13217392,18968573,19673180,39806572,38737180,41301550,37735088,33141729,31491037,19280054,19689810,114956945,174758210
277,000788,2018-03-12,0.007556675062972307,0.0,0.29118255648559643,11805.0,63732.05641068315,743,12234723,10723583,671392,888438,3250151,3153261,2329242,2015840,2400846,2469606,728357,1515387,394788,681051,0,0,2459947,0
278,000789,2018-03-12,0.045119705340699756,0.046040515653775316,0.18818258420435965,66734.0,296342.2522486885,3335,218019205,322591890,802746,751212,15195591,14058241,20892063,22354083,39975854,43644172,31087767,31685758,16123366,22446379,17178711,25362026,76763107,162290019
279,000790,2018-03-12,-0.021428571428571463,-0.026530612244898166,0.17338712824905197,48610.5,678114.5799444469,3212,257077222,265517530,1052493,1825740,10080169,15356659,16801688,20715317,26773524,34998929,22591657,23029110,21320763,16161521,13350034,14154377,145106894,139275877
280,000791,2018-03-12,0.014044943820224587,0.015449438202247201,0.19190997829484957,12888.0,73766.89495929616,1377,18276122,32423612,1090908,1513398,5485295,6139220,4663911,6117506,3139937,6305724,2132729,2962467,1763342,1975690,0,4022165,0,3387442
281,000792,2018-03-12,0.032558139534883734,0.03875968992248069,0.22901818113624559,71064.0,336621.2000517142,3176,251506036,309266247,947713,759174,12242945,11823248,21658393,20373235,36485768,37724724,29431044,35050258,23831530,22876160,19897826,27305500,107010817,153353948
282,000795,2018-03-12,0.020547945205479534,0.027397260273972712,0.12213075774262452,16898.0,144464.24205495734,2292,46935122,67926224,1765651,1987959,9767947,11041588,9478294,11669543,9505282,13408762,5515684,6738092,5212545,3898526,2603724,3638943,3085995,15542811
283,000797,2018-03-12,0.004314994606256839,0.0010787486515642097,0.28495348780824886,6439.0,74275.47479840876,1058,16946610,17590335,629495,1111129,3200189,3701846,3445970,3247130,4620214,3107012,1434286,1330728,1059090,1378139,1762000,1298776,795366,2415575
284,000798,2018-03-12,0.01664684898929858,0.02378121284185486,0.37301804506943614,10998.0,122907.98249283065,508,5608865,9455596,540337,404373,1950273,2481557,1661074,1589179,979129,751734,478052,770614,0,387871,0,452375,0,2617893
285,000799,2018-03-12,0.007484407484407374,0.0020790020790020236,0.4573390984214186,30602.0,148529.49704489068,2767,102195013,95665793,1027806,3227276,11525981,14443527,18036936,16628980,19550453,20452386,13888489,13670691,5798383,7476121,6621351,4361724,25745614,15405088
286,000800,2018-03-12,0.018433179723502446,0.01935483870967758,0.23767956141009125,33150.0,228770.14563262236,2085,102095020,123520620,1114790,884027,9109392,8292706,11318970,10503409,18392932,18304959,11551473,14383875,9851698,8694054,5532033,11177687,35223732,51279903
287,000801,2018-03-12,0.028619528619528545,0.008417508417508435,0.1628985726335554,12000.0,120543.36975371582,1331,29749219,28560758,1210939,848001,4657635,6209710,4523010,4805133,4839370,4144122,4770777,2545500,2416172,2438804,1798232,1325447,5533084,6244041
288,000802,2018-03-12,0.02099076406381184,0.027707808564231717,0.28640930353427885,10858.5,93979.91493659813,1730,26094867,36103965,1122298,2872412,6894880,6345713,4178906,5124933,7766543,7779588,1701280,3281775,320667,1044304,911089,880221,3199204,8775019
289,000803,2018-03-12,0.013084112149532867,0.012616822429906582,1.5149269959091327,10910.0,183912.35665394546,199,2689956,4924237,137584,188053,981208,499809,328234,530476,504542,272573,422905,434199,315483,0,0,867000,0,2132127
290,000806,2018-03-12,0.09691629955947145,0.002936857562408246,0.1334772731528464,21824.0,168483.9228631263,2609,90226622,77249683,1765486,1710622,12468222,13167379,14011874,12432817,15439293,17176302,9614930,5910424,6603841,4180947,6597132,4545247,23725844,18125945
291,000807,2018-03-12,0.024249422632794282,0.03117782909930722,0.14567954637712766,126144.0,475286.8096857526,3541,399325363,525494400,412788,416549,9506487,10086368,22416270,22624879,51126068,59069486,44186752,53270281,38530046,44625415,35859543,44981439,197287409,290419983
292,000809,2018-03-12,0.026470588235294246,0.008823529411764675,0.17613895056230847,10230.0,122676.0221609842,372,6905653,7337059,190701,207315,1680804,1325256,691738,1106067,1166723,1462617,1069727,207172,1595280,0,0,493427,510680,2535205
293,000810,2018-03-12,0.016224188790560312,0.01327433628318575,0.22163648329672483,10904.0,49570.19107684187,936,12132088,12506874,878633,905036,4414638,3907537,2778722,2802926,1861232,1986927,1814479,665438,384384,718500,0,822600,0,697910
294,000811,2018-03-12,0.0052631578947368585,0.0052631578947368585,0.27050021913080957,13073.0,78286.02280930737,789,15401888,17496230,506857,964400,2770364,3092153,3592044,2797079,4393082,3466913,2364549,2378055,611600,2487784,0,920379,1163392,1389467
295,000813,2018-03-12,0.014994232987312728,0.011534025374855705,0.27909065592443466,17370.0,213324.54552034586,966,55045608,23959928,491015,1115744,2970477,3303285,7602334,3350000,8342979,4725651,3294582,3523533,1372448,1636636,2195075,873998,28776698,5431081
296,000815,2018-03-12,0.015082956259427016,0.017345399698340813,0.31767866232936864,18942.0,94984.83878815225,1743,34413855,44691455,1209121,1309229,8528945,8791335,9026962,8342892,8064334,7880546,4652972,4976214,1485360,2267068,915761,1668159,530400,9456012
297,000816,2018-03-12,0.017326732673267342,0.024752475247524774,0.0701273894679752,38352.0,304410.549580095,3349,181602844,241292992,1334361,1376541,16002548,17694269,17977718,22292774,28570954,29495901,15715037,19575407,11286769,10384264,8949145,10993327,81766312,129480509
298,000818,2018-03-12,0.019512195121951015,0.017073170731707332,0.3131197669039396,12500.0,114377.54579844362,1543,33230402,42030867,880916,1674830,4955064,8096898,4248093,5843731,5707600,7978812,3873734,3807531,3387596,3689430,1756846,3190991,8420553,7748644
299,000819,2018-03-12,0.007035175879396949,0.0060301507537690036,0.3707502401183841,10824.0,53616.939025491796,720,11300709,10555539,685234,818826,3070037,3605869,2547098,2254427,1434752,2057904,2132574,672800,1022654,706597,408360,439116,0,0
300,000821,2018-03-12,0.017214397496087663,0.005477308294209671,0.31585657399304234,22168.0,126834.22178426792,1640,49412456,57862310,951963,980945,6661883,8011921,5653240,9238422,8826394,11388215,5326791,7822651,3984551,3384488,4703824,2701266,13303810,14334402
301,000822,2018-03-12,0.017584994138335253,0.022274325908558268,0.16693952170605597,15497.0,84492.58513782114,2615,51475281,59678767,1956198,2235337,11486118,11392905,8994209,9988987,12969578,16342938,4831425,6652511,7094932,2590212,889076,1762207,3253745,8713670
302,000823,2018-03-12,0.022325581395348904,0.013023255813953583,0.21238556397012381,34528.0,196966.33432462523,2565,121636430,116070075,1097106,1229548,11390220,9615348,18074077,12884237,22852646,22279223,18921412,13699877,13139683,11119636,7294511,6123719,28866775,39118487
303,000825,2018-03-12,0.010526315789473495,0.015037593984962294,0.11434750837937879,78068.0,501712.64674547326,3393,348446216,394039573,1026553,956885,12903822,11392841,20620700,22972836,37275043,40148092,32325380,31360158,31251045,34700954,22852723,31422368,190190950,221085439
304,000826,2018-03-12,0.029030054644808567,0.028688524590164022,0.5875534637720187,30539.5,220193.21892692742,2484,73709670,138290512,1123166,2002028,11323429,12036935,10869355,16602152,19342690,28398921,10066213,10843853,6808121,7844470,3025546,6685011,11151150,53877142
305,000828,2018-03-12,0.0009074410163338875,-0.001814882032667886,0.40878866500362426,13224.0,79149.11739118585,726,14496930,13913930,400242,608936,2563715,3729973,2662388,3044205,2822041,2767393,2368548,2208821,374340,1003102,457330,0,2848326,551500
306,000829,2018-03-12,0.03735325506937048,0.033084311632870955,0.20626495134701345,15376.0,118662.56122096625,2066,39996944,64804540,1603944,1979266,8026508,9326121,7794138,9538876,11393273,12243696,6062906,6507364,1808284,5570550,490428,4851090,2817463,14787577
307,000830,2018-03-12,0.0363915940543309,0.024602767811378712,0.3261864805179996,290376.0,691757.0231137875,3580,861105913,927079476,224092,165657,5194085,4391596,11907731,14135758,42194494,40313234,54514057,59719302,51314492,58790927,55573412,54340873,640183550,695222129
308,000831,2018-03-12,0.014545454545454639,0.021818181818181737,0.24287109822943326,21213.5,153996.0598585368,2052,50562741,69947381,1185921,1325053,8686568,10826374,8868548,9766443,11585613,13159237,5634895,9755761,3800746,7119906,2533317,2740553,8267133,15254054
309,000833,2018-03-12,0.023734177215189778,0.03164556962025311,0.1948024280962052,8268.0,55084.13782602961,1053,12542852,17667011,473323,1828949,2888937,4239664,2820081,4335100,2992758,3978739,2281453,721826,0,1654717,401316,908016,684984,0
310,000835,2018-03-12,0.02051282051282044,0.024358974358974494,0.23559058013988088,15860.0,88097.41270409709,1097,24205044,21333608,1053248,924986,5287557,4868221,4565195,4839469,5609676,3614247,2210153,2396499,699469,1029858,1279890,2781684,3499856,878644
311,000836,2018-03-12,0.026119402985074647,0.027985074626865503,0.10017787987809382,31348.5,214553.49147146958,2874,105610196,161094375,1420800,1420703,9472828,14818782,14958241,19488695,23212550,24447737,16850940,17676573,8255046,13973248,5756178,10432366,25683613,58836271
312,000837,2018-03-12,0.02586206896551735,0.017241379310344973,0.16694117954986032,11840.0,62917.40660687645,1208,17015822,23680129,1047170,1005386,5365279,5411270,3886400,4699436,3592705,3755768,1524161,4692509,660237,1071390,426570,1809459,513300,1234911
313,000838,2018-03-12,0.014869888475836479,0.014869888475836479,0.1662230688075845,10840.0,58630.54480887142,1048,14096032,15302263,970250,1034779,4382938,4564651,3617257,2341634,2641106,3294743,1209443,980892,684803,1116664,0,433600,590235,1535300
314,000839,2018-03-12,0.0037735849056603765,0.0062893081761006275,0.14549400793066183,31005.0,198334.6841861389,2991,141800920,139660409,2014672,1604349,13357688,13179064,19485333,15610336,26096998,18829330,13943070,18601127,12040211,13025678,13390625,10310307,41472323,48500218
315,000848,2018-03-12,-0.00412371134020606,-0.00412371134020606,0.2687748047227481,6776.0,59889.51043372634,1303,17088641,14766127,1329410,1954765,3519131,4134485,2421879,2737743,4950326,3689575,1913628,443415,1000142,1395594,0,410550,1954125,0
316,000850,2018-03-12,0.009237875288683695,0.009237875288683695,0.2101171065071957,9124.5,62220.50152955706,424,5425579,6856729,410893,460085,1541309,1669197,1108628,1221956,1181332,459426,0,1459642,715565,737592,467852,848831,0,0
317,000851,2018-03-12,0.018115942028985588,0.013285024154589431,0.2062098018431048,19090.0,100443.83228824487,1614,39041382,44539925,1268323,1378971,6570326,7927370,7883397,8744005,9239265,9263333,5153159,5824522,2374226,978200,3515552,1754350,3037134,8669174
318,000852,2018-03-12,0.023310023310023187,-0.0011655011655011815,0.22527796331027294,14671.0,83068.24092564882,1451,30784776,23924470,1342525,1372026,6292438,7240093,5387867,5589943,5568563,4416054,3438188,1836614,1097986,1008099,1324778,458597,6332431,2003044
319,000856,2018-03-12,0.007703418391911354,0.006259027443427989,0.36910019179427345,50352.0,404550.55850769405,3169,216089496,193045201,951337,872373,15317584,15380862,22695657,20069476,33643010,29146467,26111657,17646876,22852383,18419721,10007258,11436740,84510610,80072686
320,000858,2018-03-12,-0.0186855670103091,-0.013530927835051498,1.3040899349889985,211736.0,687657.104102481,3541,776541085,669397367,313260,297834,6595545,4916643,18706999,18659186,46311757,45746443,50814266,46046239,47056411,49418914,45155856,41214809,561586991,463097299
321,000859,2018-03-12,0.010309278350515427,0.010309278350515427,0.16528428897756403,4692.0,60421.44757168652,551,6331311,5842397,568549,517698,1783389,1726373,772019,1005814,2152530,536166,466824,690540,0,0,0,477064,588000,888742
322,000860,2018-03-12,0.007537688442211143,0.015075376884422065,0.5118996239983876,12138.0,281539.97079465346,1512,49766572,64871066,716568,2142150,4100770,6705424,8939691,4824827,4294662,5209491,2983469,4419123,2111063,2682988,1418827,2211051,25201522,36676012
323,000861,2018-03-12,0.010067114093959662,0.006711409395973256,0.11634529363661286,3000.0,43717.05189179436,657,4199778,5885712,584250,722939,1213296,1505834,859932,1108989,850200,665310,288600,633990,0,621946,403500,0,0,626704
324,000862,2018-03-12,0.004962779156327368,0.00992555831265518,0.15512365155008825,8866.0,53836.09992153585,675,9563117,7152271,769126,572464,3248660,2947629,1766635,934766,1441851,1140703,200999,1019389,1006419,0,407627,0,721800,537320
325,000863,2018-03-12,0.0,-0.003937007874015852,0.21271050008934916,5060.0,60308.58592557179,570,5685500,5163577,600579,853863,1094198,1039330,675650,1070817,1025529,639834,239337,290576,301485,0,1245778,413512,502944,855645
326,000868,2018-03-12,0.01726618705035965,0.030215827338129442,0.12863880573444117,34300.0,186680.46296340507,2926,124770311,145407883,1374936,1590352,13937587,14414042,13695240,19063284,22692202,28723683,14109202,15586734,10160987,13047450,8982200,11401992,39817957,41580346
327,000869,2018-03-12,0.005142083897158312,0.0008119079837616283,1.2374315316166447,18460.0,61627.7898372089,891,18717059,13645987,545873,811478,4925552,4089607,3247683,3179467,4329504,3097872,2596898,1859279,1012486,608284,1329769,0,729294,0
328,000875,2018-03-12,0.0029761904761904656,0.0029761904761904656,0.10669667110568119,6740.0,76823.90630995359,994,13749477,14686792,1171620,617920,3547312,3341307,1559533,2344490,1978246,2707382,1424068,973808,1689729,1389933,430080,896439,1948889,2415513
329,000876,2018-03-12,0.010471204188481575,0.00654450261780104,0.15062739358680677,13073.0,174637.03094438493,2577,65726971,70159067,2080375,1601869,9825147,12231132,8676028,10530800,11795484,10898104,8316715,4636633,4625598,5737719,2616765,2802851,17790859,21719959
330,000877,2018-03-12,0.010849909584086825,0.015370705244122984,0.20558811113324207,33540.0,246183.76961240906,2897,117235903,159588682,1461463,1286272,14095148,14400538,15405023,17299623,21213570,29238611,15401160,14761411,9266447,14465866,4959264,10405304,35433828,57731057
331,000878,2018-03-12,0.008764940239043728,0.01195219123505975,0.2508783872305895,43855.0,189064.23461355292,2505,117995046,126456501,884681,1171485,8913603,11178177,17206839,13558035,34348440,25759927,19298849,15255907,10952823,13599156,7157715,6300678,19232096,39633136
332,000880,2018-03-12,0.0,-0.003232758620689613,0.4646756010180221,9260.0,51482.60791208062,398,5962790,3689122,453001,436586,1598410,1377943,667231,1088833,1212031,297905,210656,487855,1391336,0,430125,0,0,0
333,000881,2018-03-12,0.003958828186856556,0.0007917656373712667,0.35954785114942267,12780.0,86402.75134945982,1234,28061652,17908208,1152793,866751,6282938,4888863,5246215,3674396,5836429,4392701,3194244,1690228,1780111,671925,1837183,0,2731739,1723344
334,000882,2018-03-12,0.015243902439024515,0.012195121951219523,0.07019498718279639,18564.0,281636.0477795743,2202,69844673,102835210,1574259,1714255,9218190,9625971,9163527,8297309,12160110,15398694,8324790,8178443,8588716,8639612,4443470,4492422,16371611,46488504
335,000883,2018-03-12,0.002159827213822796,0.0,0.11611780541235069,5098.5,67646.11516264641,1594,21231486,18794249,2326899,1609722,4317992,2866243,3531644,2171660,3902311,2426660,2635851,4718629,688534,2185124,924611,1367460,2903644,1448751
336,000885,2018-03-12,0.012820512820512997,0.017307692307692246,0.31967209179721523,26579.5,88595.7376703527,2382,63491846,68954117,1534995,1519832,12946334,13274149,14548025,13191738,18351236,14933096,6732550,8408740,4516436,6059677,1318020,4048402,3544250,7518483
337,000886,2018-03-12,0.006024096385542244,-0.0060240963855421326,0.1569847557084129,21978.0,149252.23493797256,1794,81686574,57743553,1146634,1119771,7409256,6926376,10039608,5916323,12844613,10763281,13475295,10160050,9300634,4243888,3137451,4462057,24333083,14151807
338,000887,2018-03-12,0.009090909090909038,0.00738636363636358,0.4596478803923884,21396.0,180710.73030984993,1466,57421562,50779461,1137750,1076442,6697655,6879903,6345111,7879704,11034306,10118813,6127903,4800623,3392519,4875742,2190999,874548,20495319,14273686
339,000888,2018-03-12,-0.001994017946161497,-0.003988035892322994,0.2849127290728209,10945.0,132460.39836715313,1239,32563464,28747604,1161551,1498244,3549722,6261538,3531549,5381054,3154572,5263052,2712577,2672872,1601426,2928188,956500,888542,15895567,3854114
340,000889,2018-03-12,-0.0050761421319796,-0.01160261058738199,0.37541819980036006,9628.5,90871.6088576202,1352,25630016,18150847,1852265,1389654,6150070,4952756,3415836,2897226,4407171,3263639,2330964,559312,1047474,715050,416100,939500,6010136,3433710
341,000890,2018-03-12,0.0078125,0.0031249999999998224,0.30489165871456536,11024.5,55544.66611029852,440,7351036,4548626,311236,420954,2008063,1767320,1154444,596295,1206396,590356,1269217,766151,1401680,0,0,407550,0,0
342,000892,2018-03-12,0.010037641154328814,0.010037641154328814,0.26864318341404964,7218.0,91961.91064782765,880,13534854,17141523,223401,1191277,2020052,3388745,2253596,2802744,2720171,3032956,1753116,1644483,1631339,2803865,1335179,1249803,1598000,1027650
343,000893,2018-03-12,0.03079710144927561,0.02898550724637694,0.14184055399206794,16066.0,93782.54172869395,1517,36201313,35770356,1226493,1219685,5745070,7224614,6006183,6900873,8710546,8037858,5076530,5243674,3552552,2136837,1358102,416409,4525837,4590406
344,000895,2018-03-12,-0.0034965034965035446,-0.01118881118881121,0.534317610565727,28410.0,136931.16642703125,2869,105554176,92342193,2278376,1240355,14750097,9812813,16722757,15755768,20194963,30725180,11217016,10177317,10309403,7343786,1774643,3980270,28306921,13306704
345,000897,2018-03-12,0.011940298507462588,0.020895522388059584,0.09774505703175801,5695.0,117696.56033438699,1179,13486140,25580731,947327,1422733,3958807,3206330,2753215,2082958,2315555,2707891,1409639,2075178,705317,2447720,0,0,1396280,11637921
346,000898,2018-03-12,0.004524886877828038,0.004524886877828038,0.12028306356117802,33200.0,255730.0996494129,3047,152387902,164975938,1732695,1859877,14880346,13704661,13782022,16890992,28547918,26636768,12343163,16920820,12364548,13745513,7361698,11735571,61375512,63481736
347,000899,2018-03-12,0.005780346820809079,0.00963391136801528,0.2461110062230881,5758.5,38749.89983864519,444,4859944,3805040,485805,289738,1645550,1176123,829298,959993,1071133,878110,490158,501076,338000,0,0,0,0,0
348,000901,2018-03-12,0.006657156443176548,-0.003804089396100885,0.4566600598304369,23122.0,146413.1062079068,2121,71398442,69523945,1394169,1012582,10635194,9341051,11155242,10199619,14905957,12295951,10640360,10016136,4240794,4831693,2546903,3512086,15879823,18314827
349,000902,2018-03-12,0.02941176470588247,0.025490196078431504,0.24553410866319642,11264.0,124400.40013829138,1727,34608927,51193847,921220,1810767,4249601,8253672,5152796,6132041,5036356,11319034,5200964,8836704,4389526,2004452,1403635,1289409,8254829,11547768
350,000903,2018-03-12,0.028753993610223683,0.025559105431310014,0.08608076613274684,11270.0,77133.530546759,1327,20295805,30375141,842719,1626419,4498419,6234138,3346833,4451875,4915760,7191625,1495657,3907313,2107951,2648024,911642,3160777,2176824,1154970
351,000905,2018-03-12,0.025024061597689995,0.019249278152069227,0.31310092417809543,16672.0,111025.78989461172,1101,26700247,30574488,787557,703983,5457477,4527373,3819625,4658426,5310491,6077081,4099788,3098366,2322804,2389044,1397439,1647364,3505066,7472851
352,000906,2018-03-12,-0.0036363636363635488,-0.0060606060606061,0.3429574908339967,16280.0,126116.81716727637,578,16674510,14323611,441639,568964,2742057,2499943,1759526,1466585,3011594,3246376,800242,1485335,373980,978000,1254100,1733603,6291372,2344805
353,000908,2018-03-12,0.023297491039426577,0.017921146953404854,0.20318423931876003,6193.0,76897.27739995316,754,8681964,16442543,465431,632045,2219456,2137295,2193478,2213886,1516207,4132879,1410496,2821619,329307,695768,0,1798230,547589,2010821
354,000909,2018-03-12,0.018943170488534555,0.016949152542372836,0.372591155264602,13091.0,64079.47305435367,724,9456142,12967230,538332,485199,3626371,3476652,1940209,2241494,2323465,2435553,425285,1517768,602480,625810,0,461264,0,1723490
355,000910,2018-03-12,-0.007668019846639673,-0.009472259810554884,0.5165438479193751,26532.0,210959.8462535272,1843,73080464,74998704,1022107,1077967,7563658,7522669,7693690,10261197,13379728,12607788,14110581,12172892,8019078,5158371,4714189,3848442,16577433,22349378
356,000911,2018-03-12,0.03324808184143224,0.04347826086956519,0.23889298204919007,14345.5,97509.16013167858,1072,21600958,29175220,922030,808702,4163460,4356538,3223724,4534142,3606964,5141052,2285004,4723618,1878349,1983060,2686325,3604486,2835102,4023622
357,000913,2018-03-12,0.024179620034542104,0.02705814622913061,0.539592290157027,17805.0,76742.61219655669,1036,19791566,21717013,800277,785863,5125908,5400043,3949789,4599137,4994789,4250646,1888752,2440018,942426,714182,449568,0,1640057,3527124
358,000915,2018-03-12,0.014057008980866925,-0.0007809449433814342,0.6144307129747907,17885.0,139056.34854226347,1737,55068369,52171071,717441,2101476,6314234,7622418,7052337,7654016,10674183,8595078,8153445,5448559,4588255,4860279,2734314,3151965,14834160,12737280
359,000917,2018-03-12,0.011166253101736912,0.011166253101736912,0.19469190683876228,25296.0,176599.6240537161,1715,64415879,75440265,1202515,1215316,7911703,7974796,7561280,9618091,12505069,12803134,8829875,9409057,5902744,9158816,4371731,5193928,16130962,20067127
360,000918,2018-03-12,0.018309859154929775,0.009859154929577452,0.21132624588129537,10680.0,87247.43616068196,1129,15953872,25194103,987539,882061,3914119,4807756,2401981,3630426,4588781,5725434,1969883,2306835,1383569,1796100,0,428400,708000,5617091
361,000919,2018-03-12,0.007159904534606021,0.0035799522673030104,0.3441941893219879,10933.0,41152.77035146191,592,8022520,7119711,571141,648010,2468197,2358492,1757938,1812386,1865550,2089230,410966,211593,948728,0,0,0,0,0
362,000920,2018-03-12,0.02594339622641506,0.030660377358490587,0.29471583063456863,11900.0,80492.09659886397,828,16296611,14622267,618314,924190,3290135,3867579,1776528,3110602,3907983,2675119,2239096,1677178,1104394,396900,420540,814848,2939621,1155851
363,000921,2018-03-12,0.007352941176470562,0.003676470588235281,0.2882671813124312,20550.0,100929.8784146138,2228,63871003,46429922,993273,1325073,11630298,13232301,8543083,8448598,16982794,11721886,6531128,4344984,3502250,1274357,4434350,897484,11253827,5185239
364,000922,2018-03-12,-0.017980636237897807,-0.019363762102351356,0.25205647715976054,10695.0,90512.6704058861,823,19565276,10439058,641287,962879,3872068,2628192,2231310,2717467,2787592,1013995,1828810,712000,1411351,305106,1318655,855804,5474203,1243615
365,000923,2018-03-12,0.011294526498696777,0.0017376194613378804,0.47578850220576446,25096.0,143439.17712023572,2342,87029181,63716034,1223480,1560803,12064708,11441105,12340258,11225954,16452185,12986701,15767094,7456366,10623090,2312510,3216785,4101671,15341581,12630924
366,000925,2018-03-12,-0.0033003300330032292,0.0033003300330034513,0.4341991068596966,14520.0,75054.08266359752,779,15482453,14605322,622411,674269,3332572,3657585,3352146,2986351,3177753,3462189,1890140,1894040,1016754,363488,483587,888680,1607090,678720
367,000926,2018-03-12,-0.00278035217794248,-0.001853568118628357,0.25158936131819476,5387.5,141878.55138151484,1840,46814602,34801655,1161492,1763372,5106771,5050319,5232604,4135318,6595384,6811620,5285315,3499867,3076399,3712652,3935041,4090763,16421596,5737744
368,000927,2018-03-12,0.01187648456057011,0.01187648456057011,0.1494353102191981,8460.0,56301.59799962114,794,9423930,13180889,670834,800415,2535346,3300360,1504389,2330453,2503601,3316492,1554666,2265837,0,689093,0,478239,655094,0
369,000928,2018-03-12,0.003273322422258529,-0.0016366612111293755,0.1741416730811674,12200.0,148011.23517440903,1232,38477263,28736910,1049775,885376,4534872,4794965,3101548,3570206,6735240,5358479,4300022,4321732,4553402,1722113,3165139,400770,11037265,7683269
370,000929,2018-03-12,0.03222094361334871,0.026467203682393636,0.2726829491588748,8795.0,34892.84887887063,1016,9114422,10582313,1037630,1324795,3912480,4064248,1869235,2051133,1797997,1655764,497080,717308,0,355421,0,413644,0,0
371,000931,2018-03-12,0.006024096385542244,0.003012048192771122,0.23129272207925594,12663.5,102539.59488195227,824,15766866,16365410,737324,810369,2651704,3632902,2827301,3573678,2363131,3480323,2650812,1482711,0,372853,439568,952978,4097026,2059596
372,000932,2018-03-12,0.018888888888888955,0.017777777777777892,0.1570652537360689,76884.0,350875.3753135587,3291,283190814,324152412,1152001,963781,11399613,13559323,17958454,23248409,40586129,42611421,27962943,36402391,23574935,22028229,19931924,21098515,140624815,164240343
373,000933,2018-03-12,0.044258373205741774,0.053827751196172446,0.1407727037231982,140380.0,425006.08128050435,3536,423773412,553843565,342698,391133,10603870,9521512,23442228,21548305,46210029,54127328,45658033,49842698,36739417,51725346,48244322,44821417,212532815,321865826
374,000935,2018-03-12,0.01057317751808573,0.01057317751808573,0.3533945617459105,26955.0,119726.27508943882,2587,72528440,71172954,1684976,1668414,13572106,14100927,16055201,13906644,16261491,16843608,7799522,7587801,3785041,6992040,3089609,1244911,10280494,8828609
375,000936,2018-03-12,0.025537634408602017,0.013440860215053752,0.13903286916806437,33833.0,341056.6418852936,2874,144159948,182544356,1515811,1642353,11338884,13434876,16365301,15151638,22330071,23542924,17968528,18948474,11822644,10952847,9984586,8057970,52834123,90813274
376,000937,2018-03-12,0.007092198581560183,0.007092198581560183,0.1134373433169398,7931.0,141627.7456371621,2478,40893560,63438188,1620371,2293550,6844252,10295177,6014054,8718002,4191592,8442527,4130046,7348984,2046200,3712814,1320687,3142936,14726358,19484198
377,000938,2018-03-12,-0.0017386264850766109,-0.0017386264850766109,1.3158031365981115,75680.0,389110.8820934395,2753,244921488,263947581,863123,1056011,11823602,10016024,15901182,13311641,32694119,29980331,29727497,27335757,23760561,24674922,22048418,15971351,108102986,141601544
378,000948,2018-03-12,0.0,0.0,0.9138455154319832,7623.0,168253.94864487468,141,4197048,0,348522,0,821106,0,273339,0,264627,0,511830,0,0,0,0,0,1977624,0
379,000949,2018-03-12,0.004938271604938427,0.004938271604938427,0.2166324452648064,7326.0,85288.95400751995,349,6993142,3829962,256958,273623,1609639,1204993,535072,433774,638099,1482715,726531,434857,0,0,429547,0,2797296,0
380,000951,2018-03-12,0.009944064636420169,0.009944064636420169,0.3883103393610995,9743.0,85239.9827866537,1717,28496403,30737355,1452957,2156276,6492506,7066183,5888872,4583791,6109680,6783999,1348470,3335583,993108,2103494,1436144,401375,4774666,4306654
381,000952,2018-03-12,-0.010989010989011061,-0.010256410256410331,0.6379492452744772,13510.0,82709.07294910695,457,11239607,7775714,278367,410097,2034030,1839146,1302948,1745090,1945040,1694148,1594224,487711,349074,378280,2520924,1221242,1215000,0
382,000953,2018-03-12,0.002564102564102555,-0.002564102564102555,0.2692532747773763,10114.0,60598.99378699841,839,13498201,9519319,764401,1012207,3889994,3362474,2830484,1815264,3595417,1342632,1238695,446887,748992,341775,430218,0,0,1198080
383,000955,2018-03-12,-0.004444444444444473,-0.00592592592592589,0.2541754462709723,13440.0,95681.1363571537,705,19046275,12938447,430821,728869,2989452,2559624,4440366,1841670,4354381,2066270,2949751,1772602,2068248,673500,402000,451548,1411256,2844364
384,000957,2018-03-12,0.016771488469601747,0.01572327044025168,0.2501951400918314,10631.5,68021.2908400781,1454,22068866,27038558,1441543,1255693,6275561,6169142,4685555,4981600,3932083,5838969,1908082,2816297,1810598,1671051,410238,2355266,1605206,1950540
385,000958,2018-03-12,-0.002044989775051076,0.002044989775051187,0.12344896871700803,9800.0,78304.7908240265,1572,29562914,20878691,1789788,1432277,8398401,5590557,6388172,2955017,4749000,3807359,2792989,1259770,1233829,384056,402600,1296428,3808135,4153227
386,000959,2018-03-12,0.0,0.001769911504424737,0.1277037299037041,6744.0,45609.031599317415,1963,19614795,15341328,1515451,2038219,7294760,5924442,3305965,2621260,2497317,1653525,2579252,1074191,1046482,368765,0,461040,1375568,1199886
387,000960,2018-03-12,0.0025839793281652312,0.008397932816537335,0.2701123890177804,76342.0,320245.3238077846,3288,255405196,284738499,1012426,564755,13635669,13130296,22087813,22405438,40204368,42232174,28198184,34112798,30219425,27460431,26383957,24544477,93663354,120288130
388,000961,2018-03-12,-0.023611111111111138,-0.02083333333333337,0.15351240531859303,20445.0,250392.08766689102,2205,100623745,80354996,1112904,1930767,7220086,12168403,7190257,10797578,10629343,13607700,10225614,9334254,9948607,4578765,3479513,2280404,50817421,25657125
389,000965,2018-03-12,0.007067137809187329,0.008833922261484162,0.16684104895438318,11390.0,105030.38979799468,1152,27255123,18994750,1345619,864973,5231407,4884977,3614012,3450417,6426184,2616616,2146218,2753559,1944574,1391124,1264867,0,5282242,3033084
390,000966,2018-03-12,0.005830903790087438,0.008746355685131046,0.14533627818087053,5865.0,53283.15190011178,557,7069063,7281479,601696,325108,1979931,1310104,2060855,719665,1885813,2838812,0,680590,0,1407200,0,0,540768,0
391,000967,2018-03-12,0.022222222222222143,0.011111111111111072,0.3102393645636529,12240.0,78186.50900603217,681,10048327,15124546,714373,661986,3110376,2983204,2069610,2928646,1355729,1888554,1002942,1618520,729636,2089898,0,846008,1065661,2107730
392,000968,2018-03-12,-0.0007092198581559739,-0.010638297872340496,0.336165146777294,13950.0,53729.538515678105,1760,37034457,16552210,1256896,1619819,9738791,5781025,13925782,4889353,4037571,3293635,2164166,466855,2415385,0,1352110,0,2143756,501523
393,000969,2018-03-12,0.017456359102244523,0.018703241895261957,0.2099523454986192,8866.0,108961.98493199579,1460,24934639,31791237,1435223,1694983,4260225,6030762,3286399,6823607,4728553,5848270,4297967,1756556,2464055,1356872,3258192,1318446,1204025,6961741
394,000970,2018-03-12,0.028169014084507227,0.030516431924882736,0.22756270056567976,63120.0,273790.0918751541,3157,211205513,259551844,938590,773352,13411345,12628708,21438745,20526069,36866974,36868236,28915955,30537683,24486303,24887465,14541563,22216552,70606038,111113779
395,000971,2018-03-12,0.02898550724637672,0.02898550724637672,0.2821054950943334,12790.0,81209.93803327592,1940,36330345,41006758,1247901,2259421,7253755,8517136,8097663,9527813,8503762,7339748,5025061,4480745,1438556,1985058,2209113,1393130,2554534,5503707
