,code,date,pchange_whole,pchange,change_std,amount_median,amount_std,length,sumsell,sumbuy,sell_vol_0,buy_vol_0,sell_vol_1,buy_vol_1,sell_vol_2,buy_vol_2,sell_vol_3,buy_vol_3,sell_vol_4,buy_vol_4,sell_vol_5,buy_vol_5,sell_vol_6,buy_vol_6,sell_vol_7,buy_vol_7
0,000001,2017-11-10,-0.0056588520614387905,0.0024252223120453387,0.20983231954414017,161980.0,862252.7607896104,3480,738078873,718533756,460597,545832,7787536,9544760,17346877,16893744,43109233,46268686,47171309,44259597,34088133,41713783,41477114,32856137,546638074,526451217
1,000002,2017-11-10,-0.003260869565217428,-0.0036231884057971175,0.48212082477306495,69275.0,370223.64945272583,3279,249238059,306546535,679286,1250817,11289558,14202770,17824177,28623087,29474010,47639170,24983379,36342347,21445316,23813939,15620322,20795874,127922011,133878531
2,000004,2017-11-10,0.10012728044123875,0.10012728044123875,0.6482237417821606,20456.0,692368.0761596371,1323,74701772,33671325,799756,858759,7231807,5933293,5346902,7008320,6017369,7008837,3494175,4454974,2086252,2602408,2127187,2842106,47598324,2962628
3,000005,2017-11-10,0.0,-0.006465517241379226,0.18874153813747302,6690.5,41069.863483856076,604,7920659,4885848,696876,568320,2523683,1729408,1717797,979538,2101015,612896,881288,230459,0,326388,0,438839,0,0
4,000008,2017-11-10,0.011223344556677839,-0.001122334455667784,0.3011575274279735,8930.0,104599.97085785029,875,18945421,12211690,1008810,931588,3518304,3270966,1944500,1636298,2171296,2627384,1361792,658089,2484134,0,1757649,887718,4698936,2199647
5,000009,2017-11-10,0.004993757802746579,0.0037453183520599342,0.20080647071456983,12847.0,116682.65215597079,1592,45433645,34919067,1511103,1495669,5855217,6184199,5500070,6932720,8371187,8118834,4158186,4423532,3339077,2028919,3214364,1294234,13484441,4440960
6,000010,2017-11-10,-0.008250825082508184,-0.008250825082508184,0.12319163693947195,18075.0,92157.26591257316,2426,68481292,38996028,2061178,1518445,13955672,11014012,12670000,10296936,13089531,7130955,4879905,2808500,4958179,1628707,1778104,1773707,15088723,2824766
7,000011,2017-11-10,-0.004761904761904745,-0.0031746031746030523,0.49624021569858223,16969.5,72363.94727570919,1450,34418766,21793980,1067669,1747613,7850411,6687166,7181727,5732827,7423069,4819021,2211552,1255818,4093671,611816,1801246,414375,2789421,525344
8,000012,2017-11-10,-0.014354066985645786,-0.004784688995215225,0.22329018427361708,12419.0,107462.88294998392,1402,42393606,24098891,1383914,1315478,6419084,4809075,5745486,3581815,7387544,3499019,5869936,2612796,3084073,2081280,3876870,1289201,8626699,4910227
9,000014,2017-11-10,0.0,0.0,0.8618202606870697,14382.0,37266.621035632576,345,5312930,3237993,300448,375992,2043432,1436960,1064429,868446,1185945,261827,718676,294768,0,0,0,0,0,0
10,000016,2017-11-10,0.013947001394700065,0.015341701534170138,0.1328595999942771,40726.5,270039.8377348097,2928,178263606,197189623,1443261,1469973,11903165,11080915,16646200,13535816,28180674,25769051,21686341,22593836,18394313,18784022,12963660,15555740,67045992,88400270
11,000017,2017-11-10,0.0013642564802183177,0.005457025920873049,0.32433399716145256,7380.0,33959.820117598414,510,3969388,5997872,699100,622563,1438825,1754369,1035313,1572919,575189,1065089,220961,982932,0,0,0,0,0,0
12,000018,2017-11-10,-0.00835654596100277,-0.0027855153203342198,0.22693013974802806,9996.0,68049.06696513308,1001,19586249,10461091,944014,824258,5584207,2532262,3890733,2475973,3308970,1330796,1589469,1174722,1731824,359142,427800,0,2109232,1763938
13,000020,2017-11-10,0.0011494252873565092,0.005747126436781658,0.5327780489176144,12278.0,68421.32179577656,1066,14952131,13687927,981791,1187582,4826471,5732797,3015188,3107296,1782549,1824902,663236,449708,378400,0,447040,0,2857456,1385642
14,000021,2017-11-10,0.008999999999999897,-0.0050000000000001155,0.1808437600080083,38114.0,275938.6946677009,3063,188100933,153525303,2129175,919711,13858478,10352832,17212878,15406401,30834885,25764305,23281035,18230886,14015037,16907562,9604746,16323034,77164699,49620572
15,000022,2017-11-10,0.006854838709677402,0.00887096774193541,0.7725786054338647,24765.0,92704.9541798389,1030,25009469,28801010,647298,740706,6077173,4837193,4775948,4914200,5239269,6731654,2450198,5044384,2464012,2579142,1368948,950977,1986623,3002754
16,000023,2017-11-10,-0.008939974457215727,-0.018305661983822885,1.0665338213941937,11745.0,62225.98385077823,485,10580752,4567309,343573,486432,1974077,2033734,2326218,855213,2377718,484640,1893739,707290,0,0,453100,0,1212327,0
17,000025,2017-11-10,-0.013409090909091037,-0.009090909090909038,0.986107574466793,21800.0,76612.55860673066,1991,53259020,36095097,1564788,1825918,11523460,9066462,12184620,7267410,11366400,7818509,6878884,5372022,2783504,1887230,2283659,1313700,4673705,1543846
18,000026,2017-11-10,-0.007765314926660882,-0.00690250215703192,0.4838290693022864,11500.0,48230.27403679249,573,9692673,5852642,381357,414856,2943304,2356141,2834156,1153416,1122030,1466229,962945,0,1012261,0,436620,462000,0,0
19,000027,2017-11-10,-0.0015649452269169695,-0.0015649452269169695,0.21724268651471584,4452.0,102901.69672470476,865,13429055,9488198,674320,886196,2383670,2208428,1607489,1701629,2553810,985465,755667,1220022,318000,648331,0,0,5136099,1838127
20,000028,2017-11-10,-0.013163867453472644,-0.016492661522166774,1.6937333113465836,6634.0,141370.68653308155,1525,46394797,15021255,3838094,432508,6706913,3339864,4469594,2772166,5434397,1613176,10491361,1313710,4415662,971173,422695,0,10616081,4578658
21,000030,2017-11-10,0.004750593824228044,0.009501187648456089,0.2311687709528563,5929.0,72386.13557213597,1327,14532883,19606118,1363812,1419432,3898386,5692008,3075464,3387742,2677615,3343036,1002112,1600711,0,1353555,876650,0,1638844,2809634
22,000032,2017-11-10,0.018851756640959838,0.009425878320479919,0.4167203699078895,11730.0,54695.33122545802,784,12128847,7860615,844132,472514,3560495,2473507,5790778,2148110,775016,1824084,216450,0,0,0,0,0,941976,942400
23,000036,2017-11-10,-0.005302226935312682,-0.005302226935312682,0.218636193366212,9390.0,92851.71261751655,1861,42645505,24636075,2919064,1257238,8829903,5324133,8779185,2699325,8177383,5918755,3082408,3576982,1707287,1435115,1824299,1374452,7325976,3050075
24,000037,2017-11-10,-0.0034052213393871433,0.0034052213393869213,0.47243741192838146,8800.0,65140.46665434935,347,4110062,4172040,434316,298461,1436791,1097792,1050242,542661,1188713,683724,0,0,0,0,0,0,0,1549402
25,000039,2017-11-10,0.03310276679841917,0.024703557312252933,0.381602396212496,48888.0,681619.3518076865,2815,215594003,258732022,799117,1064108,12863635,10674147,14201100,14256848,26061989,26585067,23637334,22367547,17135070,22376136,16182701,17405270,104713057,144002899
26,000040,2017-11-10,-0.009073233959818627,-0.014906027219701912,0.49132275771086475,16918.0,88261.81703678597,986,27324913,19888327,911712,661079,3437159,4747671,3974810,6666509,5569216,4349483,2831641,1718934,3916757,618640,1774436,0,4909182,1126011
27,000042,2017-11-10,-0.0012531328320802837,-0.005012531328320802,0.7799713403545387,4764.0,21618.04255462653,418,3311045,1107545,1101347,241319,934375,468473,619933,264781,244460,132972,410930,0,0,0,0,0,0,0
28,000043,2017-11-10,0.004638218923933346,0.0009276437847867136,0.425068718405423,21420.0,195145.6029345039,643,20723162,17555639,253280,368309,5208715,1980483,2096828,1705785,2386449,1887284,2526162,733047,1603568,0,2233160,886630,4415000,9994101
29,000045,2017-11-10,-0.009136212624584639,0.0,0.27184066578048593,18992.0,122794.88594724816,1964,57669000,44487391,1510748,1251125,10706320,7553125,10886702,6983376,11618487,10016942,7391770,3944191,5454556,1344674,3176098,1782509,6924319,11611449
30,000046,2017-11-10,0.005161290322580614,0.002580645161290196,0.39866141967546775,7770.0,63358.19909720145,377,7611085,3563070,536716,254003,1571777,1039784,1181248,1201731,1405042,100750,1228617,434775,784547,0,903138,0,0,532027
31,000048,2017-11-10,-0.003770423125261879,0.00041893590280683846,1.8873902889346768,14268.0,90445.69098738136,159,4765210,1497898,157979,171735,988129,512913,982167,293022,283098,223868,240481,296360,358800,0,0,0,1754556,0
32,000049,2017-11-10,0.009090909090909038,0.0005454545454546267,1.295386778193324,38346.0,196745.47497558515,1803,89461221,72094960,785972,610232,10851644,7332565,12449139,11443145,15162201,13106356,10261255,7038813,5434950,4492983,8232008,3455111,26284052,24615755
33,000050,2017-11-10,0.03734439834024883,0.03941908713692932,0.4124161867648138,149792.0,808875.2855948587,3417,504165901,679506447,426830,343823,9363169,7807955,20214503,18625737,49579127,45147242,40868158,48565872,44554374,43078973,28126999,38094634,311032741,477842211
34,000055,2017-11-10,0.005673758865248235,0.007092198581560183,0.20837607461235313,5656.0,71657.90998843778,1145,14223417,15271776,1468987,989079,3410737,3204829,2536131,2509058,3119730,1858269,1651344,1988114,354000,1729070,421200,947673,1261288,2045684
35,000058,2017-11-10,-0.010033444816053505,-0.00891861761426982,0.2142305750726242,17800.0,123891.40784920049,1755,49055621,31679734,1518862,1666452,8668841,8507721,9035793,7312677,8806956,5214700,5626488,2609278,3358784,1363596,1667449,862272,10372448,4143038
36,000059,2017-11-10,0.007575757575757569,0.005681818181818121,0.23707195993546257,22323.0,168604.5033306062,1985,70315263,77806332,1044020,1081514,8093062,9592314,8770921,10935995,10560052,11885923,7429202,8078547,4183237,6074039,5387141,5714277,24847628,24443723
37,000060,2017-11-10,-0.019073569482288777,-0.016348773841961872,0.2060504170986033,30520.0,259204.19769325847,2858,161412158,87500411,1056638,1349195,21321430,11044135,15616512,11795822,26813621,16958750,12009861,9181630,5735912,12875035,6564632,2720173,72293552,21575671
38,000061,2017-11-10,-0.012150668286755706,-0.009720534629404587,0.3313854997705417,7362.0,91454.7628800881,616,11024835,4624111,1016247,492831,2241832,1824286,1863380,631592,1800154,618205,496075,243608,343957,0,408000,813589,2855190,0
39,000062,2017-11-10,0.0012038523274477964,-0.007223113964687111,0.8453429400394468,14820.0,106634.77443399202,871,19279488,14605873,904972,556206,4571568,4250530,3360498,2454166,4214777,3421787,438750,1264374,0,685554,1373615,1325818,4415308,647438
40,000063,2017-11-10,0.016138328530259205,0.04899135446685876,0.5792490344627583,465035.0,1393999.1258815557,3591,1304331548,1681511148,67123,32215,2063256,2834275,6936690,8374189,27384708,32825863,41147082,53892559,54819770,56359937,56224640,57650102,1115688279,1469542008
41,000065,2017-11-10,-0.01196808510638292,-0.011081560283687897,0.5322825392659267,13392.0,82321.18001915613,1796,41759700,22306318,2239497,1123199,11706957,6498517,6732307,4232901,6424979,2799038,5297269,2447769,376152,1044201,1818807,1339630,7163732,2821063
42,000066,2017-11-10,0.003816793893129722,0.007633587786259444,0.1746782997915121,23670.0,261459.6253148811,2027,84375800,93570967,1542010,1498282,8744375,8371223,10298979,10642179,12216475,13899995,8943660,7357623,6202966,5305640,3257954,3495677,33169381,43000348
43,000068,2017-11-10,-0.011075949367088667,-0.007911392405063444,0.2932515908267908,12670.0,127294.95838703214,464,15681004,7896246,404757,400230,1995203,1498615,1082083,1607811,1945673,2013420,1009768,0,2027734,372554,441700,839936,6774086,1163680
44,000069,2017-11-10,-0.007083825265643551,-0.005903187721369663,0.18448183123924913,13519.0,156057.58614175807,2111,59722343,68177767,1372423,2357264,8218163,12163828,6141317,7303337,5344689,5687689,4662883,3707118,4012656,18128236,4035412,5249344,25934800,13580951
45,000070,2017-11-10,0.02880288028802891,0.03240324032403241,0.25909499633430316,22320.0,151414.7705007796,1840,50996166,62180337,942107,1048893,9635067,8264634,8798285,8880827,9638325,12461489,7746220,7322759,4224301,3504506,2756416,1879017,7255445,18818212
46,000078,2017-11-10,-0.006557377049180357,-0.006557377049180357,0.1422096646481965,9680.0,115026.72060411872,1843,46038669,32891713,1476870,1871299,9623507,6211203,7134747,4803666,5023764,6175061,3948037,2485572,5783546,1657106,1445975,1725276,11602223,7962530
47,000088,2017-11-10,-0.004592422502870397,-0.003444316877152853,0.24075454786008932,8790.0,80589.59160702041,1309,23223734,24431631,1655524,776836,5885822,3623003,4059300,4903724,4768220,4983337,2141706,3348543,1783108,2335925,884526,1287804,2045528,3172459
48,000089,2017-11-10,0.0022099447513812542,-0.0022099447513813653,0.2215802549462022,21648.0,111301.56119409084,1669,42096953,44376016,890590,1708698,7385691,13320381,6927833,6593474,7520108,6979069,4715830,3996557,2653038,3352023,2149103,2259971,9854760,6165843
49,000090,2017-11-10,-0.011981566820276401,-0.01382488479262678,0.2740279712269455,10720.0,98919.0506738047,1572,40457043,24148390,1909410,1296397,7829585,3131975,5008943,2868521,6734613,10316026,2976099,3174254,3748280,686249,1784916,468027,10465197,2206941
50,000096,2017-11-10,0.0037119524870081744,-0.010393466963622866,0.8229002299164383,11979.0,31471.068075174728,267,3623698,2069415,240821,234732,1382987,885908,956914,574664,818696,374111,224280,0,0,0,0,0,0,0
51,000099,2017-11-10,-0.008538899430740043,-0.008538899430740043,0.3395707720136354,9396.0,45041.147145037656,963,13607889,7335902,733046,778207,4419654,2870958,3155450,1790950,2404034,1635593,1215372,260194,377883,0,0,0,1302450,0
52,000100,2017-11-10,-0.002004008016032066,0.02004008016032066,0.08355509847393323,170180.0,836173.0990890982,3587,630382255,973120755,328380,391763,9323647,7646898,20158349,21257426,42580242,55783633,37868931,55585609,38813408,52679600,28799913,47377883,452509385,732397943
53,000150,2017-11-10,0.007986111111111027,0.00694444444444442,0.984452099648977,17040.0,176058.1454647171,858,21035910,43026780,1009289,237419,5269867,2177170,3291416,2604187,2325485,2542342,1505207,5884593,1275887,2397203,1433850,10674642,4924909,16509224
54,000151,2017-11-10,-0.0024922118380061864,0.0006230529595014911,0.6734995188721824,15980.0,72574.29613172315,567,8381481,10142301,514429,614016,3087328,2956633,1871448,1409595,1349621,1030961,1238655,774013,320000,321400,0,911600,0,2124083
55,000153,2017-11-10,0.0010952902519167917,0.0010952902519167917,0.3466380529247026,6383.0,55708.7376361785,693,9209415,6273191,913291,676192,2569341,2235256,1620165,1344244,887456,820549,510719,648550,643872,0,882315,0,1182256,548400
56,000156,2017-11-10,-0.0035385704175513455,-0.0007077140835103357,0.4708045984020794,5656.0,73315.54949927678,900,9997514,12760492,447537,1653694,2668716,2906343,1980415,2911016,2088465,565326,667874,554485,722830,307380,1421677,423900,0,3438348
57,000157,2017-11-10,0.01098901098901095,0.01098901098901095,0.09150656088475692,11750.0,215251.345994855,2483,75657329,90010075,2867975,1310024,11662598,7281468,9777120,6782103,9776512,9178615,8976276,6287549,6405694,4832082,4542990,5384927,21648164,48953307
58,000158,2017-11-10,-0.002083333333333326,-0.002083333333333326,0.2879881375996379,13398.0,163213.44036582272,1111,25156601,32696564,996536,1190244,5103397,5036440,3679666,4651821,3987946,2987437,4333926,2808251,1022595,2673764,403965,1319848,5628570,12028759
59,000159,2017-11-10,-0.006504065040650375,-0.008130081300813163,0.2710787177441191,10404.0,64412.742118591326,514,9115645,5225723,558278,289424,2664815,1590941,2713990,904868,951115,888049,468944,222404,1085915,0,0,0,672588,1330037
60,000166,2017-11-10,0.0,0.0035149384885764245,0.13363510174630314,12463.0,150292.02345667503,1816,51034056,50272218,1275656,1308808,7784960,7294064,5659750,6333268,7115864,8276014,5103071,4306675,3392713,4101915,1883281,870373,18818761,17781101
61,000301,2017-11-10,0.0,-0.0034071550255537764,0.13750108675200703,15275.0,106316.05969575759,1826,51237111,32802722,1554379,1341531,8985754,8490882,8144136,7324634,7636329,6795819,5186042,3911422,3073337,1717824,1800041,838515,14857093,2382095
62,000333,2017-11-10,0.014630438913167287,0.012350370511115205,0.8818102708266253,216972.0,697723.6881737075,3563,701168119,749718650,145252,116948,6585587,4874243,20140082,13814628,48813002,45851663,53627887,56080908,58739785,54281729,44535644,51362951,468580880,523335580
63,000338,2017-11-10,0.03333333333333344,0.034482758620689724,0.1461348346457898,123096.0,632471.3600576789,3551,454642933,600513622,508522,562546,10530787,11265820,20336037,22958426,49973282,49432734,44256627,47827675,46898518,37993397,34333983,37382731,247805177,393090293
64,000400,2017-11-10,0.04800000000000004,0.04733333333333345,0.30618149326911115,39000.0,247831.49801456678,2402,115039658,167093962,1682975,825061,9307836,10055047,11147879,13322736,27674320,20514462,15132241,14498820,12066998,17880348,5953606,11223088,32073803,78774400
65,000401,2017-11-10,-0.026098901098901117,-0.019230769230769273,0.2889465778794581,34548.0,233796.49211261104,2540,160771414,88088611,1180780,1208918,14979333,8758364,21308728,11399726,24975806,16090702,17078062,12282031,10336729,8539723,14764462,7781710,56147514,22027437
66,000402,2017-11-10,-0.009821428571428537,-0.005357142857142727,0.2592302118646193,22251.0,152670.78939426655,1868,69334940,30521210,944165,1173951,16458596,6599833,9574636,5435042,10777491,3952910,5492208,3610472,3733807,1741971,3149662,1339446,19204375,6667585
67,000403,2017-11-10,0.015137753557372013,0.0121102028458977,0.9364179440090408,38376.5,166726.75095678857,1244,63981316,58627786,590211,507330,7864457,4775773,5247555,7032628,21345799,10173644,10525370,5693700,4842537,5918776,3392216,3895856,10173171,20630079
68,000404,2017-11-10,0.006024096385542244,0.001506024096385561,0.25736606853484534,13320.0,107407.6441036494,665,19274601,14766788,554624,628691,2730834,2481671,2542379,2967400,4028184,3787818,2203133,3119225,1767856,658370,1375651,461613,4071940,662000
69,000407,2017-11-10,-0.01171875,-0.01171875,0.26063139220950915,15160.0,136565.0881136563,868,30879002,15955558,691897,953697,3784436,3336142,3153038,2948196,5298988,1704039,3302994,3052346,4140278,1035852,1306858,855519,9200513,2069767
70,000408,2017-11-10,0.023150762281197057,0.006211180124223503,0.5282647010442513,30158.0,142414.8820902009,1124,39843252,44277897,602091,706968,5859729,4730961,6651956,5362440,9761931,8751920,5747594,4161320,2704949,3772559,885475,1707375,7629527,15084354
71,000409,2017-11-10,0.007440476190476275,0.0014880952380953438,0.29824061639767935,10035.0,49076.71018251716,507,7516692,5295284,495434,460450,2560086,1803307,1440190,1325346,1695284,1117037,205462,0,318636,0,801600,0,0,589144
72,000410,2017-11-10,0.011904761904761862,0.011904761904761862,0.2856703934505586,11274.0,78754.20610274092,1046,17877265,22437156,1320852,1059045,4203834,4804934,4058661,2613424,3615720,3598760,2383700,3189063,315769,3452082,1408379,905696,570350,2814152
73,000411,2017-11-10,-0.009938476100331162,-0.010411736867013688,0.9853145360396391,2092.0,30551.006422287996,459,3526875,883278,820199,75303,724177,366501,483904,330492,432591,110982,648004,0,0,0,418000,0,0,0
74,000413,2017-11-10,-0.012310606060606188,-0.01041666666666674,0.1839171489469312,64019.5,502738.6989508057,3300,325664388,203564078,744000,824773,13837328,12942556,23505253,20158204,49501697,38589796,31527316,24923175,27931608,19022382,17779650,11905145,160837536,75198047
75,000415,2017-11-10,0.006144393241167334,-0.003072196620583667,0.15026382540759423,6510.0,73098.7673225618,1881,28844172,18727171,1847247,1056140,8300219,5867542,5299953,3357888,3791091,2834717,1793313,1559792,624072,1371124,1771284,902835,5416993,1777133
76,000416,2017-11-10,0.026631158455392878,0.01997336884154466,0.24274055274941608,15220.0,60114.97485834936,957,14309461,20588813,808102,954409,4278259,4422716,3580221,5036806,2353984,3813316,2007815,3103384,383000,2814341,898080,443841,0,0
77,000417,2017-11-10,-0.013745704467354014,-0.008018327605956554,0.29936750949951907,6880.0,108331.28453923888,850,21631700,10476202,1192870,940173,2197569,2512967,3035329,1987332,2821660,3137108,3187115,1190952,1014004,707670,1656662,0,6526491,0
78,000418,2017-11-10,-0.010033444816053394,-0.012207357859531753,1.3584931504015434,18674.5,303646.9689851995,1938,102460737,88783719,1593032,1334382,8110722,9530527,6391744,8270482,10191648,9439016,5128423,9159373,6793786,10562729,4389210,3976598,59862172,36510612
79,000419,2017-11-10,-0.010526315789473717,-0.006015037593984918,0.39746642738699695,13200.0,80699.2296575989,279,5427756,5729717,218560,272984,1353489,889213,1233272,1203348,1087069,1109206,0,0,661500,688926,873866,875140,0,690900
80,000420,2017-11-10,-0.009433962264151052,-0.009433962264151052,0.11547933486953793,1890.0,31098.421434723346,759,7543376,2158966,743916,330044,2645855,975516,1734491,559824,1052249,293582,727649,0,639216,0,0,0,0,0
81,000421,2017-11-10,-0.01285714285714279,-0.011428571428571455,0.2517248421521097,4164.0,25440.788610081665,773,6298644,3218820,848124,963255,1966435,1132279,1492270,747059,1583636,376227,408179,0,0,0,0,0,0,0
82,000422,2017-11-10,-0.01091703056768556,-0.008733624454148492,0.15628399093740797,11325.0,69780.44167767878,859,17702126,10262883,976600,735156,4634573,3048290,3266227,970027,3276973,2075748,1239250,669365,685842,1733633,2295376,455999,1327285,574665
83,000423,2017-11-10,0.020436817472698987,0.013572542901716167,1.16196066876193,65030.0,404577.96594491426,3043,213759893,291484031,562982,1228156,8032133,14370556,19413315,29906719,41351148,43506829,24029333,22434940,14819565,16664689,14698459,7197586,90852958,156174556
84,000425,2017-11-10,0.018716577540106805,0.016042780748662944,0.06829000991357832,19760.0,259949.57612830665,3026,88793508,123380756,2146953,1593946,18285545,12752552,12937575,10208843,13768312,12062150,6800016,6776695,5536140,8069693,3063628,2534575,26255339,69382302
85,000426,2017-11-10,-0.01742497579864466,-0.02613746369796699,0.24244574824766318,19190.0,220902.7105301688,1818,86060994,59656177,710512,1644749,5344653,9198836,6072350,8073267,10934339,9009478,8305829,5812249,11603971,2979745,5117002,2698562,37972338,20239291
86,000428,2017-11-10,-0.004424778761061843,-0.004424778761061843,0.24483872949394178,4490.0,27478.91692477184,340,2985469,1799101,464560,301397,1450934,553341,474103,320091,595872,362822,0,261450,0,0,0,0,0,0
87,000429,2017-11-10,-0.008505467800729027,-0.007290400972053468,0.23836886740275412,6548.0,66830.39950813883,1192,21176246,10017927,1535338,836506,4729852,2988918,3146204,2016972,3616187,1413945,2627076,815367,1721282,680561,2279885,447658,1520422,818000
88,000430,2017-11-10,-0.002059732234809597,-0.001029866117404854,0.505575760493221,8725.5,56584.02708901042,368,4822490,4033389,503512,354088,1394085,1065092,1073353,745460,1647925,756104,203615,274060,0,0,0,0,0,838585
89,000488,2017-11-10,-0.01676300578034673,-0.015028901734104094,0.32984266129901657,22015.5,184417.16546648354,2752,115346126,82864484,1467757,2032369,11376318,14185216,11141777,13984412,19975192,18255504,11577618,7147421,14429909,6835528,9090419,2677732,36287136,17746302
90,000498,2017-11-10,-0.0027285129604366354,0.0027285129604364133,0.2069006355090669,5904.0,56669.03038902772,1256,15620722,11210588,974632,1208209,4406834,3611671,1616696,3082228,1671783,2406917,1352579,222439,1385005,679124,2259645,0,1953548,0
91,000501,2017-11-10,-0.005730659025787843,-0.005157593123209181,0.43764195136191797,13752.0,101741.3747117063,1590,41563991,24128403,1337463,1477051,5570367,7588549,5624295,3513848,8156451,4051095,3071519,2989130,4061086,1310806,4406294,0,9336516,3197924
92,000502,2017-11-10,0.021688613477923946,0.0007745933384972759,0.3605786995867899,14146.0,64679.329949148145,1282,26153673,19079838,1092485,996050,7131887,5780143,5475147,3732872,6546503,3107677,3499121,1447033,694244,681334,470310,1400540,1243976,1934189
93,000505,2017-11-10,0.011022044088176308,-0.0010020040080159776,0.39309954560948207,9990.0,75136.61749243212,644,10212350,11794340,501929,905528,2048781,3248825,1649336,1830580,1886794,1689144,1053484,1340194,2013026,614558,430000,808600,629000,1356911
94,000506,2017-11-10,0.0,0.003754693366708306,0.3322527673894707,15970.0,83492.30378024366,578,11985743,13859081,395625,573322,2703495,2234628,2663501,2147700,3259789,1303131,1734218,1638227,322400,1655883,401000,2533291,505715,1772899
95,000507,2017-11-10,0.005774783445620768,0.004812319538017196,0.20551389761686997,28296.0,163984.5123484816,2558,91327153,111972839,1199955,1290620,13313348,11465058,14718372,13192514,21259377,15951078,10752976,12281914,9232851,9620068,6395199,5806988,14455075,42364599
96,000510,2017-11-10,-0.020022246941045596,-0.013348164627363879,0.3211470077237229,10764.0,57634.974953249955,783,15281089,9150183,752435,991265,3999278,2785899,2922448,2169674,3921610,1088008,1864874,688485,673260,982852,443000,444000,704184,0
97,000513,2017-11-10,0.004055376870367722,0.008809956649419526,1.2656891075264722,93350.5,348209.8574344805,3196,299399184,303651049,502581,628911,8986509,9297098,29147239,22075032,43678166,43985900,31417987,30122655,34685623,27925601,18617811,23507881,132363268,146107971
98,000514,2017-11-10,0.0,0.001388888888888884,0.2796927915720712,10080.0,65945.23155964134,662,10845677,5303697,741287,659919,3476832,2233794,1888472,1012438,1714987,750369,490280,245527,0,0,0,401650,2533819,0
99,000516,2017-11-10,-0.005859375,-0.005859375,0.13916880198963325,7649.0,112710.7790444324,1355,36450006,11517882,2967762,763597,5018736,3343128,3728016,2496103,6143948,1172566,3001844,1542290,1764842,0,885952,1682036,12938906,518162
100,000517,2017-11-10,-0.0024038461538461453,0.0024038461538460343,0.1193443181904165,4170.0,61796.031882988646,1217,16514771,10636474,1361746,984507,4047587,2994822,2445717,1970739,2824927,2137066,2148784,1059323,2403658,307329,456352,0,826000,1182688
101,000518,2017-11-10,-0.0095367847411445,-0.010899182561307952,0.3229396633122912,7310.0,104814.95362648781,516,11334329,3014620,544613,504018,1826177,1679353,2031668,570682,1178301,260567,507972,0,969430,0,0,0,4276168,0
102,000519,2017-11-10,-0.0021551724137930384,0.0,0.2789993344574012,9290.0,63095.70433460327,1106,18986056,14588140,1370149,1156191,5531837,3495681,4030631,2201017,4464802,2328927,1263707,1428109,1050503,624187,1274427,908579,0,2445449
103,000520,2017-11-10,-0.006185567010309145,-0.008247422680412342,0.18023750468476585,9620.0,67440.67241424425,724,14580541,6966475,845446,642729,3210473,2234663,2462602,2054345,2764403,1404398,1218005,292940,653931,337400,1882630,0,1543051,0
104,000521,2017-11-10,0.024390243902439046,0.026132404181184565,0.14840707614584953,16463.5,124544.4531536003,1498,37159160,42565720,1351086,995586,6935821,5976673,5704660,5702158,7323113,8175487,5092038,5291580,3434239,3125682,1700786,2739306,5617417,10559248
105,000523,2017-11-10,0.007438894792773709,0.006376195536663243,0.35969323262760805,15152.0,90971.99375893101,684,12894778,14740373,781958,551724,3734804,2786465,2430990,2511890,1409829,2671819,1427032,2505770,1014088,974767,935260,909869,1160817,1828069
106,000524,2017-11-10,-0.011235955056179803,-0.005617977528089901,0.5285023913821162,12360.0,38737.01918270464,555,8649202,4899488,326006,486743,2350567,2144688,3242379,1020341,1989839,1247716,259996,0,0,0,480415,0,0,0
107,000525,2017-11-10,-0.012562814070351758,-0.018425460636515845,0.47531203324087473,43704.0,218086.50094704665,2529,151922849,131890150,764352,2144667,10148444,10801631,12116469,12662038,27643542,23054744,31939724,18508323,16355752,12797970,7819547,4992562,45135019,46928215
108,000528,2017-11-10,-0.0024390243902439046,0.0,0.1698761975338025,13032.0,96570.4440335959,2334,56703078,38493808,2001299,1467882,11174627,8109295,16752928,6621821,12639542,7772572,5122677,3567857,2816437,1907454,2128826,1830856,4066742,7216071
109,000529,2017-11-10,0.007712082262210762,-0.0012853470437018677,0.2795393470688911,4680.0,41689.51756773244,774,7124210,6856574,369390,1726845,1805821,2759733,1206030,1189518,1509149,554518,1064089,256410,641469,369550,0,0,528262,0
110,000530,2017-11-10,-0.00940438871473348,-0.006269592476489061,0.1616702768708244,3804.0,63463.125042509295,1559,18448456,15466584,1062484,2430229,5059820,4064837,3065073,3594973,2906987,3298025,710640,502018,1350390,307005,909090,0,3383972,1269497
111,000532,2017-11-10,0.005347593582887722,-0.0007639419404125158,0.3633504765305061,15708.0,111979.58815325027,1298,27724799,23553584,904806,1063402,6992724,5872849,5923051,5185883,7012104,2436880,3317441,2048807,986483,675412,401940,830598,2186250,5439753
112,000533,2017-11-10,0.0010131712259373593,-0.012158054711246091,0.43940499977416125,14602.5,289266.3403665801,504,29292083,6468488,336833,677406,1699753,2426630,2756827,1964576,2354414,686486,928000,207060,1317563,0,3782270,0,16116423,506330
113,000534,2017-11-10,0.0417522245037647,0.022587268993839782,0.7113538415121402,22290.0,69432.12160146712,421,8253340,10178174,189069,288548,2179919,2193729,1838302,2327268,1195828,2402120,1498188,1669989,933014,325600,419020,448200,0,522720
114,000536,2017-11-10,-0.005514705882353033,-0.007352941176470562,0.17915919889515913,5934.5,83883.27804235727,922,18571003,9323888,1294827,476054,2872532,2460814,2266993,2346308,2367405,1873732,2406992,1054580,964205,0,884563,432000,5513486,680400
115,000537,2017-11-10,0.014285714285714235,0.011428571428571344,0.3921669719481315,21045.0,143700.50244968664,1275,32579267,38716002,838102,978055,6022318,5751037,5396470,5819748,7562533,5660313,4131650,2908735,1953791,2485823,1817400,2299046,4857003,12813245
116,000538,2017-11-10,-0.005789422039054082,-0.007751937984496027,1.8593246992233292,71197.0,320787.78398438444,3005,232116921,269808248,0,0,9182180,12144844,20298995,22097126,35349593,42192823,29200243,29511835,21054081,25075276,13941929,14905118,103089900,123881226
117,000539,2017-11-10,-0.00387596899224818,-0.005813953488372103,0.20148073341282657,3591.0,30174.019591706907,656,4814095,2830434,417518,920292,1271130,1364667,926055,307443,871618,238032,1010740,0,317034,0,0,0,0,0
118,000541,2017-11-10,0.008611410118406937,0.0043057050592034685,0.23791694204945316,12012.0,100152.95128993303,1525,32949827,33759589,1463884,1011741,6614927,5962802,6615984,6459180,5325484,6210238,3487381,4259126,1386799,2582949,3095981,2143070,4959387,5130483
119,000543,2017-11-10,-0.0073260073260073,-0.009157509157509125,0.17906396083412046,8664.0,128305.48277310788,930,22826648,8794266,882999,485205,4909907,1791098,2028080,1581610,6889189,1020823,1852288,405539,316528,350294,404127,449697,5543530,2710000
120,000544,2017-11-10,0.0017523364485980686,0.002336448598130758,0.635877910940113,17080.0,49801.208082274985,724,13024195,11862189,346443,860663,3050849,4220864,3048208,3007179,4585253,2829597,1280714,265650,712728,678236,0,0,0,0
121,000545,2017-11-10,-0.005484460694698212,-0.007312614259597838,0.16011141261946085,5440.0,78687.4192649992,1168,21666540,9723962,867863,1167144,3615169,2935393,2067780,2451014,3903287,1780038,3062636,992393,1598506,397980,874488,0,5676811,0
122,000546,2017-11-10,0.026925148088314588,0.019924609585352693,0.5036064294366149,19090.0,273828.0766436758,1360,28627439,61646221,1240771,1118138,5850041,6090407,6223518,6057086,7571055,7576066,2462823,7113397,3724027,3369295,913004,8580193,642200,21741639
123,000548,2017-11-10,-0.002773925104022079,0.001386962552011095,0.314139226411222,10101.0,36373.093741204786,526,7308890,4256651,525236,503859,2605098,1868479,2199385,1003860,1258346,400596,0,479857,720825,0,0,0,0,0
124,000550,2017-11-10,-0.020218579234972722,-0.01857923497267755,0.5127821109928958,17970.0,101128.58361721165,1273,37035622,21406833,933631,1290667,5695819,6026166,7113495,4736800,6085954,4439111,2400547,1169675,1783667,360000,1794886,1363182,11227623,2021232
125,000551,2017-11-10,0.006825938566553003,0.006825938566553003,0.4042474764865734,15087.0,104745.56447093474,472,11384580,7241619,347767,627426,1759667,2796188,2295985,1322663,1840079,1746474,1245774,748868,348876,0,856272,0,2690160,0
126,000552,2017-11-10,-0.007978723404255317,-0.010638297872340274,0.08267001474352804,1860.0,47958.431725695955,2078,19239740,11390093,1879366,1080780,6507945,3007712,4427981,1170880,3554871,2520138,1193094,792068,1124070,378632,0,465131,552413,1974752
127,000553,2017-11-10,0.013880506940253445,0.022933011466505615,0.3658882547026892,30195.0,151350.64766438474,2052,63961248,84601084,1260645,933292,10222779,9098035,12556010,13459414,16126415,17810155,5527985,10506870,3424280,4786182,1381136,3513053,13461998,24494083
128,000554,2017-11-10,-0.021953896816684915,-0.016465422612513603,0.22460769937411076,16263.0,114932.2187612251,1646,50467702,29674234,1285619,2043899,7768292,7374926,6019684,5866107,9972261,4975688,7469757,2707354,2870425,2410384,4496385,870974,10585279,3424902
129,000557,2017-11-10,-0.009293680297397744,-0.009293680297397744,0.2053592727816055,8560.0,54243.65712189392,686,11617994,5850916,791552,480101,2649427,2345392,2228344,879448,2480928,1482213,936868,0,1058852,663762,859931,0,612092,0
130,000558,2017-11-10,-0.01317957166392092,-0.009884678747940745,0.19146920722511226,10166.0,91690.71492877002,1005,21090372,8311688,695662,1236025,4792822,3487744,3144875,2104816,3527710,1282637,751614,200466,1678376,0,426215,0,6073098,0
131,000559,2017-11-10,0.0076857386848847575,-0.000853970964987294,0.23930152541569033,32690.0,197990.2932170556,2396,110761840,89825310,1238872,1171643,10856533,12282854,14785117,15033237,21425353,19046388,11654092,11363651,8446115,5397487,4907813,4000708,37447945,21529342
132,000560,2017-11-10,-0.003780718336483968,0.000945179584120881,0.220918725487366,24311.0,115008.0011437906,2297,69605418,59288434,1133516,1277254,11187934,11868019,14317678,12203574,15909656,13541075,8287561,5862273,5371383,3488018,2663046,4072392,10734644,6975829
133,000561,2017-11-10,0.0032223415682062218,0.0,0.33913841364384967,9300.0,52998.18753144974,753,9631280,8890920,986844,961917,2455672,2700344,2174361,2377321,935128,1523719,1213425,411048,0,361361,1342531,0,523319,555210
134,000563,2017-11-10,0.0,-0.001953125,0.13029532566604196,5100.0,100663.6904543537,1547,30200241,23038664,1159925,1396598,5026868,3704019,3890232,4050424,4445533,4825190,2954290,1934257,1338992,1409797,1262768,464192,10121633,5254187
135,000564,2017-11-10,-0.001814882032667886,-0.001814882032667886,0.17876994300154495,8235.0,120526.62762239395,950,18297359,13978943,752918,836970,3838080,2733864,2303230,2583346,3497260,3051063,1774478,1224807,1045978,370575,1795415,429318,3290000,2749000
136,000565,2017-11-10,-0.0012004801920768582,-0.0012004801920768582,0.28824245225854356,8360.0,49686.760926987474,835,11993874,8796340,936654,767867,3788224,2681039,3066470,2154148,1615614,1051228,1432995,465591,702235,370077,451682,1306390,0,0
137,000566,2017-11-10,0.006083650190114032,-0.0038022813688213253,0.3835335697101533,16899.0,102611.16446906919,1175,42623702,20519677,922014,922429,5195356,4798781,5118191,3997238,9080359,5044497,7494168,1928132,8068196,1008724,2202951,486550,4542467,2333326
138,000567,2017-11-10,0.026153846153846194,0.026923076923076827,0.6743243823336748,20712.0,154056.84825325984,1487,39261279,47484400,942050,946625,8139437,5494182,8655012,4989858,7449693,7169012,5889643,8887756,699546,2087546,2283225,3129409,5202673,14780012
139,000568,2017-11-10,0.02714457108578272,0.030143971205758735,1.1577263135143627,100912.5,479519.6361942251,3320,344316795,453434682,529325,953320,10102427,10539575,17812227,22349639,34327560,47263422,29476863,35218512,41674860,39514761,30896594,32942215,179496939,264653238
140,000570,2017-11-10,-0.00917431192660545,-0.00917431192660545,0.35320926757886906,9742.5,75507.03255526001,342,7985210,3893804,257113,347529,1329047,1090704,1032339,1214474,2545407,364480,1258154,221309,787950,0,0,0,775200,655308
141,000571,2017-11-10,0.004518072289156683,0.003012048192771122,0.20207105919196583,3340.0,38969.608794881715,1080,9429586,8918470,890101,763889,2592425,1841838,2435582,2778144,2131257,2098052,974685,753639,0,682908,405536,0,0,0
142,000572,2017-11-10,-0.0037523452157599557,0.0,0.11537874408032582,25333.0,279068.55528308114,2140,105796431,99197930,1369198,1152819,9451281,8449292,11293338,8277502,19422457,13414209,10438724,10080576,9622167,4424642,8028288,5222389,36170978,48176501
143,000573,2017-11-10,-0.00917431192660545,-0.00917431192660545,0.21949936520950106,5410.0,62760.360853379614,616,10591982,4239165,1068241,378580,2672098,1405562,1892035,1109731,1686653,520808,724479,490146,1067054,334338,401422,0,1080000,0
144,000576,2017-11-10,-0.005531653349723387,-0.008604794099569824,0.712907588961857,25936.0,34962.724538240596,520,13532295,2534099,704064,283017,7203926,1089407,4027088,571731,714215,328963,221000,260981,662002,0,0,0,0,0
145,000581,2017-11-10,0.04858299595141702,0.04615384615384621,0.45724597305734505,63200.0,456034.3627459562,2919,232905889,330811859,1141563,857138,11200643,11906674,15980853,15648625,29595658,30500574,30068703,28842986,15991707,25699113,13363688,17981912,115563074,199374837
146,000582,2017-11-10,-0.01285714285714279,0.009285714285714342,0.26488128552903756,39046.0,205911.17191627805,2798,130307912,139192282,1252995,1405630,12947006,13117238,17060811,18392037,25313839,25544605,17956744,13939006,10575502,13836835,10507048,11658790,34693967,41298141
147,000584,2017-11-10,0.012459016393442601,0.006557377049180246,0.38923611415409687,33627.0,209325.31706156032,1536,71318927,69667110,356353,630266,12818561,6397230,11329470,7510602,13519926,8426517,8011657,6344415,5396133,6513049,2754346,4102847,17132481,29742184
148,000587,2017-11-10,0.0060422960725075026,-0.010574018126888296,0.15315385582350294,6550.0,144285.0718865516,1871,43955148,31563213,1726030,1732865,6607839,4729348,6093897,3604845,10833739,6280631,5034587,2654732,2376694,2050931,1403257,2186395,9879105,8323466
149,000589,2017-11-10,-0.0019723865877713243,-0.0039447731755425375,0.2774926123298518,9072.0,29734.86890204909,333,4545095,1703289,355593,205769,1568267,850169,1431706,647351,982984,0,206545,0,0,0,0,0,0,0
150,000590,2017-11-10,0.023160762942779245,0.023841961852860916,0.6740214282217425,13482.0,104230.89862152841,474,7204316,10049671,452455,318907,2423800,1607406,2111404,1276122,890100,1032275,430882,449036,317790,761705,0,437627,577885,4166593
151,000591,2017-11-10,0.05946791862284817,0.07668231611893583,0.12152013225601918,40931.0,358989.7303303941,2777,156046186,248533127,1296758,1468884,9104425,11460080,12732079,15916387,23578024,31017981,22218542,21921241,11242900,17395705,8925704,13273996,66947754,136078853
152,000593,2017-11-10,-0.006861063464837058,-0.0008576329331045907,0.5671064050492809,9332.0,51329.98713718884,422,5759057,4533914,279422,586053,1634044,1648515,997243,632914,1140247,754986,202710,460204,1039391,0,466000,451242,0,0
153,000595,2017-11-10,-0.0066225165562914245,-0.0033112582781458233,0.17207056387489852,11960.0,67291.9067464256,1233,21325903,13299505,1194832,958026,6355112,4602951,4197684,3473420,4508364,2842596,1150742,1042680,1720844,379832,404325,0,1794000,0
154,000596,2017-11-10,0.007681755829903825,0.007818930041152194,1.5679060077082267,29824.0,208847.7084585062,2163,93006630,97512710,1079681,1494550,9084402,12313868,10412686,13808436,16434378,18990615,11489297,12268775,7147647,7642876,3943798,5323805,33414741,25669785
155,000597,2017-11-10,-0.0031746031746030523,-0.007936507936507908,0.3251523990091629,24880.0,118302.71511799045,1502,52256193,37746370,1073386,602226,9633954,5551015,10306496,5851762,8659557,7904569,5954406,5290825,5539635,4977900,1778824,3246151,9309935,4321922
156,000598,2017-11-10,-0.0017301038062285112,-0.005190311418685201,0.15797323241172834,11520.0,123635.17040838998,1340,38153704,25554598,1187279,850080,5513772,5869255,5277924,4498704,6360695,2587353,3837674,2626132,3041051,1408394,2641531,1356893,10293778,6357787
157,000599,2017-11-10,-0.006441223832528209,-0.00805152979066015,0.2590490942765813,6170.0,67348.80843729866,574,9801916,2641963,768989,368813,2505836,1074741,1758618,555907,1684180,109386,735832,533116,0,0,423879,0,1924582,0
158,000600,2017-11-10,-0.015822784810126667,-0.011603375527426296,0.22138313575002003,15878.0,140950.6093128814,1835,59080638,35596081,1830579,1612254,9443067,7526202,8785572,6413315,7988408,7057920,5590319,4061520,4622256,2744831,4192346,1240483,16628091,4939556
159,000601,2017-11-10,-0.004854368932038944,-0.00728155339805836,0.30822180242072633,15160.0,68879.07756498517,714,16277349,12581037,738657,431872,4230041,2410236,3037808,1674040,3776814,3255184,1445771,2868430,1295356,1038475,1752902,902800,0,0
160,000603,2017-11-10,-0.0031250000000000444,0.0007812499999999556,0.5366917414861059,12850.0,54781.58207554013,568,12128988,7561754,329128,510685,2744208,2486379,2880426,1726498,3793018,1172742,2003450,473596,378758,767558,0,424296,0,0
161,000605,2017-11-10,0.005364327223960519,-0.004917299955297216,0.6538405208404914,13397.0,89152.26511692273,1170,28008195,16472121,786238,1040423,6214433,5530624,4288153,3189403,6783192,3343298,2559104,958013,311220,1033828,1912653,0,5153202,1376532
162,000606,2017-11-10,-0.010604453870625585,-0.01166489925768821,0.30263678739509414,13117.0,93990.09540191841,971,23547656,13875947,878300,1057487,4777552,3865988,3561950,2793475,3299043,3074683,3221013,1490421,1475113,665878,942000,928015,5392685,0
163,000607,2017-11-10,0.0013774104683195176,0.0013774104683195176,0.29094293838386304,6543.0,45690.92128126258,622,6935826,5570295,576266,629915,1988083,2048731,825467,994890,1577600,866817,753626,664942,742884,365000,471900,0,0,0
164,000609,2017-11-10,-0.017515923566879033,-0.008757961783439572,0.5729299297707211,12545.0,156540.94469950887,480,12572967,6922976,418709,370602,3032776,1722078,1624506,859806,1906365,812728,1146466,1287934,373500,728325,438960,0,3631685,1141503
165,000610,2017-11-10,0.008888888888888724,0.007407407407407307,0.7711890394029726,25840.0,56762.47891946082,306,4979518,7725850,252884,105558,1018269,2239416,1306433,1943662,812710,3092709,548928,0,629154,344505,411140,0,0,0
166,000611,2017-11-10,0.03604806408544725,0.028037383177569986,0.26695102625222866,12954.0,61542.43387142576,787,9762012,16813580,441430,997454,2928225,3937569,3536427,3278727,2048341,4118847,464740,1164400,342849,1023618,0,929008,0,1363957
167,000612,2017-11-10,-0.02020202020202022,-0.02846648301193755,0.23608825205226486,24253.0,104998.35693401865,2132,67733131,46621782,1357263,915775,13131267,7404277,14683132,5962624,14428359,19494413,6950477,4578489,4411342,1705443,2133134,978383,10638157,5582378
168,000613,2017-11-10,0.03981797497155881,0.03981797497155881,0.38672021201958406,33411.0,211220.0528730177,516,27303395,20944577,473244,144993,3375539,1204973,3340574,3027833,2957036,4008143,1639351,3899396,2601519,1042150,2338141,1385759,10577991,6231330
169,000615,2017-11-10,0.00591715976331364,0.01014370245139462,0.24337229324239545,23900.0,102532.29701860137,2364,71098815,62326711,1329159,1451168,13274054,11402163,13504800,11702036,15538519,16913912,8770679,7808854,4486919,4193690,3095435,2162196,11099250,6692692
170,000616,2017-11-10,-0.004694835680751019,-0.004694835680751019,0.17038044883143136,6345.0,128989.70799013467,625,15083694,8396834,585502,504622,2174347,2404096,1372460,1325295,1156186,977964,1274787,977630,1393251,326742,1330225,846000,5796936,1034485
171,000617,2017-11-10,-0.003225806451612967,0.0,0.5976313428053659,7785.0,62653.438839606446,672,12378297,7492826,773189,601045,2663980,2153613,2349792,1303994,2600640,1262212,1381927,470160,1987969,1057362,0,0,620800,644440
172,000619,2017-11-10,-0.006849315068493178,-0.0057077625570775,0.42151335243331767,11309.0,62525.464444310186,431,9246823,5098409,520533,325144,2147688,1507720,2141001,1038319,1427469,1150477,685573,707021,1724642,369728,0,0,599917,0
173,000620,2017-11-10,-0.0030864197530865445,-0.00462962962962965,0.2934104284295884,3245.0,40806.244357762174,487,5520682,2043603,555767,347775,1661062,1035790,1022240,406998,795172,253040,297528,0,608413,0,0,0,580500,0
174,000622,2017-11-10,-0.001697792869269965,0.0,0.3303896046302826,8805.0,50525.84390419706,317,5042280,3307416,229463,293660,1408918,1212369,1348907,599309,882392,992394,282720,209684,308880,0,0,0,581000,0
175,000623,2017-11-10,0.02694736842105261,0.010526315789473717,0.4581326593776472,50454.5,259924.21070120178,2688,188609626,167315758,1106645,907155,11226278,12470020,15221341,14931349,26549551,29886119,22532335,19899954,23960211,18427944,14350524,16404198,73662741,54389019
176,000625,2017-11-10,-0.011045655375552355,-0.009572901325478722,0.27418574911965876,34918.0,325070.75137582095,2454,132711167,70140805,985301,1399147,19332391,11629482,16590164,11590081,17079690,14927578,10404378,6172073,5729759,4569215,4081856,4115120,58507628,15738109
177,000626,2017-11-10,-0.009966777408637939,-0.003986710963455153,0.508650314780725,13446.0,93982.35991273787,875,19174777,10903266,893329,775795,4765925,2952506,3143414,2941551,2680464,2337006,1544750,201420,0,1694988,451440,0,5695455,0
178,000627,2017-11-10,0.03893442622950838,0.029713114754098546,0.17266218527694294,63591.5,344972.9313797743,3200,194814085,293733796,1054601,1050486,11806580,11961491,18848414,25061892,32157109,39801851,26740692,29516813,22775154,29696662,16275150,22994036,65156385,133650565
179,000628,2017-11-10,0.02310231023102327,0.020902090209020896,0.3324569087113139,10120.0,68917.61007041343,747,8965758,12461073,916070,692635,3407129,3392027,2289081,2472231,1490293,2112809,546055,1073402,317130,398970,0,931499,0,1387500
180,000630,2017-11-10,-0.007017543859649145,-0.0035087719298246833,0.060705492114272876,7952.0,159495.51553507394,2231,59801829,34601950,1924287,1992277,8375697,7233088,5215947,3994790,11221828,5969378,2492504,2405201,3469139,2767628,882592,1342471,26219835,8897117
181,000631,2017-11-10,0.04009433962264142,0.04009433962264142,0.10401776840883606,10224.0,157722.94694573886,1667,25768665,57117693,897667,1924559,4025214,7825275,3270176,5245506,4869298,8330283,4081201,15982448,2066682,2046011,863174,3030873,5695253,12732738
182,000632,2017-11-10,-0.007299270072992692,-0.020437956204379493,0.3397710153353228,11118.0,141687.23574704054,406,15371549,6776848,290488,421030,1103940,1870849,1355062,843575,2375384,1900225,695950,1023549,1729663,0,1373484,0,6447578,717620
183,000633,2017-11-10,-0.011156186612576002,-0.0020283975659228792,0.2907914295520849,12609.0,67629.51517583555,1150,20844712,18599513,1308425,1173506,5361965,5185295,4602392,3520163,3746258,3157259,1818891,1902312,2378489,348255,934092,902471,694200,2410252
184,000635,2017-11-10,0.026878436163713992,0.0036652412950517466,0.5994607843859145,14706.0,59273.85129233316,745,10772705,14020197,746362,843596,3446345,3401125,2124688,1451950,2614935,4878906,1101105,1350481,739270,1364203,0,0,0,729936
185,000636,2017-11-10,0.04452690166975892,0.04916512059369205,0.1918580474836048,72656.5,718457.8003170312,3170,333825704,453740670,916559,1082508,11293464,9669955,15174553,14570814,42741091,35386014,27857524,29804628,23132893,23434467,17862506,20849118,194847114,318943166
186,000637,2017-11-10,-0.0047244094488188,-0.006299212598425252,0.26239540298049474,5056.0,40840.018588425555,585,7751939,3945787,618534,353841,2347310,1719389,1527450,504789,1584364,707334,680565,660434,993716,0,0,0,0,0
187,000639,2017-11-10,0.006240249609984483,0.005200208008320217,0.577291188698547,3870.0,118189.1257931335,1110,19397292,12223334,1415583,687029,5020538,3507598,2038487,2138869,2415229,1056960,1385929,450970,1428290,0,1260207,0,4433029,4381908
188,000650,2017-11-10,0.001700680272108901,-0.00170068027210879,0.20259825719728164,5880.0,43413.67018556728,842,10242411,5978723,924678,538036,4165302,1533351,2277276,1209179,1251561,593045,765984,1243884,0,0,857610,861228,0,0
189,000651,2017-11-10,0.044602012808783176,0.028133577310155644,0.7302228889160303,372006.0,1481794.8356939133,3585,1295555711,1287474414,57982,57759,3346028,2070939,13240762,9537130,49297546,34710229,55226743,42847906,62462693,48923162,56060440,52669277,1055863517,1096658012
190,000652,2017-11-10,0.0019342359767891004,0.003868471953578423,0.17419484159047605,9823.0,59442.66676711297,881,13818701,10396112,887992,551224,3767030,3209361,2612714,1590284,3242648,1710708,1815106,930625,388731,311400,0,421720,1104480,1670790
191,000655,2017-11-10,-0.014230271668822847,-0.011642949547218673,0.2646065259839406,11460.0,53227.579083406876,853,16861607,8996728,1041812,956065,3975384,3271184,3023112,2358912,4092959,2040300,2334697,0,1795566,370267,0,0,598077,0
192,000656,2017-11-10,-0.010570824524313016,-0.010570824524313016,0.14507780851685934,6097.0,194682.25528895203,1064,28980172,9758737,1450332,738358,4626973,2666173,2749243,1256839,2637856,774769,2879068,951900,1034470,695448,2315599,1378990,11286631,1296260
193,000657,2017-11-10,-0.011756061719324085,-0.009551800146950673,0.47027166549164773,13420.0,67909.90226451983,837,18514036,11358349,776606,649887,4167007,3575944,3492240,1992283,3936528,2544662,2423350,933745,1064344,779825,859100,882003,1794861,0
194,000659,2017-11-10,0.002557544757033181,-0.002557544757033292,0.1602846049359665,10920.0,72347.76556176278,595,14930563,6048632,544908,308856,3503677,1705931,2595618,1147256,2775775,870118,1872690,1004041,1911330,1012430,880265,0,846300,0
195,000661,2017-11-10,0.0449666704327194,0.017681617896282864,4.228384459880818,53184.0,370843.90150695475,1754,135785944,134536454,0,13641,8839648,10259936,13099924,12334745,13049772,17256325,8129987,6789342,6500006,12394567,4053482,8561513,82113125,66926385
196,000662,2017-11-10,0.007312614259597838,0.004265691651432091,0.5989286874263265,16390.0,74334.08777145727,750,13391991,17736176,717880,587237,3103958,3819149,3018594,4057469,3815403,4464635,557468,1898584,319800,675256,489899,400980,1368989,1832866
197,000663,2017-11-10,0.022142429682824538,0.016157989228007263,0.683974567970328,16615.0,96054.6726504993,596,12571385,10788197,554647,477170,2521406,2848569,2153806,2831939,1377239,2796517,704155,201229,1354270,1127273,0,0,3905862,505500
198,000665,2017-11-10,-0.005357142857142727,-0.006249999999999867,0.46919253481314044,15666.0,94302.36369778235,569,18885788,8624464,496067,273767,2448767,1883810,6120971,1763883,2283450,2621551,1611200,1218118,991876,377440,1386914,485895,3546543,0
199,000666,2017-11-10,0.0037682524729156786,0.0018841262364577283,0.5107132851164391,12750.0,124958.04455935559,1728,40053977,41672010,1681205,1062792,6804698,8245880,5339522,6526598,6173918,5394159,4792783,4181300,3019968,2733526,2215985,2603070,10025898,10924685
200,000667,2017-11-10,-0.006230529595015577,-0.0031152647975076775,0.11221556017447257,3349.0,40630.344538844576,820,7278383,5978966,855571,644512,2296267,2326001,1637709,1319353,773813,1169420,484640,0,313896,0,916487,0,0,519680
201,000668,2017-11-10,0.0037014188772361845,0.002467612584824197,0.9297318656023196,16180.0,52094.924592035946,303,4453476,5488513,209514,363745,979747,1822349,898845,982423,1238491,1356505,502059,963491,624820,0,0,0,0,0
202,000669,2017-11-10,0.0013218770654328527,-0.0006609385327165374,0.6151929909565778,12072.0,73484.91557615396,604,10377163,6703253,651926,377114,3117719,2087861,1813142,1598578,2309060,864648,206596,258552,611848,303200,420732,454800,1246140,758500
203,000670,2017-11-10,0.014265335235378096,0.019971469329529423,0.12304989772446781,47751.0,198876.63142633284,3256,156456399,179123190,1181627,1468425,14802767,13801162,19750882,23840132,36730999,40026922,19163964,25681880,18686407,18194057,11690514,10735167,34449239,45375445
204,000671,2017-11-10,-0.03159557661927337,-0.020537124802527673,0.13010644463107257,14237.0,173228.03923112832,2373,102592466,46869035,1698273,1847012,10394233,9184573,8177306,10551478,10928349,10667533,10095595,3553134,10770718,3375523,6497906,2182784,44030086,5506998
205,000672,2017-11-10,-0.014000000000000012,-0.010999999999999899,0.2142832396147342,14940.0,83325.26346292318,2179,50821778,35552387,1591587,2622669,10230172,10821063,8803796,7755851,11327129,7196659,5425389,2907683,3038910,1034671,3153315,1906093,7251480,1307698
206,000673,2017-11-10,0.011945392491467421,0.0,0.4750243788393284,17430.0,125248.00904801689,608,16024548,12328708,595271,375234,3014249,2986270,2162639,2544544,2585773,2310430,1225425,1142928,642600,1083417,465200,419934,5333391,1465951
207,000676,2017-11-10,-0.007397444519166019,-0.01815736381977129,0.3493306395192909,17568.0,127994.69982013608,1813,57988639,40808633,1418528,1000392,8302218,7376126,8662865,8267054,12285540,6935924,7183323,2643142,4821885,3701232,1818036,2233692,13496244,8651071
208,000677,2017-11-10,-0.0044543429844099425,-0.00222717149220486,0.26841672438557684,6735.0,38639.6448425461,279,3509372,2065164,360755,280875,1224093,833369,310103,238088,1093629,501940,520792,210892,0,0,0,0,0,0
209,000678,2017-11-10,-0.009864364981504337,-0.009864364981504337,0.39117715739255826,8833.0,29010.054602217606,429,5258035,2633230,540297,389510,1930332,1342325,1456698,576510,1050810,324885,279898,0,0,0,0,0,0,0
210,000679,2017-11-10,0.0,0.0,0.4081165928881145,8260.0,37825.47671892645,407,5022927,3905545,437535,600364,1515914,1312441,1169411,1221990,884760,770750,686107,0,329200,0,0,0,0,0
211,000680,2017-11-10,0.005586592178770999,0.007448789571694592,0.1575848057515677,11382.0,112730.02934816491,1162,26527038,27164196,914191,805849,4795786,3888331,3966448,4494544,5076108,4501498,2739631,3885970,1103938,2042824,2112388,1294829,5818548,6250351
212,000681,2017-11-10,0.015243902439024515,0.009146341463414531,0.5557183310702981,21494.0,88163.73416154977,1254,23357566,38776993,1069326,906994,5839950,6746588,3543422,8025954,4320982,11727735,1985591,4873786,1016526,2093284,1300679,1409368,4281090,2993284
213,000682,2017-11-10,0.015841584158415856,0.017821782178217838,0.16252997977184383,5070.0,73674.45651321353,966,7170726,14404466,879445,1065270,2441098,2367532,1692853,1682436,1216787,2726799,207163,758909,733380,1352307,0,420553,0,4030660
214,000683,2017-11-10,-0.006644518272425071,-0.006644518272425071,0.08444715945315868,8970.0,106033.15355610076,1277,29011585,18194349,1245674,942165,5026268,3531206,5013507,3268454,5323902,4854086,2739754,818498,2155405,973112,1780550,418500,5726525,3388328
215,000685,2017-11-10,0.0,-0.0018744142455482393,0.32104923409658587,3198.0,56256.538462599485,1104,15329062,9709546,1042300,633493,2867168,3559917,2847250,1515172,3818749,1943503,1145662,990837,1318603,656896,914380,409728,1374950,0
216,000686,2017-11-10,0.004094165813715467,0.005117707267144445,0.23246498530800053,25246.0,181914.176859115,1767,70798968,61687788,1160455,1181307,11451917,7026684,9337471,6753542,11275667,11025733,9044095,5675368,4541577,5575366,3958885,4972850,20028901,19476938
217,000687,2017-11-10,-0.006807866868381196,-0.005295007564296572,0.386901344568517,13180.0,141390.28230981354,1167,32620574,15981924,977244,885739,5896428,4476266,4441039,3523283,6780459,3459935,3538916,468090,2463943,305776,1761425,1787907,6761120,1074928
218,000690,2017-11-10,-0.0012531328320802837,-0.007518796992481258,0.23581988745003393,15880.0,150412.49445177946,1145,47958895,28000471,1158564,811599,5349660,2892460,5404341,4246727,8348524,4571282,3867671,4043978,6229620,3175730,1346773,2708415,16253742,5550280
219,000691,2017-11-10,0.016528925619834656,0.017906336088154173,0.4164990899169714,13230.0,45697.611826724984,303,3445634,5369314,292121,272827,1246681,1327868,1211135,871642,228921,1917957,466776,979020,0,0,0,0,0,0
220,000692,2017-11-10,-0.00972447325769843,-0.00648298217179899,0.4051755508430799,10472.0,57250.255308669,231,5154058,1773575,200989,224034,1073727,595252,832344,604637,1002741,123213,761458,226439,1282799,0,0,0,0,0
221,000697,2017-11-10,0.015785319652722896,0.0047355958958168465,0.6476152349177162,25370.0,185219.82423879206,1531,48149353,56204818,675162,715875,7007559,7880272,8145798,8759808,8701162,10215573,7414934,6247023,4177463,4560525,913494,2177760,11113781,15647982
222,000698,2017-11-10,-0.014331210191082744,-0.01273885350318471,0.2275802194026791,4952.0,46610.73876102061,761,9039317,5117420,454666,907315,2054567,2334832,2845670,908209,804921,347527,677386,248800,669220,370737,494400,0,1038487,0
223,000700,2017-11-10,0.0,0.0015748031496063408,0.26487104979629167,12027.0,46113.49898772712,574,10290602,5648597,556065,424906,2899915,2163659,2568832,1121891,3025397,731271,421291,1206870,316500,0,0,0,502602,0
224,000701,2017-11-10,-0.000843170320404707,-0.003372681281618828,0.33725969672788475,4720.0,45768.83874363482,1237,12864188,7739255,1069754,1106954,4074017,3235635,1793694,1777541,2900765,1237053,1264016,0,658182,382072,0,0,1103760,0
225,000702,2017-11-10,0.012091898428053138,0.00846432889963733,0.31605229073219804,9118.0,92129.70521730372,684,12936782,9977907,1339803,375381,3185096,1695277,2267531,1186819,1666530,2736868,751588,2426779,0,0,494400,411502,3231834,1145281
226,000703,2017-11-10,0.00846905537459297,0.009771986970684043,0.38887701580532635,6124.0,52028.21123769904,1559,17638438,18904553,1076076,2149816,3583604,5713151,3232710,5848504,4017864,2916561,1674705,642056,1262522,0,2171412,466550,619545,1167915
227,000705,2017-11-10,-0.0051229508196720674,-0.0030737704918032405,0.36034154989688977,4850.0,44295.99835989964,733,7844227,4475581,1387912,392182,2289929,1425890,1666373,961346,1250474,995176,409044,700987,0,0,0,0,840495,0
228,000707,2017-11-10,0.006240249609984483,0.0015600624024960652,0.29324038140194697,3846.0,51520.75485844239,477,7503920,3132909,607686,153094,1304714,1155999,1212482,1057605,1183799,507811,1779919,258400,990241,0,425079,0,0,0
229,000708,2017-11-10,-0.007377049180327888,-0.004918032786885185,0.4118450715072537,6075.0,45897.78130090259,877,10054919,9205634,658930,782008,1942388,3774160,2279792,1302221,2801033,2407946,999112,939299,308864,0,484000,0,580800,0
230,000709,2017-11-10,-0.0071428571428572285,-0.0071428571428572285,0.08040222888462402,20875.0,333513.9502405223,2746,138578499,111754115,1847114,1974986,12659837,12238601,12944497,9876642,16388684,13466900,17538521,9623590,7825490,4934806,7424799,6633639,61949557,53004951
231,000710,2017-11-10,-0.004068584713745826,-0.0046498111014239285,1.3621388140905004,54624.0,255800.0768426067,2558,174325797,145092891,907462,1131118,10720211,12145430,14073412,14598957,27632016,25166139,25105545,21056463,15649976,17016883,13815130,11086440,66422045,42891461
232,000711,2017-11-10,-0.02903225806451626,-0.024193548387096864,0.34171285760226355,15730.0,111947.09399384017,1317,36756476,26879909,727190,1342846,4840189,7318920,4443275,5623764,7300251,5180512,3875480,2564095,4580059,1339483,2755296,1718030,8234736,1792259
233,000712,2017-11-10,-0.003555104113763363,0.002031488065007636,0.5045768878649913,27468.0,146234.63346221982,1523,59987958,53112481,1034327,1200441,6810214,7467275,7332535,8309806,9960526,8463924,9770182,9706361,7593110,5246778,6588759,1830663,10898305,10887233
234,000713,2017-11-10,0.013071895424836555,-0.0091503267973857,0.40106922489509295,10612.0,38316.652175325,363,5189274,2809344,353224,292889,1926558,1261325,1163650,609995,870564,422339,514753,222796,360525,0,0,0,0,0
235,000715,2017-11-10,-0.0019249278152070337,-0.0009624639076034613,0.5864589374132444,7245.0,36511.45864760253,313,3118367,1958568,328784,383079,1402375,565177,1022437,285029,364771,0,0,217161,0,0,0,0,0,508122
236,000717,2017-11-10,-0.008206330597889666,-0.014067995310668158,0.15445511722878147,42350.0,207613.25662114023,3057,189543286,132097920,1486220,1299165,14284788,13200949,21913568,17656116,34579821,24935023,25930628,14765964,18770348,15067938,12814840,10210637,59763073,34962128
237,000718,2017-11-10,0.0,-0.007722007722007707,0.16584029306843837,5150.0,86514.02598012259,976,13909055,10222780,865373,907968,2686856,2275713,2492959,1337473,3192957,890982,1364901,1708644,1030640,636228,872191,0,1403178,2465772
238,000719,2017-11-10,0.018999999999999906,0.018000000000000016,0.3030050176767897,7133.0,215120.5617974452,1090,16154232,25538039,915486,1262639,3446935,3240834,2967613,1652465,5031436,2756179,1418717,725000,656310,0,0,0,1717735,15900922
239,000720,2017-11-10,-0.002049180327868827,-0.014344262295082011,0.18711696689319215,8739.0,84613.41947200707,680,15813222,7452853,646797,793719,2498215,2305519,2456150,1299914,1623774,1014110,1623886,1365926,1645832,673665,1347340,0,3971228,0
240,000721,2017-11-10,-0.005952380952380931,-0.004464285714285587,0.29006239618705776,10005.0,44499.935149665725,536,7747554,3391449,593676,409467,2926501,1693861,1278632,1081709,1072382,206412,790803,0,0,0,424908,0,660652,0
241,000722,2017-11-10,-0.016666666666666607,-0.012280701754386003,0.5612163089262865,11230.0,83850.39169881484,412,4626329,6040362,300351,466055,1560728,1795459,1087779,1279424,1469346,663294,208125,0,0,0,0,0,0,1836130
242,000723,2017-11-10,-0.028184892897407,-0.01465614430665152,0.18999192093253617,31487.0,594997.3399726127,2193,210701631,186283777,664788,2053250,7192077,11453379,10222333,10671975,14114835,18411129,9472114,14462682,9396146,9239481,7983991,4487606,151655347,115504275
243,000725,2017-11-10,0.0,0.004615384615384688,0.10848108589659128,963087.0,3363266.8437485322,3602,3369154031,4038798253,0,0,212159,207270,1552897,2225157,13077641,13401471,31816927,31493361,42151107,45816908,57240642,62707219,3223102658,3882946867
244,000726,2017-11-10,-0.007130124777183555,-0.007130124777183555,0.327127096118114,11160.0,141438.09372006587,1176,31418785,18156781,1209446,774640,7303850,3972239,3505102,3925317,2788883,3407727,2585833,1796545,666687,0,2322947,435574,11036037,3844739
245,000727,2017-11-10,-0.007092198581560294,-0.007092198581560294,0.07282250772762451,5600.0,156702.89847463372,1509,42712237,20519484,1637512,944174,5273632,3574525,5042674,2635707,5406667,2989872,4443093,2954151,1367173,356160,826840,1886357,18714646,5178538
246,000728,2017-11-10,0.0,0.0,0.2601836362342986,35672.0,232196.17673626464,2471,138646079,117424602,1148000,1324348,10682823,12671536,14499584,13515486,21036753,18312333,15507304,15880940,10939263,10441386,12076166,8084774,52756186,37193799
247,000729,2017-11-10,0.001615508885298933,0.0,0.1817640306193491,4944.0,67650.98096086632,1160,16459403,10594415,1290704,1264326,2793078,2360503,2244426,1879259,2357526,2174833,2050525,991674,1990704,0,1743104,433300,1989336,1490520
248,000731,2017-11-10,-0.015306122448979553,-0.008928571428571508,0.23363465820932894,5439.0,86128.61928766458,1126,19914234,12069955,995468,767702,4148358,3115968,3058366,2430018,2011011,2165079,1661878,2150743,1119792,685997,2223219,0,4696142,754448
249,000732,2017-11-10,-0.005790387955992959,-0.0028951939779965352,0.4728048898858641,5179.5,69453.66268157082,1334,20015126,15061168,1308937,1419969,4046430,4327010,3568911,3348100,3189768,2678920,2117729,673595,1050731,687733,1399866,1399827,3332754,526014
250,000733,2017-11-10,0.010191082802547768,0.01719745222929947,0.4371005541949076,20579.0,110464.7176412146,1290,31037042,49623960,1097835,663918,5839082,5023887,6190069,5785180,6380742,18511949,3617274,6546538,1951402,5907513,834080,1385025,5126558,5799950
251,000735,2017-11-10,-0.0011778563015312216,0.004711425206124664,0.18568177977433858,25740.0,173789.81497122196,2094,98328771,61351396,1368645,1406083,10137575,8488575,13317949,10262867,17770443,13927582,10679518,7315698,9028913,4792846,8336080,3175885,27689648,11981860
252,000736,2017-11-10,0.02067183462532296,0.027131782945736482,0.4518009753440835,15930.0,80921.92337974487,1175,24038608,27447746,1234332,865553,6005768,4274875,4295271,4357520,6278155,4605432,3986054,3526566,1728989,4244042,0,3595929,510039,1977829
253,000737,2017-11-10,-0.008237232289950658,-0.0016474464579901982,0.20367967640267504,9015.0,49148.00939362069,888,13964627,8157483,1017205,683504,4307902,2653791,3305779,1892612,2547058,1532155,2462335,274971,324348,303500,0,0,0,816950
254,000738,2017-11-10,-0.006546644844517058,-0.006546644844517058,0.5074794885223796,14624.0,91950.71855276433,1304,34914282,16985734,1392320,1076968,7310155,4466930,5431316,4116315,6448526,3996155,2412202,1393534,3124925,1468092,1710074,467740,7084764,0
255,000739,2017-11-10,0.007072135785006983,0.0028288543140027045,0.24670168216774008,14240.0,84087.26738825654,821,16147599,11024010,808260,484151,6403962,1807533,2410417,2146372,2076990,1797130,1219693,2474426,671170,385052,423337,432240,2133770,1497106
256,000750,2017-11-10,0.0018115942028986698,0.0018115942028986698,0.14121302797676316,11080.0,126692.31411423424,1530,29759443,38471020,1048855,1231965,6232806,6483808,4725242,6047748,5715098,4810955,2489810,2156068,312432,2833874,934875,844728,8300325,14061874
257,000751,2017-11-10,-0.013257575757575801,-0.011363636363636465,0.11590343254958048,8352.0,87223.91876487074,2080,42764217,27549181,1074464,2570050,6830297,7159993,6413618,4819493,8347570,4649637,5287216,3420739,4550507,2016934,1366790,1878731,8893755,1033604
258,000752,2017-11-10,-0.006479481641468721,-0.006479481641468721,0.6913030171067386,13720.0,70277.70489393476,403,7918293,5007747,410425,385617,2036528,1533436,1499079,609973,1996916,491839,753608,921779,0,345250,0,0,1221737,719853
259,000753,2017-11-10,-0.0092592592592593,-0.0092592592592593,0.19253349975605083,5148.0,47873.11069272642,503,7057807,3544965,566731,419703,1966638,1523624,1122460,689155,1431798,262548,496052,275418,632488,374517,841640,0,0,0
260,000755,2017-11-10,-0.08408408408408419,-0.08108108108108103,0.18584515848230812,20859.0,358101.62498524034,1290,74850304,23924026,1226251,630578,6649134,4598100,7818601,5144770,11773665,5496555,5511290,3186158,4684209,2293297,2315580,1359393,34871574,1215175
261,000756,2017-11-10,-0.004953560371516952,-0.00866873065015461,0.36112960928404864,8130.0,91013.97141512629,2001,43950744,28084082,2974772,1119716,7535199,6523681,5933971,4062389,6935243,6337669,5624728,3578028,6032160,2787047,1684454,1790726,7230217,1884826
262,000758,2017-11-10,-0.007204610951008772,-0.0057636887608069065,0.17738255588835813,7590.0,120489.12600786865,1532,35951782,20810311,1395055,1360260,6542680,4342741,3910329,3168062,5830038,3061173,3431064,3271922,1367171,1720014,2157423,447127,11318022,3439012
263,000759,2017-11-10,0.05026178010471183,0.034554973821989465,0.24348959286186714,10670.0,95505.56554408747,1539,20457339,34103068,1244654,1616971,6355999,6394272,4566521,6050629,4530927,8113889,2721838,1768185,0,1688850,0,922290,1037400,7547982
264,000760,2017-11-10,-0.012690355329949221,-0.012690355329949221,0.25966461224703175,10101.0,67497.89767365894,921,19918871,10068322,511719,1349160,3082134,3780745,4406896,2069868,4610200,1267477,2752471,241255,2600581,304150,0,0,1954870,1055667
265,000761,2017-11-10,-0.003629764065335661,-0.00907441016333932,0.12858726600727272,12558.0,122204.92942866539,1843,63476285,24729593,1815138,1346599,6524896,6075734,6944690,5389922,23169681,5491647,3216142,2832572,4208290,353026,2200715,428180,15396733,2811913
266,000762,2017-11-10,0.0023474178403755097,-0.0035211267605632646,0.3727838167059402,21996.0,124234.69443768017,2090,76167787,52401096,1294666,1276909,10918214,8579922,11756817,10140822,15380316,13904432,6953770,7242586,5272874,3800458,3045113,2285924,21546017,5170043
267,000766,2017-11-10,-0.006637168141592875,-0.005162241887905594,0.5407607326877935,10824.0,86995.85738762272,628,14381162,11450947,661781,566181,2294626,2056725,1974915,1534543,3155161,2671326,2684064,803635,1008048,989961,1319934,916450,1282633,1912126
268,000767,2017-11-10,-0.003095975232198067,-0.003095975232198067,0.14343180077368534,5474.0,37298.28386670819,507,5218005,2453884,774940,677895,1778747,749455,780835,302997,426650,301376,696026,422161,322000,0,438807,0,0,0
269,000768,2017-11-10,-0.01694017998941244,-0.010058231868713685,0.42379003349199984,24531.0,237894.73908122486,1987,94226972,79118023,1498919,1329015,9868402,7534100,12636101,8806001,15281646,12613764,7969032,6708368,16431190,7592218,4043216,3533061,26498466,31001496
270,000776,2017-11-10,0.007115489874110592,0.00547345374931596,0.33764578059907485,50736.0,329842.19125756697,2929,221118046,226306497,938021,1204995,12409710,15102265,16768693,19509076,24969996,27588299,19547922,21480262,19365668,14959700,17950165,17622419,109167871,108839481
271,000777,2017-11-10,0.02596618357487923,0.0006038647342996306,0.46449491808165233,16460.0,120930.10241546492,1271,35933624,24708864,1162908,1408727,5549190,5313090,5750492,4879245,6853823,4360569,1806787,2291281,2984598,2054362,2792997,0,9032829,4401590
272,000778,2017-11-10,-0.0034188034188032956,-0.005128205128204999,0.13456648419098993,13386.0,114205.38446673792,1893,55780263,28930191,1799459,1200780,11024996,4991939,9232626,4870541,9721706,6324189,6201967,3091616,5203010,1302274,2245098,491399,10351401,6657453
273,000779,2017-11-10,0.002321532211259303,0.0005803830528148257,0.47792031125002987,17015.0,74300.7354052629,1300,27111405,19473396,1095355,1048013,6533194,5460812,6056438,4670226,6655672,3199780,1681147,1646928,713007,1318362,1326362,453675,3050230,1675600
274,000780,2017-11-10,-0.006024096385542244,-0.006024096385542244,0.2116677583639192,4940.0,49058.726119630875,553,7921588,3632913,510326,365750,2095314,1524817,1289632,764335,2036200,447641,905516,530370,0,0,493000,0,591600,0
275,000782,2017-11-10,-0.002139037433155022,0.0032085561497328108,0.37779337524623074,12606.0,45778.28424935961,612,10302470,7285138,725822,711958,3355508,2629457,2431811,1874385,2007564,1435962,705023,0,638696,633376,438046,0,0,0
276,000783,2017-11-10,0.0,0.0011086474501107446,0.204789748129828,18120.0,171603.91185385492,1941,63720163,75422488,1400001,1947100,6955152,10011480,7518815,9577772,11086007,14112524,4286677,5936377,3104902,3111444,6565194,7239959,22803415,23485832
277,000785,2017-11-10,-0.00469924812030087,-0.007518796992481258,0.5950712598886593,11593.0,73081.45368622731,319,7008034,4071838,247305,197522,1088752,1634614,963787,696144,1172525,949593,1585064,211000,698462,382965,0,0,1252139,0
278,000786,2017-11-10,0.035321100917431236,0.04036697247706411,0.37746608633129114,91120.0,421768.2161237042,3341,332492317,375683178,703046,773147,12111535,9948248,21222533,17604215,47463628,39265348,40445234,32112667,33325099,23733839,27301031,20225763,149920211,232019951
279,000788,2017-11-10,-0.0021645021645021467,-0.006493506493506551,0.38913465835366834,9230.0,68242.69179152793,563,10607741,6465644,738667,523814,2650952,1774693,2282570,1768219,1614837,1263166,751689,209993,1037979,381385,0,0,1531047,544374
280,000789,2017-11-10,0.0068728522336767295,0.0068728522336767295,0.21473358330778508,17610.0,117801.43384513388,1654,55917504,47560840,1530331,1157206,7138419,6693430,7941841,6836351,10037124,9251410,9773310,7111918,3540036,4407375,5337065,4441481,10619378,7661669
281,000791,2017-11-10,-0.01941747572815533,-0.012944983818770184,0.20361408222587463,19320.0,88551.64960985201,2074,62380237,41376674,1742020,1469175,12836990,8500327,12227192,6203342,13024417,9358078,6793412,5896780,5639131,3666064,4060425,1736178,6056650,4546730
282,000792,2017-11-10,0.016329196603527052,0.007838014369693003,0.2786082196881753,65424.5,315656.0586573052,3022,249752537,260793057,1025664,973718,12835687,10817926,21782116,16408911,34661961,37631693,26586997,27786016,18323859,25404337,14603835,16292208,119932418,125478248
283,000793,2017-11-10,0.016346153846153788,0.014423076923076872,0.31129479651588815,15832.5,265003.5389428198,1116,34431325,59556873,993444,664091,4739419,4374881,3829001,3394738,6098165,5801034,5508772,3338142,5195643,2364770,2276148,3095484,5790733,36523733
284,000795,2017-11-10,-0.012066365007541435,-0.003016591251885359,0.16252449118183232,11495.5,107440.91743571682,1666,33176297,25729509,1573768,1741051,7677619,6780115,5517030,4163953,5891763,4183678,741626,1429418,1785033,1815875,976947,406468,9012511,5208951
285,000796,2017-11-10,0.0034246575342467,0.005479452054794498,0.3604603632514394,17448.0,72550.55344663124,1641,36596153,30259439,1005444,1252441,10217842,7477115,8165110,5759729,7632912,6565548,4686238,4655969,1031606,1011140,438000,0,3419001,3537497
286,000797,2017-11-10,0.038922155688622784,0.04341317365269459,0.28796776550601544,39975.0,286666.7579100345,2154,90156442,157783959,957378,1088548,8646294,9709243,10900721,11799351,18275649,25151508,12933373,12961544,8287414,10131163,7072417,10030486,23083196,76912116
287,000798,2017-11-10,-0.003325942350332567,-0.003325942350332567,0.48016479605722406,8082.0,25875.845873018967,352,3347630,2439844,397540,783105,963811,1225499,1352403,305380,405652,125860,228224,0,0,0,0,0,0,0
288,000799,2017-11-10,0.04982698961937726,0.05882352941176472,0.5004050975710563,88380.0,568715.5432944581,3339,291401513,418833501,745103,807869,11525024,13136598,20445455,22417314,40685062,46103878,27714970,36189384,27958589,37533996,18311220,20008817,144016090,242635645
289,000800,2017-11-10,-0.015347334410339308,-0.014539579967689953,0.27957257553606535,28060.0,150126.0833364017,1962,86868472,65690662,1010323,1121609,10396647,8548240,10796186,10069104,16430579,14158791,11385391,6753165,9020671,5546147,5259479,4933328,22569196,14560278
290,000801,2017-11-10,-0.0013531799729363803,0.0013531799729364913,0.22363311603147332,11840.0,51043.91202755501,1092,18659335,12963640,931734,1158135,4983138,4552456,3933446,2816604,4483657,2863598,2622534,421843,733619,690268,426564,460736,544643,0
291,000802,2017-11-10,-0.008748317631224745,-0.0013458950201884479,0.4512116118663442,16390.0,68374.20198165314,1084,20869852,21916575,758749,954129,5624390,5844103,5094842,4390115,5369919,4073868,1939438,1597897,691882,2051905,826332,981938,564300,2022620
292,000803,2017-11-10,0.0486798679867988,0.04785478547854782,1.2896370037126754,12625.0,64337.55843275259,353,6909599,5205493,303608,272215,1774572,1297399,844567,1193247,1445594,1388162,696918,685500,1397530,368970,446810,0,0,0
293,000807,2017-11-10,-0.034358047016274984,-0.022603978300180794,0.1914385518002661,80325.0,469111.19258128165,3345,343986694,299632416,723182,954143,11288580,12662407,22401575,22106642,46536112,45511088,39816702,34545465,30743482,24582680,21954395,16288291,170522666,142981700
294,000809,2017-11-10,0.004819277108433662,0.004819277108433662,0.22886041291699052,12064.0,59262.2211920985,328,4953262,5977929,343005,174195,1497459,1702448,1217631,722070,1159309,1274392,735858,246864,0,1369236,0,488724,0,0
295,000810,2017-11-10,0.0037002775208139216,0.005550416281220993,0.3590345836054063,10870.0,56674.063818135895,906,14289124,12389950,730866,737681,3940522,3968284,2778504,2702907,2880721,2124040,1621156,2397422,638798,0,435915,459616,1262642,0
296,000811,2017-11-10,-0.011574074074074292,-0.011574074074074292,0.2804083072155237,15371.0,84996.99653672364,949,23513650,14994112,709077,1111331,4795617,4292385,4169619,2900359,4837732,1934709,3009645,1179859,2076526,764345,446775,1747800,3468659,1063324
297,000812,2017-11-10,-0.0023952095808382756,0.0011976047904191933,0.25966689067123816,15156.0,117149.25932626119,1034,21992647,27103141,780956,1237531,3527259,5189063,4068114,4167226,5333621,5535789,728891,1777689,2098657,1370578,2225453,2731144,3229696,5094121
298,000813,2017-11-10,-0.013259668508287414,-0.007734806629834279,0.1949685053382149,17800.0,149221.59868976998,2161,77707400,55347364,2291052,1041659,11086100,6407377,9881522,9392963,12382130,12671625,5545483,7765025,5095971,5280687,3577169,3827514,27847973,8960514
299,000815,2017-11-10,-0.016684045881126153,-0.013555787278414888,0.5633151183346866,19260.0,94467.84314619495,1161,35224991,21631722,931625,1085597,6089633,4950181,5239549,3919316,7830201,4056295,4010041,2178889,4681300,3126885,854809,1711949,5587833,602610
300,000816,2017-11-10,-0.013856812933025542,-0.011547344110854452,0.09268902196597656,12840.0,131713.25100291977,2191,62689050,33094292,2231849,1632531,11879603,7859037,9480150,4533343,9802064,4703758,7254129,3239118,3652859,392336,4357821,1359238,14030575,9374931
301,000818,2017-11-10,0.0043290043290042934,0.01558441558441559,0.28769765522281504,19686.0,194056.15626044595,1612,39841966,63772342,1082828,948449,9288048,7023469,6929357,6049542,8845149,8722561,3260291,3760680,2761161,3005324,874123,1716019,6801009,32546298
302,000819,2017-11-10,-0.013384321223709361,-0.009560229445506718,0.6460841920089752,14067.0,47943.27929127949,589,9913154,5013859,449084,683820,3277378,2364721,2575407,1103279,2233245,562261,281160,299778,312200,0,0,0,784680,0
303,000821,2017-11-10,0.06757679180887366,0.023890784982935065,0.36054539116128215,30080.0,96293.77814633293,1652,50084752,47092251,794147,1081284,8302037,8718336,13325724,8059091,10722543,10708189,7028274,4581836,4090452,3148493,3938517,3998653,1883058,6796369
304,000822,2017-11-10,-0.0061619718309859906,-0.016725352112676006,0.2158577233450931,30402.0,177361.52543575942,2773,133131313,88319858,1384853,1140672,13191638,11463347,16945551,16460631,25600758,21659141,16409148,12134497,12526602,6482190,3989908,5885063,43082855,13094317
305,000823,2017-11-10,0.0027247956403269047,0.01089918256130784,0.3477666434474977,50138.5,299223.7902399295,2792,190093408,206800738,932158,1518131,8879322,13358439,14366987,19067734,27080651,28325230,21583916,20313224,17730317,14837019,12739714,13945764,86780343,95435197
306,000825,2017-11-10,0.0,-0.009578544061302652,0.09601153895714472,23310.0,298489.1967918565,2970,159654871,124007648,1462896,1884037,12245945,14648693,12399084,14171422,19585351,17987023,13098259,10607590,10537305,6716295,10821375,6819677,79504656,51172911
307,000826,2017-11-10,-0.003597122302158362,-0.007470946319867222,0.945979271148968,28744.0,226449.6780561867,1459,74001583,55061942,866148,770814,7241801,6710679,8050105,6215743,13917188,9701705,6513651,6131010,4470610,5985388,6216304,1746304,26725776,17800299
308,000828,2017-11-10,0.0008103727714747766,-0.004051863857374438,0.4091367591033602,7380.0,61717.052748867194,909,14571480,9627620,938963,1021380,3055517,3193157,2659013,1454650,2257023,1679045,1170769,2279388,2126173,0,460125,0,1903897,0
309,000829,2017-11-10,0.0019212295869355245,0.0028818443804032867,0.3134584441322205,5210.0,115148.71689040468,1103,23342348,13763738,1813462,535314,3296564,2339157,2689425,1607101,3392165,3283252,1641267,1157086,2337183,2001725,1339063,1302111,6833219,1537992
310,000830,2017-11-10,0.01891252955082745,0.004728132387706863,0.2288504019724787,50920.0,244193.33765674813,3080,175354324,192573304,1053080,1069575,12259374,11066510,23068093,22627928,30498295,29858471,19926616,22120356,11393477,19173782,16204231,8332494,60951158,78324188
311,000831,2017-11-10,-0.011990407673860948,-0.007194244604316502,0.2932231929787278,19776.0,171691.1285055711,1821,64943032,40433572,1198935,1318386,10664127,7870491,9409483,6042147,11327617,8785268,6408589,4027321,4162013,2430399,1698113,3018881,20074155,6940679
312,000833,2017-11-10,-0.003963011889035695,-0.003963011889035695,0.2921008576899188,7590.0,77838.50837757248,671,13926275,5937333,843501,714166,2811968,1705475,1916195,745369,3665009,882371,718775,1139306,316260,750646,460083,0,3194484,0
313,000835,2017-11-10,0.0,0.0055248618784529135,0.33141600945883104,10836.0,61292.89146573292,745,11640446,10862356,843197,790046,3396410,2879837,2523009,2382906,2025014,1912524,1157065,1428710,360800,1468333,404087,0,930864,0
314,000837,2017-11-10,0.00832177531206657,0.006934812760055475,0.255849495352922,14480.0,80881.00947693625,794,11885089,18102030,515952,713400,3310173,3813976,2732519,2574326,2861409,3419865,899743,2635091,746935,636700,818358,0,0,4308672
315,000838,2017-11-10,0.0,0.0032679738562091387,0.21125332908066327,6150.0,55084.65397112914,839,9349827,10271343,901512,783570,2981006,2622522,1895059,1717120,1374050,2500560,1483555,729573,307000,0,407645,0,0,1917998
316,000839,2017-11-10,0.039755351681957096,0.058868501529051986,0.2182444142101781,548606.0,2160312.2056063055,3598,1567111976,2016509124,4037,16146,1111555,1499005,6918810,5031110,30501987,28086947,52678221,47043551,63570087,60895793,54455455,52786654,1357871824,1821149918
317,000848,2017-11-10,0.013461538461538414,0.017307692307692246,0.23441195391950456,14504.0,96324.83551090112,1971,39773602,51923056,1798243,883690,7996793,7052909,7238235,5993556,12173651,20016415,2781014,5331749,2607249,2713301,913187,2288170,4265230,7643266
318,000850,2017-11-10,0.0019920318725101804,-0.0019920318725099584,0.30500356201117745,10020.0,61880.128799623664,270,4296981,3122868,229156,242858,1118018,982658,589037,1258306,1029335,0,464435,0,400000,0,467000,0,0,639046
319,000851,2017-11-10,-0.0029239766081871066,-0.0029239766081871066,0.31435220575659223,20200.0,140807.85786589936,1065,37323031,25505978,478117,699448,4164830,5124474,4784906,3346609,7660460,6368458,7039475,1967908,2701897,630172,1690625,0,8802721,7368909
320,000852,2017-11-10,0.005686433793663737,0.0008123476848089783,0.26085231368220363,23275.0,96324.58871973232,2228,61817070,56861547,1470940,1472417,11825590,11106802,11967526,9402012,16300254,13628849,6557030,6266163,4939963,4740103,2659071,3165160,6096696,7080041
321,000856,2017-11-10,-0.016466399643969676,-0.011125945705384943,0.45826061252533434,31009.0,138996.32560781442,2405,103246425,69564687,1091801,1242573,12324478,12872792,15535704,11780154,22922512,15509678,13322392,6662243,8238435,4156478,6369212,3092603,23441891,14248166
322,000858,2017-11-10,0.0521861777150916,0.038363892806769995,1.1921928742013734,235776.0,876107.6178089728,3537,720084587,943168563,138761,262255,4200082,5019180,14863477,14664769,50207835,52366705,50711449,53997376,51191258,52510834,48766380,52266332,500005345,712081112
323,000859,2017-11-10,0.01048218029350112,0.004192872117400492,0.21622885451789817,9500.0,69162.4909356418,486,7928869,5393572,521068,444661,2829522,1598413,1283780,887534,998074,837764,1307208,238000,0,336000,472150,0,517067,1051200
324,000860,2017-11-10,0.016048144433299827,0.01905717151454356,0.46536189466301503,26194.0,179792.35896933544,1837,57114007,84263393,1238811,560213,9925758,10273387,9023034,8425897,10722722,10923995,8053460,9812081,4491560,7820565,3271736,6975200,10386926,29472055
325,000861,2017-11-10,-0.0028169014084505895,0.0,0.163522420336907,6052.0,75515.36158798494,471,6599245,4147069,382013,484562,1480234,1455669,1011743,485990,1251483,319848,452725,0,992478,0,0,0,1028569,1401000
326,000862,2017-11-10,-0.013961605584642212,-0.006980802792321161,0.24030899937996375,5670.0,43620.001077488145,568,6431230,3372892,855545,404051,1756828,1383035,2191642,1035392,515716,347995,276129,202419,0,0,0,0,835370,0
327,000863,2017-11-10,0.03281249999999991,0.03281249999999991,0.2585641210714572,13000.0,106804.47473570428,612,11242964,19183747,379963,662092,1719190,2856981,1968074,2660770,2826299,2517843,1215632,1461618,1397962,2279954,0,1366483,1735844,5378006
328,000868,2017-11-10,-0.040414507772020825,-0.041450777202072575,0.16367298655511311,78103.0,385867.84108286805,3484,378974478,310477189,868063,865315,12296708,14556935,20391205,24274818,38340171,42531051,41399645,35195702,31703618,26711245,25043317,22845413,208931751,143496710
329,000869,2017-11-10,0.01845018450184499,0.017395888244596813,0.9086021540511183,26992.0,107885.58517374117,1743,42238196,67175538,994662,1031195,8870363,10013804,6935844,10026703,10767062,15489415,3859399,8400830,3423838,7700153,2622103,2246710,4764925,12266728
330,000875,2017-11-10,-0.00877192982456143,-0.00877192982456143,0.18688181315885635,6356.0,59605.88858975587,595,9976497,4557510,856602,361286,2975069,1333689,1086137,744575,2066736,1215179,510455,902781,317100,0,1363681,0,800717,0
331,000876,2017-11-10,0.0117647058823529,0.0117647058823529,0.15794699326902786,20601.0,222000.52595811893,2349,94494226,102089645,1577545,1829494,10022010,10702771,10933045,12853186,12235909,12311756,9426947,8228102,6020914,8955287,8501920,3595350,35775936,43613699
332,000877,2017-11-10,-0.0035460992907800915,-0.0035460992907800915,0.23864032553352557,16860.0,82327.08083673322,2235,59112646,37342195,1641494,1585258,11923196,9444130,11577130,6797028,14454156,9115756,7545785,4534844,4128132,2853531,1861468,1782650,5981285,1228998
333,000878,2017-11-10,-0.01178203240058906,-0.00589101620029453,0.27724993425006733,26820.0,165406.800742555,2400,95040893,76303240,1166300,1755648,11910058,12773394,13110381,12091037,14412587,14304932,13617663,7084325,11781804,4713311,4677437,5831992,24364663,17748601
334,000880,2017-11-10,0.0,0.003824091778202643,0.5615944435459497,7858.0,30327.818274947876,346,2276374,2984920,252955,491845,1267744,1234492,616823,416575,138852,433832,0,0,0,0,0,408176,0,0
335,000881,2017-11-10,-0.00461741424802109,-0.00593667546174137,0.45331196734453866,15080.0,78665.06044630789,1118,29624521,13655418,1030628,1046789,5632791,4740688,6742711,2711624,5680156,2994084,3016819,757579,3385524,1404654,0,0,4135892,0
336,000882,2017-11-10,-0.006006006006005982,-0.006006006006005982,0.12324562117850368,6620.0,91273.80235061338,731,12078464,6500146,880094,573740,2885474,1708828,2406431,1393959,1505385,875799,463400,728740,663641,332000,0,0,3274039,887080
337,000883,2017-11-10,-0.004081632653061273,-0.004081632653061273,0.13609016827775006,2457.5,61321.93840755085,1298,17283958,6724291,1692921,653655,3811489,3242877,2057350,708755,2205590,1359280,713887,759724,991673,0,1295753,0,4515295,0
338,000885,2017-11-10,-0.01857923497267755,-0.004918032786885185,0.43643195602141593,18260.0,111496.43944381844,1758,47871053,29916066,1494480,1455414,9948677,8186421,8728616,7176034,9517033,6727431,6115538,2375932,2187806,1456377,826504,873157,9052399,1665300
339,000886,2017-11-10,0.0025706940874035134,0.00385604113110527,0.20206380845287833,19362.5,152220.5285759227,1484,54799762,32597822,979496,1129539,6996138,6586446,6963644,7728991,8990088,7429790,6221026,4105271,3529818,1520470,3136676,854310,17982876,3243005
340,000887,2017-11-10,0.043108036189462684,0.03193187865886116,0.42530960958727615,38290.0,241953.61520088362,1952,105854304,127207393,1119395,1204162,7850669,8809778,10271084,13187255,14148960,17358029,7264211,15070552,11959558,7075520,7252368,8141871,45988059,56360226
341,000888,2017-11-10,0.0019249278152069227,0.0009624639076033503,0.3304421744935072,2078.0,82509.42798188266,988,11655498,9197185,714536,394023,1981828,3160414,2123808,1606890,1977850,1604313,1269258,452600,0,626814,462948,1352131,3125270,0
342,000889,2017-11-10,-0.01409495548961437,-0.01261127596439171,0.4767148450143043,13300.0,97046.95254434341,799,21356146,10125752,792751,691298,4020152,2704840,2652062,1646769,4123818,2355959,2394752,1669226,1744559,0,456940,454240,5171112,603420
343,000890,2017-11-10,0.0028248587570620654,0.0028248587570620654,0.31642370328406183,7110.0,58155.37576501958,500,7130226,5987975,635902,401284,2020056,1100829,1919648,1266582,1604182,888005,648830,636045,301608,0,0,0,0,1695230
344,000892,2017-11-10,-0.019559902200488977,0.0012224938875304847,0.3075408362681673,9118.0,50277.74646485639,707,10196494,7087502,803956,851184,2910595,2867793,1928139,1204496,2334920,1663000,657176,501029,319410,0,409999,0,832299,0
345,000893,2017-11-10,-0.012820512820512775,-0.004662004662004726,0.30735982417240193,10308.0,47348.470174509166,779,10927579,10031099,886644,797353,3664475,2849497,3003348,2148306,1894987,2318919,641080,722299,356535,765225,480510,429500,0,0
346,000895,2017-11-10,0.03031423290203339,0.018114602587800288,0.47243609690710886,77364.0,322258.57035004924,3281,245347260,313473938,648759,862789,10612730,14164512,20099848,26028113,33730746,46674279,30184035,45603606,25509971,29467384,13762690,23337641,110798481,127335614
347,000897,2017-11-10,-0.012195121951219523,-0.009756097560975618,0.1339176260259176,4090.0,119118.2311240806,938,21850697,4369809,1103108,734297,2845656,1727440,2126661,1183389,3149427,510033,1820653,214650,1751410,0,471825,0,8581957,0
348,000898,2017-11-10,-0.006042296072507614,-0.013595166163141936,0.14355199450192266,17030.0,193345.74770145558,2131,105893151,47512287,1803221,1166242,9813898,5243906,9131543,6542768,24717250,11339997,7300331,4052647,9544338,4204439,2761441,3981033,40821129,10981255
349,000899,2017-11-10,0.0029850746268655914,0.0014925373134329067,0.33718687536749686,10005.0,48200.9682127365,394,5421094,4313468,420529,418154,2061320,1146823,1023739,858178,515686,1125756,239760,764557,732600,0,427460,0,0,0
350,000901,2017-11-10,-0.013554216867469826,-0.01091867469879515,0.7422089861610297,18392.5,109987.09743738317,1280,38261361,20957484,834986,904085,7189029,6206651,5082145,5101359,6953530,3785043,4870080,2060622,2012355,1312665,1730078,479643,9589158,1107416
351,000902,2017-11-10,0.0009756097560975618,0.004878048780487809,0.30001879153553324,7168.0,55732.56594242364,1168,10578471,18338918,806439,1313178,3691391,4371829,1690954,2034424,1802435,6077237,1041302,2110526,303900,320280,477050,878534,765000,1232910
352,000903,2017-11-10,0.02638522427440626,0.0237467018469657,0.11205935041352287,13576.0,138444.42078205297,1146,26307466,32993144,1039830,786090,5327603,4607841,3430022,3225840,6277451,4311466,2549102,3256028,1789517,3948505,1391786,1719242,4502155,11138132
353,000905,2017-11-10,-0.0052631578947368585,-0.0052631578947368585,0.38040880028765417,14542.0,69907.15226437051,1222,28173890,19023685,1059210,940817,6815355,5254512,5364738,3848154,6188724,3970866,3376916,1249266,3198528,1408944,843338,1631958,1327081,719168
354,000908,2017-11-10,-0.0057388809182209455,-0.00717360114777621,0.3700027778320516,10402.5,74801.8325759383,354,7864398,5122758,359493,336821,1255611,1326851,1112934,1300478,1147897,846670,2424598,1005628,701365,306310,0,0,862500,0
355,000909,2017-11-10,0.01046698872785834,0.01046698872785834,0.516231024979096,12500.0,38116.47765976443,578,6483348,8406453,539716,444817,2731257,3113174,1312423,1935340,1258156,2230103,0,683019,641796,0,0,0,0,0
356,000910,2017-11-10,0.0043999999999999595,-0.0020000000000000018,0.5974106532406842,9952.0,125627.35004598052,1757,44885701,34979438,4150085,502958,5796226,5503276,4705060,6531717,9674503,3691144,4885968,4027035,2106510,1484060,1421940,2764632,12145409,10474616
357,000911,2017-11-10,-0.0037914691943128354,-0.004739336492891044,0.36518975350032146,10520.0,46994.13768163143,834,13966625,7134518,1043120,522780,4489046,2919529,2655570,1317210,2588356,1229327,1398878,431738,1351286,713934,440369,0,0,0
358,000912,2017-11-10,-0.007398273736128114,-0.0012330456226880004,0.23558999088900656,10491.0,48583.60551775175,1185,18956723,11698283,1246412,1231336,5777916,4478615,3858781,2581531,4193258,1866390,1455730,659967,1325398,355080,0,0,1099228,525364
359,000913,2017-11-10,0.012919896640826822,0.008785529715762186,0.7500360111203155,19490.0,84193.16632033358,665,12722071,18246354,486666,693148,2495262,3388566,2875817,4549024,3188503,4572292,1719577,1783465,343200,1358885,0,402824,1613046,1498150
360,000915,2017-11-10,0.028193832599118895,0.029368575624082238,0.7395192861499309,17505.0,136932.98140517942,2121,53104105,70291604,2056243,721530,10189028,7123830,11229988,9576084,10254431,13654803,5414500,8186415,4841906,7991564,1850853,3557766,7267156,19479612
361,000917,2017-11-10,-0.005267778753292429,0.012291483757681965,0.19849064845936548,75702.0,350983.896484623,3297,274338334,297436450,925353,663775,13141609,11365976,19858490,21348568,45125547,42729886,31825147,32523548,27584928,27233919,23207328,24683398,112669932,136887380
362,000918,2017-11-10,0.0013850415512466352,0.005540166204986097,0.21121043518762278,14460.0,104231.95541944879,1169,26925928,21720124,1103515,909088,5440811,4958011,5659157,4206794,3759334,2770871,3382103,1890281,2512865,1408878,0,498721,5068143,5077480
363,000919,2017-11-10,-0.0049652432969216065,-0.0049652432969216065,0.43502225896629637,10010.0,58344.45500699016,535,8620951,5179683,573677,197724,2000744,1974622,1785319,1069443,2097895,541768,212424,619088,300600,301200,499500,475838,1150792,0
364,000920,2017-11-10,0.0017513134851137035,-0.005253940455341555,0.38616187129420926,14748.5,92935.93396992056,874,25357956,11534943,658678,642993,4268395,3555866,5046001,2680775,4073810,903882,4696312,1914512,2183842,370008,477704,0,3953214,1466907
365,000921,2017-11-10,0.029468289557975647,0.022421524663677195,0.30845151869272996,34870.0,149524.60931927324,2563,98650730,100169952,1386485,1171199,14369791,10836938,18693151,16813185,20542641,24720634,10365868,11125154,7258551,7426467,6161765,4468636,19872478,23607739
366,000922,2017-11-10,0.010650887573964374,0.0011834319526629056,0.2865629807153952,13647.0,109064.10659796029,869,14652456,17553349,748960,740764,4029331,4001801,4484960,3632636,2509434,3041030,1356718,1800557,0,0,421953,860561,1101100,3476000
367,000923,2017-11-10,-0.002327385570209506,-0.007757951900698279,0.7522813930890899,12875.0,63951.46966111165,1174,24415373,13552467,849388,866674,7086649,4359924,5583361,2902753,4476754,2208078,1428883,1466963,1835389,363357,409584,844126,2745365,540592
368,000925,2017-11-10,-0.006870705808869504,-0.019987507807620375,0.546492931204144,15730.0,90427.01359695534,858,22382272,13932554,539045,974881,3904156,3639435,3096565,2576310,5487815,2665718,1930268,1962550,2259286,662994,473400,812028,4691737,638638
369,000928,2017-11-10,-0.013908205841446475,-0.013908205841446475,0.21074959153588443,12780.0,165088.14912156833,1164,37373423,19067527,1002233,1291759,5060120,4578480,3464726,2802297,6608431,4011245,4113685,1368544,1772318,1458680,461175,856555,14890735,2699967
370,000929,2017-11-10,0.007246376811594235,0.0,0.6415221490597803,12460.0,143631.97831478747,374,8182721,3631129,337077,346220,1958519,1592957,1210394,763335,937158,675657,424024,252960,619789,0,0,0,2695760,0
371,000931,2017-11-10,-0.013550135501354976,-0.009485094850948506,0.2888780465069956,8814.0,103274.0657127562,652,13956162,10122518,774774,563771,3452118,1818269,1941430,995305,1581367,1535501,1555829,210496,1010764,1042326,0,0,3639880,3956850
372,000932,2017-11-10,0.007246376811594235,0.004830917874396157,0.18219477388627273,19776.0,118262.67201587307,2068,58375643,56201714,1802487,1385514,10209540,9853339,9797283,9640852,12207409,9307487,7035510,7035436,3916649,3132560,2267857,5639552,11138908,10206974
373,000933,2017-11-10,-0.028846153846153855,-0.020299145299145227,0.17061610124051507,31212.0,268643.5123749067,3015,165554016,139689118,1402601,1758999,12531327,14986888,17210170,17904690,24216827,22550688,18905835,15975468,13831015,9886435,9010333,9526262,68445908,47099688
374,000935,2017-11-10,-0.017343904856293446,-0.004459861248761188,0.4247278887982501,22087.0,92109.43083852301,2258,59691697,46640691,1286621,1204560,13311715,11289446,11592549,10893806,12103664,10647695,6191366,5674228,3956847,304114,3056783,3575593,8192152,3051249
375,000936,2017-11-10,-0.012345679012345734,-0.007716049382716195,0.25136444999919866,12860.0,71986.50069994952,664,13163934,6003087,701245,449325,4476961,1701986,1559711,1157918,1966793,1448354,1258882,279504,715022,0,481270,0,2004050,966000
376,000937,2017-11-10,-0.004893964110929905,-0.00815660685154973,0.1326025447216439,10370.0,98415.00350352708,2141,61227469,25512953,1690435,1506739,13665353,5304348,8538293,3996754,10322560,5615676,5883651,2584785,4028809,1332239,3639821,924839,13458547,4247573
377,000938,2017-11-10,0.008099595020248929,0.016199190040497857,1.2716627892593135,74525.0,294873.3696229819,2750,245034065,234394115,822977,721147,11056193,9581286,16436672,17438017,28862119,30915571,27276947,25194242,30495994,20638902,17487299,13098958,112595864,116805992
378,000939,2017-11-10,-0.014170040485830038,-0.010121457489878694,0.1534197941335549,9740.0,146829.76144728996,1038,25981882,15730110,1118350,1042052,4548080,3355515,2342536,3414991,2638185,2665008,3123847,974438,1079210,1097379,1344364,401624,9787310,2779103
379,000948,2017-11-10,0.002586206896551868,0.0034482758620690834,0.46251884373682,5825.0,45616.95894210109,629,8288843,5763582,397797,733459,2382986,1797455,1370569,1167376,1971443,1553808,689756,207719,1074586,303765,401706,0,0,0
380,000949,2017-11-10,-0.004728132387706974,0.0,0.2350726389597829,8862.0,88287.85301071373,323,7871738,2318586,425284,209312,1774387,500806,1616195,693742,1524600,690336,722045,224390,0,0,436770,0,1372457,0
381,000951,2017-11-10,0.00363196125907983,0.002421307506053294,0.35012982646096263,8280.0,105551.07426448828,2228,45244814,48474071,2141252,2318469,8128998,6372094,7007939,7033044,7472193,10393717,3749796,5068502,5358166,4709575,3116361,3631717,8270109,8946953
382,000952,2017-11-10,0.00552104899930983,0.006211180124223503,0.6064869489163881,14580.0,101946.75194438198,570,10538736,12471227,372931,463116,2381529,2992866,2502637,2918114,1484365,2643279,521248,1219698,359617,1830288,0,403866,2916409,0
383,000955,2017-11-10,-0.01644245142002998,-0.017937219730941756,0.2867121381821167,13140.0,116975.32074953226,545,20625865,8108519,319967,558795,2001155,1889039,1591412,1079259,4559328,1996047,2992028,749729,3206149,375870,2246328,887057,3709498,572723
384,000957,2017-11-10,-0.016431924882629012,-0.020344287949921713,0.3048821887295456,15149.5,101933.20864746491,1758,52889852,27527132,1274934,1220070,9332175,7681846,7691857,5626413,11570649,5743496,6574266,2479212,4012799,3564527,4841223,0,7591949,1211568
385,000958,2017-11-10,-0.009022556390977488,-0.007518796992481258,0.18355925902627263,12559.0,83606.78128817568,1313,28082396,17879369,1475693,1153537,6581825,4712659,5907942,3580628,5486313,3651865,1993774,1109756,996396,1013920,400722,469260,5239731,2187744
386,000959,2017-11-10,-0.024691358024691357,-0.029320987654321007,0.144277124688651,7488.0,83422.63019479351,2023,37194963,20465093,1454019,2356084,5479597,7701717,7370894,2943642,6152128,3038029,6910767,1186816,4138620,1981670,2208125,0,3480813,1257135
387,000960,2017-11-10,-0.012676056338028152,-0.0035211267605632646,0.30572458976427586,18421.0,170495.72369288382,2158,92430212,57312861,1241585,889665,15091383,8269576,9425546,9134503,13058455,12507493,10624934,6683783,6224725,2599689,5195343,2641930,31568241,14586222
388,000961,2017-11-10,-0.013008130081300862,-0.00975609756097573,0.18742764251563515,9776.0,156768.5453920739,1077,32498212,17104631,1113018,847500,4671448,3828746,2513514,2492186,3058656,1303027,2107579,226270,4262854,1239172,473688,401990,14297455,6765740
389,000962,2017-11-10,0.004514672686230403,0.006772009029345494,0.30150261495409325,8930.0,37495.57700806767,863,8202122,10262207,1006168,1140503,3905374,3454657,1361930,2608434,1709464,1654037,219186,207408,0,667618,0,0,0,529550
390,000963,2017-11-10,0.01764159702878354,0.0022284122562674646,1.163546620599106,37324.0,249201.3332632497,2143,119603940,110842804,1061071,657916,8794388,8177083,10747919,15983645,17647730,21000738,13730893,14269601,7539610,9238280,4899392,6560810,55182937,34954731
391,000965,2017-11-10,-0.009538950715421213,-0.009538950715421213,0.22136896568853084,9984.0,54055.98675786648,807,13512662,8594591,820773,687537,3921001,2293012,4050284,710448,2953828,1901084,1007992,1162678,758784,381888,0,847048,0,610896
392,000966,2017-11-10,0.004347826086956719,0.004347826086956719,0.2283494061808679,9260.0,187725.28961327308,405,14486778,5056625,645250,271252,2248458,853551,983834,860292,691588,1097251,1252006,693999,337990,357280,871794,923000,7455858,0
393,000967,2017-11-10,-0.0029527559055116948,-0.0019685039370078705,0.3423968981271697,15210.0,95687.07175658678,880,19290972,19906290,579511,536399,5077157,3284940,2954251,1663181,4845649,4104592,3350207,2077589,1622741,3065575,861456,490810,0,4683204
394,000968,2017-11-10,-0.026837060702875393,-0.03067092651757186,0.41000407011731027,10668.0,91306.45497173372,1459,30555747,16682511,1962912,868385,7353266,4794316,4307771,3832959,5320010,3293696,2057908,715677,1668638,353104,1695478,0,6189764,2824374
395,000969,2017-11-10,0.019587628865979534,0.026804123711340333,0.24400497435066845,10923.0,115531.52000629505,1581,31959660,44606385,1843130,1364298,5613575,6086487,4737868,4883962,6835792,8249561,5121040,7930276,1299866,3459743,2771815,4497384,3736574,8134674
396,000970,2017-11-10,-0.02180685358255463,-0.016199376947040545,0.30084545919452416,34793.0,256416.72966578032,2848,172823350,109279559,1445594,1450725,14550109,13932123,18686578,16122615,26321926,19936574,17326246,12647825,14503511,6647613,10767689,5906523,69221697,32635561
397,000973,2017-11-10,-0.006896551724137945,-0.006896551724137945,0.2047561670578709,12996.0,92585.02143320149,1254,30932938,18445354,1183669,1109678,5732429,4420715,5499684,4499300,5993115,3486738,3294073,3480449,2451719,1016120,3185186,432354,3593063,0
