,code,date,pchange_whole,pchange,change_std,amount_median,amount_std,length,sumsell,sumbuy,sell_vol_0,buy_vol_0,sell_vol_1,buy_vol_1,sell_vol_2,buy_vol_2,sell_vol_3,buy_vol_3,sell_vol_4,buy_vol_4,sell_vol_5,buy_vol_5,sell_vol_6,buy_vol_6,sell_vol_7,buy_vol_7
0,000001,2018-03-06,0.012552301255230214,0.004184100418409997,0.20217364841685703,90592.0,644774.7323551001,3497,485742645,472765101,550816,408178,18474059,9506901,28909843,18449140,45660868,38166738,50905802,28791086,35377468,25798351,18104077,24481650,287759712,327163057
1,000002,2018-03-06,0.04080370942812994,0.010510046367851578,0.55007446832588,109599.0,553298.0678223924,3460,448307460,490334670,737503,834583,10126026,10889488,20367601,21137166,43185469,42400849,43967469,41653282,38967760,37516889,30138573,29433577,260817059,306468836
2,000004,2018-03-06,0.015812170579779572,0.015333013895543868,1.0139607009715137,12462.0,40091.217454741505,423,4131235,6891881,327457,351086,1853099,1877419,982015,1860600,667340,1412463,0,1390313,301324,0,0,0,0,0
3,000005,2018-03-06,0.01308900523560208,0.005235602094240788,0.16300089389055328,7315.0,47517.645881517354,549,5315024,6274814,447005,626646,2011489,2275444,719386,726181,1144255,1438198,452149,0,0,694205,0,0,540740,514140
4,000008,2018-03-06,0.001322751322751392,0.002645502645502784,0.24838561267306947,8327.0,94687.63650650193,926,17498056,18523733,763257,1057120,3112763,3983804,1910324,2038462,2766308,2074167,2204023,1787392,398939,2783362,3421262,1410149,2921180,3389277
5,000009,2018-03-06,0.02341137123745818,0.018394648829431315,0.1411356934706377,13398.0,159447.91196811266,1798,47377501,59533688,1541321,1551396,7108304,8641904,6995930,6478823,6370755,6595054,5785541,5296782,2067763,5904842,892728,4071044,16615159,20993843
6,000010,2018-03-06,-0.010615711252653925,-0.014861995753715607,0.1428858731998172,6071.0,58136.890861594526,1089,12852334,12132328,1170775,1077113,4421042,2930719,3060609,1798409,975726,2605818,1204615,961715,970055,701300,0,470470,1049512,1586784
7,000011,2018-03-06,0.06870229007633588,0.057251908396946494,0.3539276515794919,21306.5,153621.88232856596,1976,49404048,87921892,1372680,1667447,10337854,8266253,6977825,10603132,8899185,12993055,5233840,9887369,3670804,9959765,3259396,6915219,9652464,27629652
8,000012,2018-03-06,0.018867924528301883,0.011320754716980908,0.20454695516257593,15860.0,118887.90742670695,1511,31500090,52321726,1017410,1878008,5572907,7037859,5692035,6201304,5745915,7382394,2940590,6809271,3465554,5252728,3167974,4853688,3897705,12906474
9,000014,2018-03-06,0.049858889934148554,0.04233301975540904,0.2867043847568044,14945.0,64658.53170213225,1376,23441756,25681387,1135979,927072,7278774,6061617,5249709,4584122,4999054,6986318,2751938,2430909,346164,682472,449900,2197350,1230238,1811527
10,000016,2018-03-06,0.03716216216216206,0.03378378378378377,0.1518973115313784,21081.0,218921.48156618836,1522,49326522,78822606,884628,1141732,5757507,6393051,4688621,7747642,8387324,14406669,4513733,7079434,6338522,6146051,2307545,4403002,16448642,31505025
11,000017,2018-03-06,0.02782931354359941,0.014842300556586308,0.2013987673299022,8784.0,76111.26754251061,717,10076527,12698217,641588,481826,2366917,2698469,1502471,2331454,1612955,3285386,487691,1168603,662222,932684,1315403,470931,1487280,1328864
12,000018,2018-03-06,0.006861063464836947,0.006861063464836947,0.16066807761965726,11850.0,129133.29901270196,1318,25235987,28147062,981595,1199920,4663999,6590724,4060309,5703398,4604387,6108519,3799066,2508588,917479,3079847,865200,0,5343952,2956066
13,000020,2018-03-06,0.1009870918754745,0.1009870918754745,0.31654312429009374,15732.0,153512.53127827565,1735,57116264,37995684,1476904,1075446,9514370,6177276,7211648,5628150,8397184,8032779,6129554,3768993,3703800,2113429,2711695,2287330,17971109,8912281
14,000021,2018-03-06,0.0022371364653246406,-0.0011185682326622093,0.17714957398984274,26745.0,177882.65832239893,2550,102336653,102573858,1787343,1969203,11559529,12175093,12787809,13573683,18655195,18447702,11028079,13395588,10150083,7120822,7664069,6699473,28704546,29192294
15,000023,2018-03-06,0.12297372833985465,0.12073784237003915,0.40954223167727255,16046.0,138998.83499697116,1922,44299272,58807509,1978624,1307263,8959802,8174671,6298647,7945061,8292666,8262657,3819076,6703161,3863539,5778905,2939487,3845576,8147431,16790215
16,000025,2018-03-06,0.1259113853056646,0.08524957936062827,0.664057516922389,51897.5,245391.2703139092,2894,135609874,177931006,823427,1187604,10727289,13975734,16714892,22180281,27500611,36237031,20267960,22221979,11824915,15916716,9256686,16315821,38494094,49895840
17,000026,2018-03-06,0.014691478942213454,0.008814887365328206,0.4553136157885039,10300.0,54196.45665460954,502,5564306,9067703,454371,407611,1753454,2352321,1594838,1451433,1090109,2110090,263418,1175635,0,618000,408116,436113,0,516500
18,000027,2018-03-06,0.050877192982456076,0.03859649122807007,0.15830905079537877,11400.0,208168.16419926996,1299,31621822,38144463,1003681,718107,5693383,3552999,4196410,3484711,5966336,5831295,3866907,2683214,1956297,3117012,1425264,2301739,7513544,16455386
19,000028,2018-03-06,0.019264448336252293,0.020490367775831908,1.7636335944346648,22804.0,82192.37178407947,1048,16883766,27289074,750276,364691,4995848,7633809,4222552,3791221,3515774,4997162,1617496,3258442,0,3007289,945270,926250,836550,3310210
20,000030,2018-03-06,0.0052631578947368585,-0.001315789473684159,0.1957433263971688,2280.0,37478.526680298375,1508,11895054,4290483,2761819,608406,3863863,1910467,725267,595972,1224744,796638,476560,0,1437052,379000,0,0,1405749,0
21,000032,2018-03-06,0.05741626794258381,0.045454545454545636,0.24051097344630543,11323.0,80466.18882201119,1213,22477727,17365786,1329162,900245,5639124,4223423,4837693,3682751,4109805,4659922,1324708,1041563,943939,0,470376,433758,3822920,2424124
22,000036,2018-03-06,0.03100775193798455,0.009966777408637828,0.2154061804049725,18104.5,159717.37902853396,1758,53526548,51362638,1269047,1842310,7114612,9344638,7867084,8338683,7431080,7781638,5576321,5310222,4078682,6274300,3217709,3717211,16972013,8753636
23,000037,2018-03-06,0.03814262023217241,0.021558872305140975,0.22261849857793553,6095.0,38712.99371897487,734,6729248,8910536,561886,484733,2732232,2466031,1981546,2600354,926981,2015847,212443,1038531,314160,305040,0,0,0,0
24,000040,2018-03-06,-0.004788507581803603,0.0,0.34398650290347327,3772.5,64348.0281172452,1328,12971438,7500519,2045119,888539,3583233,2805464,1701609,909221,1545331,666960,1664394,758505,728516,0,0,433750,1703236,1038080
25,000042,2018-03-06,0.013645224171539905,0.005198180636777128,0.7881959885821191,6180.0,44495.1191905534,381,3950744,3656879,681946,221266,1670436,818139,698561,818598,539429,611922,0,641118,360372,0,0,0,0,545836
26,000043,2018-03-06,0.009966777408637828,0.008859357696566983,0.3858682313300412,9955.0,96640.57287988227,547,10840624,9551110,585668,451486,2950037,1518733,1901346,1755818,1574084,2820123,555993,1049595,0,0,430350,400030,2843146,1555325
27,000045,2018-03-06,0.09765142150803463,0.09765142150803463,0.19437119568559358,19067.5,246957.30247660313,1740,82914341,47189886,1476160,1529220,8835118,7238266,9006487,5236066,12397596,7465720,5479740,4966222,4118232,3063233,3162333,2652803,38438675,15038356
28,000048,2018-03-06,0.016260162601625883,0.008130081300812941,1.054059564609109,12475.0,34806.713430152224,544,6969557,5933037,576089,547823,2721877,2601080,1505897,1388380,1197534,1395754,968160,0,0,0,0,0,0,0
29,000049,2018-03-06,0.03322919625106513,0.02641295086623119,0.7471131689590835,24976.0,117941.18614819452,2221,56302913,75868028,1048582,1654586,10643190,13192511,9343947,11506205,12233197,16121229,6857822,7128202,5750187,6329258,2261876,4513800,8164112,15422237
30,000050,2018-03-06,0.01245753114382775,0.003963759909399789,0.3119631549103752,48087.0,231241.90640362914,3207,182765360,194453510,2096918,717690,16812923,12345035,20602498,21469017,38300097,32727029,20427299,26201927,14129849,14551340,11224461,14886284,59171315,71555188
31,000055,2018-03-06,0.014371257485030098,0.005988023952095967,0.16860979560869557,25140.0,155657.78406643815,2456,87341638,75975028,1755330,1511156,13392638,10996501,15218505,11436836,18834620,15969630,10151343,8258546,5808001,7441031,6560133,4289583,15621068,16071745
32,000058,2018-03-06,0.0389408099688473,0.03738317757009346,0.19876128318800804,10408.0,88330.32753246554,1044,11666206,21413702,833089,1099929,3956362,4202174,1949652,4282564,2949597,3447655,1388834,1535100,0,716008,0,1327492,588672,4802780
33,000059,2018-03-06,0.020105820105820182,0.004232804232804366,0.24634545968490965,23462.5,243930.91721521263,1472,72035037,67066467,913921,1532654,4733578,8552470,7474687,7539305,6673017,7483016,5729146,5258259,4704000,4092345,6424367,8099125,35382321,24509293
34,000060,2018-03-06,0.021169354838709742,0.021169354838709742,0.1813970370288706,48387.5,343608.9666257654,2994,203500855,266446718,873047,2237241,8674673,15191726,12904791,18923860,21925292,33741394,18020130,34317907,15420501,21049189,12143538,18491051,113538883,122494350
35,000061,2018-03-06,0.010479041916167775,0.0,0.22856427192504833,4014.0,49190.29409403403,854,9538302,8487205,1502945,533875,2272265,2307905,1544524,1783188,1922929,1400200,491946,625480,1402893,1010697,400800,825860,0,0
36,000062,2018-03-06,0.025411061285500747,0.019431988041853643,0.5995571577384496,14336.0,105837.88907368801,1120,18756504,27783269,721480,767316,5864938,4795472,3392385,4265424,3175023,6248926,1627003,2661615,1408675,2027443,892101,862420,1674899,6154653
37,000063,2018-03-06,0.030959752321981338,0.02229102167182684,0.5386170577474394,473184.0,1499570.3164114081,3597,1485432869,1759541427,39984,56527,2381797,2042407,8957184,10259014,30775152,35177724,48561763,44369807,45523903,52099947,51807588,56564541,1297385498,1558971460
38,000065,2018-03-06,0.02599090318388564,0.018193632228719947,0.362138915633088,4680.0,69680.97316566425,1806,20127629,26131607,1906710,1831985,4834520,6270182,3569265,4397448,5399734,4069630,2522397,3114901,0,1359457,1363607,1268359,531396,3819645
39,000066,2018-03-06,-0.004195804195804231,-0.006993006993007089,0.1401195898824281,33028.0,275325.7760036839,2612,156855122,143230380,1747769,1470878,12921013,9704453,16721397,12086862,22853001,18686575,13617608,14300810,12687501,9348778,9735077,7987815,66571756,69644209
40,000068,2018-03-06,0.012903225806451424,0.006451612903225712,0.18131281503625205,3290.0,56359.05762962505,658,6397741,4792923,438864,613704,2553681,1325244,910530,601447,654146,1038264,507152,234584,634368,0,0,0,699000,979680
41,000069,2018-03-06,0.016489988221437102,0.005889281507655886,0.14873106393084629,39338.0,450912.63969623804,3267,271800370,211868498,1309042,1897736,14636538,12541980,20797162,19227356,28200299,22815041,15658571,13818407,17278091,12443805,28054731,19168903,145865936,109955270
42,000070,2018-03-06,0.016339869281045694,0.01089324618736387,0.25147396699378355,14608.0,68587.18524224318,1333,20750431,24112970,1407652,1171032,6495716,6441375,3955910,4837165,4027072,5506360,1499966,2509869,950439,928503,0,900186,2413676,1818480
43,000078,2018-03-06,0.02123893805309729,0.019469026548672552,0.11438905343458143,10404.0,91156.97136050582,2447,37266339,60240257,1302304,3327490,7827203,10438935,6804799,6522160,7181661,11077772,5936291,10117650,3565574,7342063,1823285,3990923,2825222,7423264
44,000088,2018-03-06,0.012658227848101111,0.0025316455696202667,0.21707380535270718,14193.0,112835.15786399694,1326,22113589,33236848,1325297,1192247,6560790,4640705,4939619,5064705,4908383,6022516,2901439,4831099,678618,1786953,0,1382230,799443,8316393
45,000089,2018-03-06,-0.0034522439585730202,-0.00460299194476399,0.2531823530943135,22334.0,69245.69954529985,1179,20326206,28542087,628466,1039923,4143817,13017743,6633523,2730102,2439967,4841271,1945405,2175244,1257530,2384575,876048,1831830,2401450,521399
46,000090,2018-03-06,0.03265306122448974,0.024489795918367196,0.2394275888751994,9013.5,101949.93334130796,1676,24357710,38637515,881954,1898548,5590043,6274558,4549310,6573837,5452896,8079093,3166965,5079631,2436054,1701642,870274,909699,1410214,8120507
47,000096,2018-03-06,-0.003695491500369519,-0.007390983000739038,0.6070391790506552,19012.0,79444.59055763826,497,11922450,14515440,326892,394708,1397542,1639818,2486555,1705746,3230786,5744760,3462943,3228052,1017732,1340636,0,461720,0,0
48,000099,2018-03-06,0.00240963855421672,-0.0036144578313254128,0.2724561036186221,4962.0,54914.12740060773,928,10726676,9902124,962186,1124880,2335958,2641525,1445216,1935393,2256374,1501520,762416,1205333,724187,664475,1704089,828998,536250,0
49,000100,2018-03-06,0.049861495844875314,0.04155124653739617,0.061896270453356404,59047.5,776468.6373582974,3438,407360475,459969962,1153542,1143305,14598920,13776035,24049199,17207613,36442364,32767516,31935869,26863551,28269130,23009334,17527938,17892929,253383513,327309679
50,000150,2018-03-06,-0.0037944118661606963,-0.005174197999310071,2.050451321650682,14440.0,53739.99649042498,199,3147665,1936088,172195,185371,755898,864994,384936,885723,554217,0,567851,0,712568,0,0,0,0,0
51,000151,2018-03-06,0.018903591682419618,0.010396975425330801,0.3682623957717888,10560.0,90456.72429742165,825,10319697,16278451,799047,521818,2844798,3457004,2450085,3288748,1730597,1860434,987244,2225630,704321,975000,0,479727,803605,3470090
52,000153,2018-03-06,0.01728723404255339,0.010638297872340496,0.24907959224885085,7670.0,58580.876543006256,912,11633959,12373364,791940,1414308,2968295,3989933,2535675,2551103,2560200,1936270,1304792,524526,0,0,833517,0,639540,1957224
53,000155,2018-03-06,0.026986506746626615,0.022488755622188883,0.13620815266492675,30420.0,157985.30276497154,2403,93367533,103644719,1332956,1345175,10687164,10322139,12224656,12883189,23549510,19373970,15057804,16386055,6683379,10263754,4604880,8225911,19227184,24844526
54,000157,2018-03-06,0.011737089201877993,0.009389671361502261,0.10608734118919845,11180.0,181197.50524941334,1617,36734440,49615479,1173267,1355335,7069051,7029122,3434264,4518610,5789257,7023395,4005058,4034066,1736014,1361356,1251775,3545898,12275754,20747697
55,000158,2018-03-06,-0.015075376884422176,-0.008793969849246297,0.218806499215042,7885.0,139180.26350197042,1326,34639090,16909282,837496,1700170,4087748,4157883,2901281,4423378,2491900,3131528,2324303,1293968,4081554,1158592,1732433,0,16182375,1043763
56,000159,2018-03-06,0.020000000000000018,0.004444444444444251,0.19284367772834138,2694.0,48085.99162603759,544,6719740,4201831,658588,288899,1308452,1223508,1869960,910889,1974074,248348,908666,203850,0,396375,0,422136,0,507826
57,000166,2018-03-06,0.01200000000000001,0.008000000000000007,0.12229261425733574,13026.0,208876.84097026422,1675,43127242,53675879,1323301,1310048,6041828,7928838,5610015,6852352,5639108,6600631,3645250,4847992,2076116,3060676,2207109,1802156,16584515,21273186
58,000301,2018-03-06,0.0,-0.0061823802163832875,0.15832287166414957,21087.0,107902.72568170643,1672,55771619,34346820,1264909,1134092,8149848,8272950,9034032,7688837,11675322,7185162,6328960,4165625,4485245,2279898,3030920,1823850,11802383,1796406
59,000333,2018-03-06,-0.0058376083495488285,-0.015743852821510695,0.9512039155676651,98874.0,503229.2264297741,3533,429527228,327492671,346387,240749,16400428,8494703,27842174,20550879,57763643,43596235,44188443,36214153,36413046,25742070,23790190,22237438,222782917,170416444
60,000338,2018-03-06,0.010869565217391353,0.006038647342995196,0.14542431239887776,26688.0,196616.69753435123,3250,116462627,147307969,1141432,2783304,11799933,18642103,18309515,20440711,22427192,26375622,11959284,13590837,9176706,8952712,7030127,11245382,34618438,45277298
61,000400,2018-03-06,0.008635578583765069,0.003454231433505983,0.2798151927944499,11546.0,125927.93158748471,1713,39403825,30142606,1387490,1401391,6425737,6862905,4725297,5974503,6887209,8113370,2787814,3661363,2350030,1004010,918400,0,13921848,3125064
62,000401,2018-03-06,0.042846768336964436,0.0442992011619463,0.23732835447264838,86287.5,559226.3039514344,3376,331417325,478634318,677999,736382,11797518,10606238,22909304,30282401,41355900,45285706,29786208,32752165,23534042,26786792,19616083,16057584,181740271,316127050
63,000402,2018-03-06,0.01254826254826269,0.01254826254826269,0.22875614396490523,12552.0,93989.93840443928,2052,39368539,42010058,1565298,1264287,10266395,8487231,5857531,5666496,7904524,8174926,3058441,4462205,2268496,1344425,1796037,3841142,6651817,8769346
64,000403,2018-03-06,0.0074550999661131545,0.00982717722805826,1.976617161868677,29585.0,109831.62301759978,222,6611219,6445049,66891,157044,817950,1113831,1232466,1258451,1747446,560288,1507859,1601020,695443,0,0,0,543164,1754415
65,000404,2018-03-06,0.05892857142857144,0.05892857142857144,0.180876765437025,11860.0,330645.86470097076,959,59866141,22236257,1620958,8460,6544614,215471,5264400,863214,7371946,1721929,5918616,770505,5354198,2286579,4873990,1814477,22917419,14555622
66,000407,2018-03-06,0.022184300341296925,0.008532423208191142,0.20676540809224284,4696.0,46739.3861981115,803,5502112,12076933,296723,923713,1562169,3108971,1000466,2902328,1503919,2772671,239496,1650689,0,718561,899339,0,0,0
67,000408,2018-03-06,0.001809408926417344,0.0006031363088059294,0.6286920170444585,16610.0,169144.1590207257,695,18692633,17835847,580493,680473,3590139,3511019,3125076,2384282,2967702,1860126,2793519,1522417,617329,1394852,460923,0,4557452,6482678
68,000409,2018-03-06,0.0017857142857145014,0.0,0.23716570873699272,6105.0,54588.97322782455,557,5573095,6605528,343442,791198,1417254,2076861,1483557,1091509,1225807,651202,495777,1212571,0,0,0,0,607258,782187
69,000410,2018-03-06,0.0008347245409014992,-0.013355592654424098,0.20444805584269643,84383.5,663429.862182822,3440,372365940,323941106,722092,625396,12864303,12011179,25604863,21482406,48462235,42836412,40527718,36276132,28091265,24091549,25262104,19671804,190831360,166946228
70,000411,2018-03-06,0.012368300503893925,-0.011910215300045768,0.8085169716678251,2160.0,99564.18437883817,729,8831955,11165747,1037341,159243,2465559,902403,1103690,1778404,1018295,2607059,0,1406735,1118190,347004,452340,0,1636540,3964899
71,000413,2018-03-06,0.017094017094017255,0.01098901098901095,0.1463640300544633,40792.5,301538.5254141152,3136,161327355,227901366,1435265,1776692,13201111,15463139,16885816,23645910,23398102,33411444,15272554,22714681,6357156,13025464,8556113,19369302,76221238,98494734
72,000416,2018-03-06,0.007168458781362075,0.008960573476702427,0.23674363093868708,7910.0,34830.57917639893,555,5363486,5966288,542030,544087,1921552,2335590,1359390,1367355,1540514,824107,0,219852,0,675297,0,0,0,0
73,000417,2018-03-06,0.014285714285714235,0.006493506493506551,0.22728127431892767,2328.0,36738.657841628876,1148,5045194,8503110,1581984,977764,2047201,1720092,847938,1144121,568071,1580587,0,1257554,0,0,0,1822992,0,0
74,000418,2018-03-06,0.04393620222690342,0.02738489316882342,1.6489408850439073,20146.5,122583.99023660395,1624,30345801,45771395,896202,2000943,6195016,11279021,5338325,7471048,4332636,7129646,1425842,4699683,1074018,3824898,428735,2232777,10655027,7133379
75,000419,2018-03-06,0.010948905109488871,0.009124087591240837,0.2896865843127256,9882.0,38831.18632047387,357,4527893,5096792,456924,297358,1638774,1013002,1293233,1743738,910446,1599494,228516,443200,0,0,0,0,0,0
76,000420,2018-03-06,0.006688963210702115,0.0033444816053511683,0.13588252217256896,7512.0,84688.1476221073,484,5981510,8664875,486033,536472,1672289,1478839,1077056,785268,918796,1672659,1014690,833080,394254,1073691,418392,465000,0,1819866
77,000421,2018-03-06,-0.003676470588235392,-0.007352941176470562,0.1584645021844439,4842.0,26018.75995394701,1179,10228319,4235919,2528597,468440,3297979,1848755,1694403,1005491,1492832,913233,1214508,0,0,0,0,0,0,0
78,000422,2018-03-06,-0.02898550724637683,-0.026086956521739202,0.0785997974163751,13520.0,174965.56047410262,1940,58978935,51092538,1307573,1610467,7154005,8257254,6437747,7097048,11861071,9068460,6895401,2701388,2987524,4081570,2180238,1328301,20155376,16948050
79,000423,2018-03-06,0.009920634920634885,0.0014880952380953438,1.1382220594850105,30095.0,125953.39502481138,2823,109819192,67380249,805511,676487,31161109,10817538,15337152,11497796,18941073,14510181,10650872,6766698,7389000,8227317,3188306,2726770,22346169,12157462
80,000425,2018-03-06,0.018867924528301883,0.004716981132075304,0.07574748241242396,35826.5,228728.08151817395,3154,110152757,169316991,1318445,2115227,13418370,19110377,17775451,22633994,19311338,23833817,8347495,19544886,6484911,11805739,7142428,8887504,36354319,61385447
81,000426,2018-03-06,0.029767441860465205,0.025116279069767433,0.2123754079724221,35802.0,247326.52257995142,2568,159790409,143758744,1059789,1158023,8692896,10957670,12888548,11677802,23887126,22921151,14960759,16168674,15321699,12143232,13044313,13465526,69935279,55266666
82,000428,2018-03-06,-0.005249343832021025,-0.007874015748031593,0.24300902813496875,7560.0,50764.43301073326,245,3590799,2200999,242435,220170,957165,935105,804408,533731,487387,257518,209721,254475,360375,0,0,0,529308,0
83,000429,2018-03-06,0.028061224489795977,0.01913265306122458,0.2621646478149725,4734.0,82679.26540806549,894,8492220,16645024,624643,950095,2045685,3183269,2063580,2600202,1317005,1635167,1319591,1890399,0,1735397,463596,462954,658120,4187541
84,000430,2018-03-06,0.007509386733416834,0.0012515644555695093,0.4523735623700273,6400.0,22745.998023018252,311,1795314,2602154,287662,338296,933951,1323360,208239,640872,365462,299626,0,0,0,0,0,0,0,0
85,000488,2018-03-06,0.025669642857142794,0.008370535714285587,0.33636437891342774,30429.0,269553.6830916704,2839,131857012,161979558,1282471,2070014,12526766,13038558,14492957,15712373,22391437,20826741,13835501,18804026,9606589,13367597,8766388,9326646,48954903,68833603
86,000498,2018-03-06,0.003058103975535076,0.0,0.242983081523503,6520.0,38695.20751160593,724,7925157,6298256,570629,604369,2734604,2451701,1694394,1188936,1448612,1791250,421222,262000,1055696,0,0,0,0,0
87,000501,2018-03-06,0.007476635514018781,0.004361370716510882,0.40722384941269263,4842.0,47219.195580159016,1554,14366588,17256880,1094632,2873254,3072456,5692559,4277583,2805815,4269811,2363906,289260,1031052,623431,364335,0,451567,739415,1674392
88,000502,2018-03-06,0.0551181102362206,0.05399325084364448,0.2675243479207203,9040.0,77335.56203587429,1107,14846223,19468790,772242,1498216,3961736,4374518,3684659,3556736,2324863,2800249,2461615,1607709,1078458,1377461,0,0,562650,4253901
89,000503,2018-03-06,0.0048346055979644476,0.0048346055979644476,1.6777911540875727,31592.0,3291948.980294813,548,159462425,148587600,773964,0,4470268,0,4351798,63040,3430961,0,3807764,721615,5688367,0,3031952,1368139,133907351,146434806
90,000504,2018-03-06,-0.03037667071688943,-0.027946537059538312,0.9074883824895736,19176.0,80379.67008043348,740,20245929,12756102,627572,545011,4400688,2779984,4582122,2358200,3971927,2145452,2913480,2187097,1685560,1007575,0,921583,2064580,811200
91,000505,2018-03-06,0.02832512315270952,0.0,0.2809488555896493,16140.0,91767.05472643381,835,22182026,10254693,873002,657839,4950596,3248090,3268023,2386601,4051108,2318927,2918236,953073,371680,690163,400500,0,5348881,0
92,000507,2018-03-06,0.04366812227074246,0.028384279475982543,0.17452948965979537,28500.0,218357.05911716423,2759,97768678,115548933,1877576,1722021,16052416,13289076,18438663,14050487,18740216,18043670,9559859,11695743,6175394,6317404,4574812,6842699,22349742,43587833
93,000510,2018-03-06,0.008474576271186418,0.005649717514124353,0.3050204834693653,7453.0,41173.08704291334,538,7172914,5767151,611329,661133,2053163,1779686,2072318,858684,2009317,1553898,426787,501502,0,0,0,412248,0,0
94,000513,2018-03-06,0.04293000850099182,0.038537829413431535,1.3102680104427413,58623.0,274501.4217510252,2902,151558961,221062528,1232459,974854,11865026,11957764,19356793,21697278,29244188,38023308,22544866,21390599,16356634,18444987,8893083,12817558,42065912,95756180
95,000514,2018-03-06,0.04885993485342022,0.03583061889250816,0.17849463541054478,12780.0,71687.32989540056,1184,22051771,21059414,1045114,888618,4991432,5367156,4203258,5874453,4149358,4364425,2736659,2659705,2027575,1009840,453435,895217,2444940,0
96,000517,2018-03-06,0.06966292134831442,0.04044943820224711,0.08123263559453171,31430.0,182401.70800383907,3019,120483594,138192717,1812514,1610321,14989582,15140647,15793041,17547270,26598698,21385236,11726510,18457377,8585502,12881795,5767913,4604742,35209834,46565329
97,000518,2018-03-06,0.027075812274368394,0.018050541516245522,0.23461986980767052,6720.0,40784.08699674573,557,4246932,6252181,476143,692315,1501410,2414027,449121,1346854,677854,1179907,285441,284878,0,334200,856963,0,0,0
98,000519,2018-03-06,0.00990099009900991,0.003712871287128605,0.17736148788260747,16725.0,108072.68364537685,2078,44522510,46834821,2031438,1618947,11706471,9381342,9710585,7427184,10147038,9355112,4049124,5661065,1359967,2739074,1213330,1688489,4304557,8963608
99,000520,2018-03-06,0.009036144578313365,0.006024096385542244,0.124981578624796,4634.0,52733.52754712888,706,7260380,6207132,844053,435310,2282183,1924699,1410238,1046241,1559188,1259045,461674,0,0,756648,0,0,703044,785189
100,000521,2018-03-06,0.020930232558139528,0.018604651162790642,0.13771013694003822,9548.0,57571.133713816926,976,11380700,16961805,964429,862659,4092640,4751650,1505084,2777288,1639319,4975863,925432,990360,754507,1626327,905760,428298,593529,549360
101,000523,2018-03-06,0.02256699576868826,0.01128349788434413,0.3806494274284723,13575.5,60994.17230052768,346,4720791,7236955,342824,330905,1506153,1666003,727146,1277380,1514908,1245319,0,883190,629760,1405158,0,429000,0,0
102,000524,2018-03-06,0.005725190839694472,0.003816793893129722,0.3271513502312784,2112.0,22859.30181936881,1026,5905404,5300056,566594,1391406,2275439,2163427,1328425,1300452,1053273,224928,681673,219843,0,0,0,0,0,0
103,000525,2018-03-06,0.057250313414124676,0.03844546594233189,0.5028796087585236,37832.0,188757.29151043968,2266,99853420,121903250,1076309,1191438,10399211,9845623,11604445,12036665,20772869,19074264,13716760,19320829,10808864,11387226,4541047,10512103,26933915,38535102
104,000526,2018-03-06,0.0010737294201861314,-0.006084466714388004,1.9716219661740433,13900.0,145323.47572943743,200,4731303,3792965,164916,201514,942195,798723,707630,195782,753520,815555,487860,0,0,327366,0,416550,1675182,1037475
105,000528,2018-03-06,0.004192872117400492,-0.004192872117400381,0.18210934333666207,28559.5,147442.7246032069,2748,102476701,102480380,1404901,2017543,13640525,13178620,14149459,16114683,18873676,21169586,12382885,11724599,7310264,10787270,7469856,8162534,27245135,19325545
106,000529,2018-03-06,0.016000000000000014,0.011200000000000099,0.30507588193490276,5080.0,46788.24196416441,419,4072142,5267290,603816,322400,1124151,1235297,695340,1300649,317500,1496718,1023360,283950,307975,628276,0,0,0,0
107,000530,2018-03-06,0.01217038539553772,0.0,0.20136978421553509,8712.0,52499.579913488364,599,9123170,6044548,903424,645205,2544497,1991474,1636042,1143329,1995461,1634714,490812,245000,383376,384826,0,0,1169558,0
108,000531,2018-03-06,0.005633802816901401,0.005633802816901401,0.37372817662038804,10981.5,32835.20707772245,360,4646967,3297134,327788,340312,1640466,1594656,870999,950455,1338704,411711,469010,0,0,0,0,0,0,0
109,000532,2018-03-06,0.0,0.0028571428571428914,0.3447209895516198,11555.5,66076.63882198675,928,17561328,11319980,755693,718586,4529913,4107378,3141639,2190538,3392276,2605708,2030667,665330,1345328,0,0,0,2365812,1032440
110,000536,2018-03-06,0.011990407673860837,0.007194244604316502,0.10336624410343961,8360.0,69174.31036242843,1634,25178977,22197234,1624490,935367,8314582,5065714,4661034,3180706,4416433,4478735,3445691,4193361,1098714,1666689,430262,431538,1187771,2245124
111,000537,2018-03-06,0.03228285933897013,0.024596464258263007,0.2702185735427505,25480.0,143406.20284337446,2322,71866026,87498645,848680,1541567,9506050,13949174,11992966,11186964,13079959,17936994,8768273,8394573,6801134,7122284,4805056,4396243,16063908,22970846
112,000538,2018-03-06,0.015542974781266095,0.01235203293875431,2.175027348953034,39088.0,332392.19816725317,1995,114889359,111902419,2214202,2442927,11545954,8266654,12100743,8208542,15464596,13703721,11630745,9247206,6720202,7241490,9440280,5590547,45772637,57201332
113,000539,2018-03-06,0.01541850220264318,0.011013215859030812,0.19766628280023613,3640.0,58836.421607707816,527,3772096,6866623,418086,447588,1137603,1375080,920479,1334870,1070703,755075,225225,213894,0,1055090,0,869699,0,815327
114,000541,2018-03-06,0.013651877133106005,0.007963594994311762,0.20643870297644248,5328.0,49323.40152531427,1814,14082956,23461716,1391727,3689956,3202552,6974259,2554787,4741858,3519837,2849161,981120,1988087,327303,1746648,1310888,421324,794742,1050423
115,000543,2018-03-06,0.015283842794759916,0.015283842794759916,0.15906852416606104,6899.0,118056.545354714,829,11888108,19886211,703613,827598,3264649,2481600,1414351,2114386,2321370,1560679,2253511,5785469,1021796,996688,908818,0,0,6119791
116,000544,2018-03-06,0.0030464584920029125,-0.0007616146230008392,0.6281357964160007,13110.0,34094.61959504524,436,5970554,4159593,295544,453419,2054290,2099801,1319785,984538,1864372,404043,436563,217792,0,0,0,0,0,0
117,000545,2018-03-06,0.008528784648187626,-0.002132196162047073,0.12269636693560065,13076.0,103583.95617496713,1464,35538446,20620881,1455569,1278626,7084762,6291985,5469125,4573854,6205460,3365989,2690474,1489633,1769518,1135391,2345919,926916,8517619,1558487
118,000546,2018-03-06,0.013605442176870763,0.007482993197279075,0.41136111246549517,8910.0,44626.639075369356,1277,16744895,12958432,1361684,1071501,5215754,4111569,4227442,2839016,3730323,2570382,1645740,552660,0,957754,0,855550,563952,0
119,000548,2018-03-06,0.006420545746388395,0.0016051364365969878,0.2877350395614913,11214.0,58382.23837377716,468,7756981,4963925,470172,458547,2291744,1580835,1696768,1024986,1123823,987005,0,539352,992810,373200,0,0,1181664,0
120,000550,2018-03-06,0.00716112531969304,-0.000511508951406725,0.5349942761439043,19480.0,118750.5964295347,1335,42976192,26545954,1228812,1338646,7263113,5290479,6353482,6224857,8125567,5297777,3447426,1330539,3548109,1389423,2180030,490644,10829653,5183589
121,000551,2018-03-06,-0.00417827298050133,-0.005571030640668551,0.3341191520629005,8604.0,84860.82538444005,461,9571927,5121373,498178,230541,2116567,1378548,1232161,1290280,1255608,1549436,966948,672568,340800,0,0,0,3161665,0
122,000552,2018-03-06,0.04761904761904767,0.03361344537815136,0.08133026499923995,5061.0,133992.52911708443,1934,27199457,54398209,537023,1878163,4788170,6678552,3676916,6257167,4346747,8607006,3839621,4782330,1469742,4114267,1299006,3685472,7242232,18395252
123,000553,2018-03-06,0.028591352859135277,0.015341701534170138,0.376032644882227,14560.0,117017.6948668791,1454,27171599,38256459,850302,1168075,6755495,7565751,4895742,6883618,4420100,5739820,2160409,2237240,2502391,1935754,0,894415,5587160,11831786
124,000554,2018-03-06,0.01333333333333342,0.007407407407407307,0.27452199187109994,12660.0,99806.65471891999,604,10788645,14315019,506439,707397,2163028,2525762,1928324,2516297,2759962,2247344,502000,2316051,1312792,340000,0,876528,1616100,2785640
125,000555,2018-03-06,0.03252032520325199,0.019873532068653832,0.2306918823642498,22810.0,100189.85577064718,2306,57879307,64143180,1372258,1216642,10611759,12850637,12205076,10708469,16557226,14898065,7489624,8249311,4339877,4105425,3643757,1764420,1659730,10350211
126,000557,2018-03-06,0.009216589861751112,0.004608294930875667,0.19557691707128882,8720.0,47269.35455173853,492,5523930,4575970,589711,471636,2030335,2025115,1287717,981093,800978,748526,0,0,0,349600,0,0,815189,0
127,000558,2018-03-06,0.016393442622950838,0.011709601873536535,0.1122501460077519,12809.0,124852.49028127835,1451,34132496,44245965,1059756,1574606,4895313,6325229,3885060,5248705,7202147,8165429,4571817,5449141,2020545,3378244,1884397,3471441,8613461,10633170
128,000559,2018-03-06,0.0033149171270716593,-0.0011049723756907381,0.24515442427926734,11713.0,86500.59538701092,1363,28707227,15800599,1506673,1286164,6409075,5854013,3929870,2894118,5645540,2729381,2783438,2712349,1310463,324574,932731,0,6189437,0
129,000560,2018-03-06,0.01183431952662728,0.004733727810650956,0.2902919580870977,11816.0,50657.35371695768,847,12421451,13671104,836130,852967,4049606,3486369,2333494,2717347,2706220,5425692,1125850,1188729,0,0,1370151,0,0,0
130,000561,2018-03-06,0.015602836879432758,0.008510638297872353,0.22372969488964442,7050.0,44042.638785737574,993,9599870,12015624,1286505,680903,3026467,3379822,1834922,1564528,2318916,5712085,431060,220272,0,0,0,458014,702000,0
131,000563,2018-03-06,0.004819277108433662,0.00240963855421672,0.10868560270567686,6987.0,83927.16927932721,1462,20879846,22979794,1264279,1545627,4791661,5062092,3292571,2827790,3250999,3987000,1669271,2251055,1724398,1678507,878947,1290087,4007720,4337636
132,000565,2018-03-06,0.0032102728731941976,0.0016051364365969878,0.29813600422243436,4988.0,29967.683969686183,436,4421244,2794042,274551,445819,1814681,1335109,931342,735599,912946,277515,487724,0,0,0,0,0,0,0
133,000567,2018-03-06,0.009382329945269774,0.0031274433150900727,0.812105024614127,15342.0,100689.28124090203,992,18709113,21582758,744938,706313,4417301,4656554,3356456,3886227,3841769,4650444,1468847,3350609,680293,301860,1323543,0,2875966,4030751
134,000568,2018-03-06,-0.0046431642304384235,-0.017024935511607997,1.0546650303126384,50944.5,264415.0602299947,3042,177278795,187117837,935060,799308,10840386,15333509,18517355,18191148,35978665,31354027,25701992,23639262,18672894,15119267,11477164,7974209,55155279,74707107
135,000570,2018-03-06,0.014056224899598346,0.0060240963855420215,0.2632334576224553,2505.0,24255.989462607507,357,1842103,2724616,127745,444693,853160,1323197,510498,525027,150300,431699,200400,0,0,0,0,0,0,0
136,000571,2018-03-06,0.004132231404958775,0.0020661157024792765,0.14407232090041286,2410.0,44422.02416663202,1129,7087931,10122678,379542,1346292,1984878,3660793,1732350,1421477,2020598,1293239,636398,204120,334165,367145,0,488936,0,1340676
137,000572,2018-03-06,0.010309278350515427,0.010309278350515427,0.12255942058617711,7800.0,139467.0652785486,1004,16245597,18007125,1103345,931295,4226964,2988915,2977609,1634194,1695565,1974492,1107641,1746686,1089180,714447,893390,475456,3151903,7541640
138,000573,2018-03-06,0.012552301255229992,0.006276150627614996,0.22176815769221908,4780.0,59758.36474431081,464,3518192,7562302,323344,412113,1555275,2244022,540149,1122348,766224,856243,0,950908,333200,356680,0,899988,0,720000
139,000576,2018-03-06,-0.0033653846153846034,-0.004807692307692402,0.6137265100361919,14441.0,445134.6070224391,1151,40257916,33237241,1252769,639893,6637260,4151073,4556244,3610288,3288068,4791356,1369614,2954871,1351790,1953000,0,414000,21802171,14722760
140,000581,2018-03-06,0.007151872107698853,0.0008413967185527671,0.5020124810732187,21222.0,187341.87639288238,2242,81178204,73613174,1354846,2128959,10406023,12263737,8038102,9063440,9260134,10385935,9908856,9632944,6682221,4103485,5424784,4998254,30103238,21036420
141,000582,2018-03-06,0.015730337078651457,0.003370786516853963,0.3379183111115111,10643.0,54178.86915530847,693,11338491,8882662,782651,872458,3139857,3339008,2374666,1450554,1955845,1799490,645842,633504,1459997,337648,458666,450000,520967,0
142,000584,2018-03-06,-0.01040312093628093,-0.012353706111833618,0.45148699676636117,27603.0,92432.12276313997,1160,36729193,21554928,749591,499451,10835914,4739030,6042087,4869002,6055780,4312827,3200542,1910397,1987432,1037227,880360,2290032,6977487,1896962
143,000585,2018-03-06,0.008902077151335286,0.0029673590504450953,0.13420597487771552,5392.0,58528.27178703222,631,7620899,5561755,654169,544831,2144782,1578071,1170922,831218,947706,1439271,692082,476181,665238,0,0,0,1346000,692183
144,000586,2018-03-06,-0.0031645569620253333,-0.0113924050632912,0.6405069818999124,9369.0,51562.349039228124,608,7731551,5740177,703486,662527,2823910,2181868,1778587,1007031,1071600,475853,708128,0,0,0,0,1412898,645840,0
145,000587,2018-03-06,-0.004310344827586188,-0.001436781609195359,0.17078522002614888,13880.0,215236.25003293017,1664,37896063,65296408,1266646,1339053,7567543,7075714,6505555,4205452,6424524,7833113,2625587,4910025,3632243,4255861,467735,3361200,9406230,32315990
146,000589,2018-03-06,0.009345794392523477,0.004672897196261516,0.24083915193038016,7293.0,64038.834532211426,315,4050478,4034439,498533,216737,1131601,1398781,499441,719475,366111,290458,716044,0,315008,386606,0,401190,523740,621192
147,000590,2018-03-06,-0.01273344651952446,-0.01697792869269943,0.6818603944985324,3459.0,21286.04636978801,298,2734637,1156528,226762,124141,1120376,826349,923504,206038,463995,0,0,0,0,0,0,0,0,0
148,000591,2018-03-06,0.0,-0.0019762845849802257,0.12858084418065094,5040.0,49802.34755333122,1552,15396411,13351305,1451013,1594489,3725778,4403095,2212359,2434796,2101756,3202942,1532927,1043828,1425570,0,1279580,0,1667428,672155
149,000592,2018-03-06,0.03456221198156695,0.032258064516129226,0.10704838915596966,13440.0,127645.12224249527,1648,31987160,53019876,1501373,1344812,8123448,6533441,6014111,4137276,6571890,8528521,2410486,7898340,2741281,4235893,2253601,3938034,2370970,16403559
150,000593,2018-03-06,-0.0013986013986014845,-0.004195804195804231,0.2727460469916227,6381.0,44730.34183916702,687,8515506,5980897,648541,831318,2479144,1866209,1029546,1470156,2046968,1011676,1682957,0,628350,314530,0,487008,0,0
151,000595,2018-03-06,0.0022988505747127963,0.0,0.17844466429251368,7309.5,34294.913113641145,594,6394875,4201915,687420,654472,2255067,1799707,1016784,1335703,1617705,412033,0,0,387899,0,430000,0,0,0
152,000596,2018-03-06,0.0022827327572150224,-0.009946192727865677,1.514082915279599,18309.0,125501.7130279528,1641,47430288,47012011,1121804,1157878,8821206,8648633,6144392,6224786,8828667,7109224,5625859,3957085,4420428,3710369,3991173,2570038,8476759,13633998
153,000597,2018-03-06,0.03810504634397516,0.03501544799176104,0.26895823234801713,10670.0,86168.30739635156,1304,22516482,30874942,1326244,1067958,5752601,4441381,5471689,4040278,4063920,6016436,2021784,4415116,1925118,3117804,427230,2590640,1527896,5185329
154,000598,2018-03-06,0.0040000000000000036,0.0020000000000000018,0.13376539089448664,6487.0,78692.08697782716,1399,20842119,19000091,813627,1900298,5765161,3274490,3883063,3047563,2038022,3194088,1959387,3710115,355500,741500,1388086,952000,4639273,2180037
155,000599,2018-03-06,-0.009331259720062102,-0.007776049766718529,0.1837070665875386,12640.0,146990.90797214277,1226,34018753,16840661,1133999,1103581,4868616,5548316,4847266,3727300,4078698,3151497,2146981,2370071,1380453,347050,887772,0,14674968,592846
156,000600,2018-03-06,0.014814814814814836,0.007407407407407307,0.1719733883022488,12958.0,137633.9075838796,1542,41423394,43047992,1200892,1180194,5839029,5732991,4935073,5308381,7156002,6662220,2886626,5469875,5267799,3859234,3660692,4845249,10477281,9989848
157,000601,2018-03-06,-0.011644832605531286,-0.008733624454148492,0.3250074773648437,2712.0,35281.24561157852,446,3695216,3947687,189621,575053,1101542,977985,902698,745846,1225955,1434655,275400,214148,0,0,0,0,0,0
158,000603,2018-03-06,0.027340513670256916,0.0173985086992543,0.36537912664592465,16702.0,103454.56895834631,1091,22993424,25084812,624771,1031195,4823346,5605002,3753083,4104398,4615865,5133026,2308511,2827191,4446840,1371924,881580,0,1539428,5012076
159,000605,2018-03-06,-0.001818181818181941,-0.00545454545454549,0.4158243855730303,14868.0,74356.41551206705,1575,33564777,27609433,1702288,1107271,7872984,5817830,6623627,5271230,6690802,5040616,2743492,4780709,4073680,2133596,3292404,478295,565500,2979886
160,000607,2018-03-06,0.02259887005649719,0.01318267419962349,0.22881462765521848,4554.0,33811.78011816276,538,3246775,5597935,295658,671088,1498470,1649028,692447,864616,760200,1175102,0,1238101,0,0,0,0,0,0
161,000608,2018-03-06,0.041907514450867156,0.021676300578034713,0.2053374481492669,12316.5,52126.314516711216,1136,15479645,17794551,954544,1160149,4573486,4984927,3864140,4325835,3329171,3699514,1615083,984684,658121,1348200,485100,1291242,0,0
162,000609,2018-03-06,0.009782608695652062,0.006521739130434856,0.43189328995342985,9270.0,46968.82628339416,453,5199403,5025524,572977,509908,1894072,2046620,614844,1194531,683568,414714,675451,0,317812,398675,440679,461076,0,0
163,000610,2018-03-06,-0.014662756598240456,-0.022482893450635477,0.43444078870382147,10010.0,33911.86849938071,554,7737137,4963709,273040,634370,2572149,1978574,3461552,1122276,790277,525970,640119,702519,0,0,0,0,0,0
164,000611,2018-03-06,0.01646706586826352,0.01646706586826352,0.3896394943700196,10896.0,41540.511383399455,293,3228555,4236743,162386,213319,1328827,1226625,651207,931112,681735,1317239,404400,202500,0,345948,0,0,0,0
165,000612,2018-03-06,0.03379224030037542,0.030037546933667114,0.193842195283872,6580.0,86333.3207749527,1702,26685717,30766742,1110081,2027730,5025523,5191416,3244445,5306677,8921621,6397235,1617736,3131074,1701638,1924055,2226717,450724,2837956,6337831
166,000613,2018-03-06,-0.0033333333333332993,0.004444444444444251,0.3194100277572708,9954.5,62202.78989709406,794,13940389,8449477,793848,946030,4202393,2727527,2608449,1707078,3525294,375594,1796711,538496,1013694,1016252,0,0,0,1138500
167,000615,2018-03-06,0.009463722397476282,0.008412197686645584,0.19745508463570124,22560.0,134109.6905135383,2323,80561391,75092657,1829755,2202059,10691410,10682504,12190649,9834643,16367903,12301625,7974399,8990624,8515980,9364571,8585691,5198370,14405604,16518261
168,000617,2018-03-06,0.015118790496760237,0.008639308855291628,0.5145921308144773,13970.0,52025.345554786516,728,11218647,9738122,558052,709680,3847139,3147302,1799722,2518622,2966784,1516332,870850,1184871,0,661315,0,0,1176100,0
169,000619,2018-03-06,0.009790209790209614,0.005594405594405494,0.3913166212511766,5744.0,47736.82460487634,333,2704244,3747542,192518,688605,1000853,1004654,467811,544768,179750,517668,0,991847,357840,0,0,0,505472,0
170,000620,2018-03-06,-0.001626016260162677,0.003252032520325132,0.2724000454662481,5499.0,46224.82294889754,509,5473105,4403591,340620,440222,1649828,1723849,1056356,819123,1008661,824375,460550,596022,305000,0,0,0,652090,0
171,000622,2018-03-06,0.01891252955082723,0.016548463356973908,0.28142985881405475,3415.0,19411.069293786422,225,1110153,1661329,111002,182712,762761,921078,236390,429739,0,127800,0,0,0,0,0,0,0,0
172,000623,2018-03-06,0.01781415503129513,0.013480982185845036,0.43989930644789815,18846.0,118109.54599297696,2229,55067401,70036468,971420,2290182,8058413,11561694,7907811,11405181,10890376,12817587,9445014,7797296,5428380,4842070,2677188,2252092,9688799,17070366
173,000625,2018-03-06,0.008319467554076532,0.008319467554076532,0.25264424676131747,24240.0,134416.27625260505,2264,58283246,91874167,1194070,1552596,9219378,12661086,9144660,17493732,12986477,14218698,7576732,9058815,4727532,5665073,2259233,3634546,11175164,27589621
174,000626,2018-03-06,0.01243339253996445,0.017761989342806483,0.41082347942680786,12353.0,70294.90120303043,751,11901200,15968534,702819,428269,3419055,2812855,2777260,2317776,3782641,3694869,1219425,2935325,0,334340,0,0,0,3445100
175,000627,2018-03-06,0.031746031746031855,0.029100529100529293,0.1736190574861765,15560.0,167015.09120475122,1898,47544161,81646940,1662057,1366085,7393066,7877378,6704618,9198223,6873563,12223717,6836091,8598134,3629926,7808387,3621451,4762060,10823389,29812956
176,000628,2018-03-06,0.0051948051948051965,0.007792207792207684,0.30158131735604526,10969.0,64215.17984283215,652,9412923,9824821,532322,768495,2792501,2421158,3031066,2173479,2479234,943461,231300,0,346500,979740,0,918388,0,1620100
177,000630,2018-03-06,0.010948905109488871,0.007299270072992581,0.05880074697624189,9555.0,227734.04145107928,2196,52149722,81679711,1491251,1988764,7202788,8171340,6313096,6341972,5214756,8407047,6202284,7470640,1933042,4022240,2307388,3211818,21485117,42065890
178,000631,2018-03-06,0.009615384615384581,-0.0024038461538461453,0.12227037950590663,2891.0,62565.0365556367,1160,12599536,8658325,850106,997636,4047981,2556331,2069913,1123588,2350681,1143552,767504,776413,0,300251,461852,1241000,2051499,519554
179,000632,2018-03-06,0.021089630931458547,0.019332161687170446,0.287442039946005,2845.0,29651.26667015118,391,2303321,3081604,277018,352639,788949,878056,491004,660439,746350,915620,0,274850,0,0,0,0,0,0
180,000633,2018-03-06,0.020935960591133007,0.009852216748768461,0.44924183688753533,10653.5,47573.688046464165,326,3079456,6048724,336238,276879,1637789,998105,743495,1591253,124424,2011354,237510,697174,0,0,0,473959,0,0
181,000635,2018-03-06,-0.0036603221083455484,-0.0007320644216690653,0.49987657717385264,6770.0,40375.00927944421,746,8321429,5304646,1134789,595438,2658939,1901420,2212302,1169502,1253243,636856,217280,451824,321846,0,0,0,523030,549606
182,000636,2018-03-06,-0.0031347962382444194,0.0,0.22755224446883823,59549.0,271333.4712022461,3149,214889783,214911705,899203,985725,13357161,12714551,20823800,19398747,38859693,35474143,25194861,27031381,26132157,17850954,16732516,15402549,72890392,86053655
183,000637,2018-03-06,0.003717472118959231,0.0,0.29577576322618016,10720.0,51811.486230736926,330,4241422,4527313,258932,246802,1032353,1923766,897338,940270,865149,1416475,477430,0,0,0,0,0,710220,0
184,000638,2018-03-06,0.004474272930648837,0.0,0.25330314770614176,14224.0,73322.36732619422,1246,23429452,20642426,1480969,1140771,6553237,4861435,5166622,5853517,4128173,3854303,701634,2564102,1245658,689672,913343,821484,3239816,857142
185,000639,2018-03-06,-0.004932182490752002,-0.0036991368680640013,0.5944826948943486,9633.0,44468.01051131252,744,8826967,6407856,987773,657192,2527217,2774162,2149368,1192659,1645157,1214257,723452,245586,0,324000,0,0,794000,0
186,000650,2018-03-06,0.0060975609756097615,0.00203252032520318,0.1703746662486645,5434.0,84114.32748428041,834,10097761,7817874,1418015,793685,1518407,2104008,1017062,1434756,982905,1506944,469276,255420,737236,346500,494000,831352,3460860,545209
187,000651,2018-03-06,-0.0011554015020219799,-0.009243212016175506,0.866339613206721,290985.0,794109.7246686751,3593,936783016,835199192,15319,38536,3289182,2508967,12965491,14413621,48916785,47166209,60991623,58093005,66019245,62240131,63669663,55557716,680915708,595181007
188,000652,2018-03-06,0.006833712984054774,0.004555808656036442,0.14142621796179744,8820.0,89575.16494173072,964,15690670,19584220,1421456,696884,4024302,3047654,2152983,3133754,2461981,3850988,1618730,2292875,2085866,1051232,442000,2171248,1483352,3339585
189,000655,2018-03-06,0.03041825095057038,0.028517110266159662,0.18406226705779888,10500.0,93841.49560484926,817,12704698,18033419,595526,706090,2859698,3287348,1820782,2457880,2034621,3405525,2392513,2513136,717919,2400101,485893,0,1797746,3263339
190,000656,2018-03-06,-0.003868471953578201,-0.003868471953578201,0.15354240659931262,15270.0,101245.37299870203,1135,31234090,15655932,814699,740389,5659721,4894470,6574262,2830943,4603584,2611268,2269559,1974623,2702268,0,2234260,919085,6375737,1685154
191,000657,2018-03-06,0.009466437177280573,0.005163511187607606,0.3553864326642583,11570.0,58069.39972299695,1069,13834227,15326295,793948,1046524,4632570,4120153,2453666,3532751,3113559,3417751,711673,1442542,661971,1049620,453960,0,1012880,716954
192,000659,2018-03-06,0.011331444759206777,0.0056657223796034994,0.1570617873905923,11062.0,69026.02801779904,505,10523593,7893720,395158,382738,2285250,1799627,1762966,1126682,2388778,1554258,1568554,986120,2122887,695959,0,1348336,0,0
193,000661,2018-03-06,0.024494794856093183,0.02143294549908137,3.416428002154622,64679.0,263394.441937113,2291,110794932,209601980,1815,7000,7613621,20031681,9332979,21302783,16874570,28323771,10753609,17045135,13545819,16660683,9951142,14201673,42721377,92029254
194,000662,2018-03-06,0.009385665529010101,0.007679180887371961,0.35621987718735265,11780.0,67900.12132213137,1082,17025389,19715938,640122,1102709,4445402,4447236,2533520,3160050,4112720,5577446,1972254,1216633,1731383,1636064,873696,814740,716292,1761060
195,000665,2018-03-06,0.004166666666666874,0.0010416666666666075,0.43868883848133805,12473.0,79118.45832271947,478,10600901,8056779,688932,320568,2318443,1906203,2015075,1965352,2703322,2230193,201267,491608,690164,0,434823,0,1548875,1142855
196,000666,2018-03-06,0.015761821366024442,0.003502626970227851,0.3952139412761388,8520.0,57882.979245801005,1879,30475415,25664803,1166950,2202237,6032475,6041704,10935872,5868351,5724945,6123774,1677916,1937947,2763697,2106176,840331,869814,1333229,514800
197,000667,2018-03-06,0.01333333333333342,0.0033333333333331883,0.10225500139197692,4228.0,56156.33489084066,863,8723171,8867458,657397,1306845,2212878,2431566,1268312,1372074,1615737,2223572,491177,1232501,0,300900,442770,0,2034900,0
198,000668,2018-03-06,0.011895910780669094,0.014126394052044633,0.8282626167175938,10856.0,48407.26986425546,263,3115972,2872620,217262,111504,924066,1181329,784347,872765,127965,170478,267800,200508,393432,336036,401100,0,0,0
199,000669,2018-03-06,0.0016920473773265332,0.0,0.40314299914911766,4708.0,54829.33544609716,859,9047218,10484925,421106,1255401,2398066,2322206,1066580,1342585,1433549,2602278,1731527,2126863,920025,327762,0,0,1076365,507830
200,000670,2018-03-06,0.0125899280575541,0.0053956834532373765,0.10009549605316351,28662.0,100706.01145413531,3099,98990476,86434134,1687207,1625328,15620762,15482771,19903982,17480115,30624610,25460312,13297074,5961479,7306665,4718038,2982531,4166375,7567645,11539716
201,000671,2018-03-06,0.05392156862745101,0.01593137254901955,0.15171366182484816,31064.0,279458.22965604614,2900,152456163,155693019,1421748,1695933,11736407,14055902,17427907,15749881,21887896,20362104,13796506,14423714,5927350,11981521,6685023,8481600,73573326,68942364
202,000672,2018-03-06,0.05155482815057266,0.023731587561374834,0.21168205662411366,87472.0,293741.7579641608,3339,277493496,255400433,459053,706151,11873291,11047790,27205399,24504771,57403724,53950308,37062663,34827257,21960448,28478788,18047280,19546611,103481638,82338757
203,000673,2018-03-06,0.0006702412868633267,-0.002010723860589758,0.45903858828006994,27516.5,350365.16963330103,1056,27898136,98998678,725352,350991,5862933,3377655,4270753,6821851,4479272,7538570,2476091,6708742,1720358,3765204,452620,4113673,7910757,66321992
204,000676,2018-03-06,-0.012875536480686733,-0.008583690987124415,0.33401578417297817,9392.0,61961.904073485865,1217,16502861,16428975,737748,1207689,5211908,4298704,4015901,3846695,2840571,3756435,1236382,943672,324921,629850,465160,0,1670270,1745930
205,000677,2018-03-06,0.021406727828746197,0.00917431192660545,0.1540326631826254,3320.0,60890.61534509078,451,3880955,3384234,540495,321658,989385,1219525,596433,628642,1069112,112209,290730,0,394800,0,0,0,0,1102200
206,000678,2018-03-06,0.0015503875968991832,-0.0015503875968991832,0.24200508223878053,7073.0,34039.29800492546,710,8982572,4633309,879174,743142,3257153,1894384,1721782,1390070,1955574,605713,795245,0,373644,0,0,0,0,0
207,000679,2018-03-06,0.00819672131147553,0.006557377049180246,0.34875513864995406,3060.0,30365.716209654944,305,1606837,2937346,209636,310369,893450,745363,204103,660200,299648,796449,0,424965,0,0,0,0,0,0
208,000680,2018-03-06,0.015695067264574147,0.004484304932735439,0.11188649849621621,1347.0,37653.320908486756,1592,12877251,9374097,1503051,906518,4739784,2705077,3093532,2201555,1628955,1099921,744828,204736,744293,1316490,422808,939800,0,0
209,000681,2018-03-06,-0.013980868285504044,-0.029065489330389993,0.5138262389008887,44661.0,226604.08400022515,2805,176888195,140555944,968986,1181415,10108118,13570495,16286123,16242984,26140155,26217136,23230212,16938878,13403505,12160046,9799345,10274915,76951751,43970075
210,000682,2018-03-06,0.015624999999999778,0.01785714285714257,0.17651611138807893,9040.0,57939.90077803482,644,9092222,7429194,711594,672501,2805117,2447556,1068547,1041947,1650958,1061751,1136151,1127351,677810,0,411775,485183,630270,592905
211,000683,2018-03-06,0.0,0.0,0.06742527447852949,2890.0,129072.14063837907,1841,25420971,23126971,1165537,1535154,4205776,5992001,2959157,2756982,1777460,3263606,1836742,1537673,1028563,1006421,429286,0,12018450,7035134
212,000685,2018-03-06,0.014447884416924683,0.01031991744066052,0.2930347427464912,4885.0,93168.03738557511,1093,12043364,15178971,1211224,1131339,3039879,3254937,1905578,2367884,3326068,2273553,507000,1784469,0,754332,0,466657,2053615,3145800
213,000686,2018-03-06,0.012422360248447228,0.012422360248447228,0.20496028473474903,16300.0,166653.87025241982,1543,37681302,55952575,1591701,863447,7122699,7238771,6207166,6173618,7034281,8049456,4294658,7543376,2510889,3599632,2664387,4169538,6255521,18314737
214,000687,2018-03-06,0.00995024875621886,0.0029850746268655914,0.31703429684750145,16983.0,95536.77928411306,1005,21244056,26064121,724956,638690,4206256,4463933,3125686,4372808,5003937,6749472,2923099,3420049,306000,1722116,855251,2163491,4098871,2533562
215,000688,2018-03-06,0.0,-0.0010266940451745254,0.31279260538296516,9720.0,171224.3106122039,969,23349501,17455211,1263322,685663,4276916,2890780,2753154,5062701,3535121,2709020,1667212,2476550,734832,1040360,934571,0,8184373,2590137
216,000690,2018-03-06,-0.0012562814070351536,0.0,0.29369318986694365,15940.0,116047.4685941446,734,21888281,19227847,574005,748870,3305071,2769610,3736267,3996385,2829930,4249777,2278260,1400326,1170420,3543796,1367258,888015,6627070,1631068
217,000691,2018-03-06,0.00996677740863805,-0.0016611295681062677,0.2612445845961257,8400.0,236046.78629048055,531,22613218,8112536,569411,570455,2106863,1544702,1325633,629084,1275495,1021391,1226406,0,300600,0,464824,0,15343986,4346904
218,000692,2018-03-06,0.0024937655860348684,0.0024937655860348684,0.2042358258450515,2406.0,26710.971061687298,385,2779779,2712114,313870,202512,1165704,1159810,673432,694039,626773,455253,0,200500,0,0,0,0,0,0
219,000695,2018-03-06,-0.01175213675213671,-0.010683760683760646,0.6902071989519845,4675.0,23133.84068740733,183,1913741,579372,204227,208192,677652,312779,738272,58401,293590,0,0,0,0,0,0,0,0,0
220,000697,2018-03-06,0.02363445378151252,0.02573529411764719,0.5307167278986352,19530.0,100346.23929824708,1287,30258326,36766696,1073405,1386141,5884085,5656369,5728798,6393528,7475689,7129687,4600249,3375487,708178,4191374,1799915,2189862,2988007,6444248
221,000698,2018-03-06,0.014598540145985162,0.005474452554744325,0.26012831979711987,11020.0,70472.4962265361,443,7496206,8420823,259848,355804,1587976,1748021,1672484,1198630,2292183,1501764,1188715,1412348,0,993056,495000,0,0,1211200
222,000700,2018-03-06,0.01603206412825653,0.012024048096192397,0.208166337258825,5080.0,73483.01754838601,574,7440322,7963330,706382,362374,1625167,1801559,1045056,887934,1492321,2044354,1413312,853156,0,338169,454500,0,703584,1675784
223,000701,2018-03-06,0.0155131264916466,0.013126491646777927,0.2035547745679806,12510.0,85247.83665908367,1697,31528670,31146452,1319681,2029223,6842878,7485324,6656416,6167503,6574735,6282707,1745040,3055003,2137472,1369619,1737821,1337375,4514627,3419698
224,000702,2018-03-06,0.0031796502384737746,-0.0015898251192368873,0.22386855272697243,13838.0,56431.10229031086,789,10912170,12592289,800243,577062,4129023,2561851,2496249,2741756,1737550,3578919,751305,710094,373800,1012072,0,900688,624000,509847
225,000705,2018-03-06,0.009433962264151052,0.006738544474393482,0.36926537032036433,3730.0,40375.03049756314,403,2549206,3522309,382245,450525,1243755,1024896,713166,355275,210040,286101,0,493020,0,0,0,912492,0,0
226,000707,2018-03-06,-0.015486725663716672,-0.02433628318584058,0.11986991120420477,10584.0,82440.77466734046,1427,21610221,19408553,1144247,1257328,6919978,5636756,3869192,4422637,3926434,3468404,1436172,907150,639620,0,1310842,0,2363736,3716278
227,000708,2018-03-06,0.014519056261343088,0.008166969147005432,0.35914014800312205,8888.0,62124.13249329905,941,12306439,15438108,763912,1079776,2887323,3820581,2036693,3575144,2943476,3488294,712043,987264,1699202,1075146,445200,844368,818590,567535
228,000709,2018-03-06,0.01305483028720622,0.010443864229765065,0.0786055501892001,16170.0,201938.50904430283,2389,80242949,87291525,1613839,1671642,11618783,9632467,11495426,7255052,11655009,9847408,5740176,7398801,7368935,7046259,3065730,3998230,27685051,40441666
229,000710,2018-03-06,-0.011000415110004158,-0.00020755500207547684,1.2127082506745266,24140.0,89611.39336322923,1579,51067016,31664321,1646733,1546160,8711271,7677004,8778339,5056840,10873108,8807021,10490553,5158221,1332630,961400,1882459,970800,7351923,1486875
230,000711,2018-03-06,0.009538950715421324,0.0031796502384737746,0.4477043882286506,12590.0,78520.62724651313,789,11800737,12553996,377734,977128,3074573,4518862,2061183,2892930,3081036,2407325,695405,939969,708115,315507,0,0,1802691,502275
231,000712,2018-03-06,0.07658321060382911,0.09646539027982337,0.29865814042443906,37908.0,421158.84466231853,2069,149475927,117834927,1132924,729081,8890941,8741985,12269129,12452552,15329951,17588121,11309429,15374317,8566660,6431977,6709119,13549996,85267774,42966898
232,000713,2018-03-06,0.002971768202080227,-0.002971768202080338,0.23458345158797872,11526.0,67132.04235226763,823,15592547,10596031,893358,599926,3881841,2914466,3241774,2297524,2053661,2217238,2279092,1864437,2057461,702440,0,0,1185360,0
233,000715,2018-03-06,0.017814726840855055,0.019002375296912177,0.45214848652570583,4285.0,45900.79423698889,346,2443651,3945926,230465,302710,955101,1465281,574671,609682,111150,689721,227750,0,344514,335808,0,0,0,542724
234,000716,2018-03-06,0.00957854406130254,0.003831417624521105,0.21005555419060157,9918.0,46816.70491105896,617,8440953,6545191,643480,495678,2910614,1913860,1400491,1203182,1873023,1568527,1613345,524202,0,352502,0,487240,0,0
235,000717,2018-03-06,-0.009126466753585416,-0.00782268578878742,0.13537635280231736,38636.0,266687.534837689,3218,176496243,179954222,1316303,1741781,12768719,18128901,14642610,24184847,23331191,31287032,15062539,24550328,17328332,19256849,13265976,14969662,78780573,45834822
236,000718,2018-03-06,0.018779342723004744,0.007042253521126751,0.12627023392705272,8550.0,75319.67959046717,1140,18738118,16929787,1026308,1058787,4189345,4465733,2654879,2583931,4527735,2645038,1664051,2063614,1016596,2105652,432972,426000,3226232,1581032
237,000719,2018-03-06,0.0034762456546928444,0.0034762456546928444,0.31689236511819974,3452.0,44979.2225780457,741,6895349,5719012,607532,699979,1755958,2382363,971137,771532,654130,1223695,956714,0,684617,641443,1265261,0,0,0
238,000720,2018-03-06,0.009302325581395321,0.009302325581395321,0.21167548507383263,6959.0,49325.423317536144,412,4234496,5167588,500759,329555,1426367,1727605,575511,716534,618301,1015991,1113558,228028,0,626675,0,0,0,523200
239,000721,2018-03-06,0.008130081300812941,0.00203252032520318,0.20493606723710286,2946.0,25830.840004915975,576,3919592,3002243,705233,449256,1598281,1539066,610278,412746,720738,601175,285062,0,0,0,0,0,0,0
240,000722,2018-03-06,0.009944751381215422,0.008839779005524795,0.3316848913427407,9115.0,74609.16169073836,744,10995314,8617163,719951,708906,2824597,2464813,2513289,2161536,1314470,1349507,962042,432678,324220,328083,866829,0,1469916,1171640
241,000723,2018-03-06,0.008237232289950658,-0.01976935749588138,0.1241691934296712,19788.0,125665.35666028026,2398,70059614,68986735,555712,2445731,4645717,15174555,9748657,12172447,20921843,13837617,12968700,8999548,9213004,5444826,2609327,452796,9396654,10459215
242,000725,2018-03-06,0.02841918294849033,0.0248667850799289,0.0940005686941028,651248.0,3003277.218574927,3602,2750666799,2728393225,0,5193,231553,330099,2659031,4229975,26045268,23625168,53722109,40441084,75231603,41667244,79810157,57699024,2512967078,2560395438
243,000726,2018-03-06,0.0037488284910967007,0.0037488284910967007,0.2828828263391867,10690.0,142437.01340309507,1423,24597223,35030100,671120,3409534,5140626,5295804,4093073,4335104,4399873,5247034,2228565,1846766,2341797,1005364,1321275,0,4400894,13890494
244,000727,2018-03-06,0.09205020920502083,0.09205020920502083,0.05165117082823355,12789.0,377061.52562197566,2145,130215743,51308530,2834533,39283,13842494,654853,14787630,1541446,14911964,4072690,12929759,3883472,9317830,4785805,2370997,870604,59220536,35460377
245,000728,2018-03-06,0.011603375527426074,0.00843881856540074,0.20556936780819676,25569.0,155015.44469424177,2128,63151061,92108556,1462406,1462448,10626911,10077181,11148497,11877927,12832913,14645332,8890932,12490082,6819873,8242870,5382122,8949186,5987407,24363530
246,000729,2018-03-06,-0.008219178082191747,-0.015068493150684814,0.18073545550907175,12155.0,123805.13036984818,1633,46057873,26396901,1770233,1322433,7008815,6476812,6052953,4179500,7232755,5491208,6453959,2425374,3156672,1392243,1412665,841022,12969821,4268309
247,000731,2018-03-06,0.013210039630118908,0.003963011889035473,0.29362506840437014,17824.0,76305.9378294762,664,14987392,13758970,473410,585934,3373134,2982935,3003503,2233699,4480078,2250273,1857778,1869870,942413,992220,857076,463600,0,2380439
248,000732,2018-03-06,0.09400210452472813,0.059978954752718305,0.49019002557030183,114800.0,534816.8164232976,3387,396267039,493995945,506759,512455,9942630,10121311,21448862,21168300,43182681,40557900,39875220,39546846,36129077,36447963,28765825,30170526,216415985,315470644
249,000733,2018-03-06,0.01784328937160584,0.02172226532195487,0.32632694896115416,15528.0,282953.95978344505,1573,35458182,41090040,1327024,1075050,7213551,6442163,7510911,6904734,9043942,8248224,3549055,4041304,2753257,2019253,427389,0,3633053,12359312
250,000735,2018-03-06,0.0011428571428571122,-0.008000000000000007,0.16213193685930782,39420.0,212502.38906525768,2918,166523586,133799512,1728965,1370425,14296146,12278999,19013426,17196419,29221982,23939247,17778435,17603462,13702614,10512683,12941185,10108929,57840833,40789348
251,000736,2018-03-06,0.04624929498025954,0.031020868584320294,0.5681624522844354,17880.0,107483.1227856075,977,14711702,21085555,884325,749663,5141614,4768354,4371411,3782520,2676581,3861796,221064,1434849,0,0,842438,921131,574269,5567242
252,000737,2018-03-06,0.007263922518159882,0.009685230024213176,0.16546053460588983,8300.0,48348.6797297568,623,6908558,7303872,652305,584607,2347355,2036481,1861652,1472736,808316,1500459,451818,429604,384290,700508,402822,0,0,579477
253,000738,2018-03-06,0.027405991077119385,0.028043339706819603,0.2690045741900098,96582.0,368914.7753973484,3410,327919159,375852266,704489,640295,10031096,11724448,23121168,22577590,46847597,40121001,43652942,41517007,28103484,33972878,32678866,27334799,142779517,197964248
254,000739,2018-03-06,0.007312614259597838,0.00365630712979903,0.23524410096118678,7679.0,56995.63636945189,540,7049739,6108119,332041,548551,1629276,2190636,924351,1044542,2153182,1122882,216855,0,725229,647300,0,0,1068805,554208
255,000750,2018-03-06,0.01091703056768556,0.0065502183406114245,0.1258331237041321,10557.0,134284.48524944347,1327,27211873,31638181,1163171,1161773,4243133,6336272,3929062,3654451,4321774,3621926,3341725,3004202,2987839,2713454,901634,876908,6323535,10269195
256,000751,2018-03-06,0.023012552301255207,0.02092050209205021,0.12218724600826014,11040.0,112046.9975554478,1533,33772619,37894321,1312306,1785105,6562916,5723834,4228130,5487621,5061150,6656517,5475673,4600370,2837790,4459845,1397978,2347222,6896676,6833807
257,000752,2018-03-06,0.017087667161961306,0.014115898959881079,0.5092290964448812,13715.0,61607.86932023322,698,11378331,10906926,583706,606549,4020436,2744804,2381860,2905697,2061915,1992871,427254,296044,677240,947453,454240,896328,771680,517180
258,000753,2018-03-06,0.0029325513196480912,0.0,0.16212525241102724,6102.0,41400.590100471614,442,4458839,5265283,186230,824654,1411999,1805385,822453,826281,1544985,879709,493172,241428,0,687826,0,0,0,0
259,000755,2018-03-06,0.009063444108761365,0.009063444108761365,0.3336545157365444,7944.0,61004.78337266637,393,5136292,4811029,438778,447316,1375674,1261617,794610,523801,770097,940191,403732,469300,681401,697704,0,471100,672000,0
260,000756,2018-03-06,0.00897226753670477,0.012234910277324706,0.3628800991017708,12290.0,48570.91905467187,1141,15216094,15149642,1227945,895142,5530058,4436902,3668509,3633955,2628871,2644870,1513441,942150,647270,1050615,0,890048,0,655960
261,000758,2018-03-06,0.014469453376205754,0.016077170418006492,0.16125634814330347,13706.0,131917.70755101077,1489,32778979,43154058,815038,1494706,4441616,6717083,5204737,7037895,7812612,8193296,2774317,5167550,3217239,2112198,2227653,469248,6285767,11962082
262,000759,2018-03-06,0.014833127317676276,0.009888751545117369,0.25340119288489343,9828.0,47596.164891144006,1019,12282709,15222475,1339486,931758,4109494,4234282,2678936,4595853,1812225,2649838,1287249,999965,1055319,982176,0,828603,0,0
263,000760,2018-03-06,-0.003960396039603853,-0.003960396039603853,0.13775180346983906,9077.0,51372.78490221808,1346,20170350,14431596,1411802,924641,6163124,4356331,3871199,2396342,4916905,3617632,1730084,1398921,629369,722150,400800,0,1047067,1015579
264,000761,2018-03-06,0.019685039370078705,0.009842519685039353,0.122708638114372,8144.0,96455.33280493198,1717,31704892,34318731,1292882,1571992,5713086,5824540,5158759,4094010,6452642,6728077,3709125,3293029,776472,5482749,1277441,1738629,7324485,5585705
265,000762,2018-03-06,0.018011527377521652,0.012968299711815456,0.32329864731201213,22288.0,108296.03877400554,1844,45992069,57428638,1243445,1393258,8690905,9332219,8539563,9276052,13062165,12232301,3309332,6366248,2995425,4826512,1763709,2104022,6387525,11898026
266,000767,2018-03-06,0.01893939393939381,0.011363636363636243,0.11629190336155255,3842.5,134021.54994760657,516,4125425,10365968,289693,440450,1273902,1556666,806233,1105709,497904,1295598,298848,0,0,0,434808,0,524037,5967545
267,000768,2018-03-06,0.02950819672131133,0.030163934426229666,0.28125837371930373,41283.0,372016.59841129987,2944,168221834,210816300,1309324,1216224,13196946,13210069,19335324,16279790,28062305,27944254,18942667,11928454,16157994,11680188,10680121,8669345,60537153,119887976
268,000776,2018-03-06,0.015795868772782384,0.01154313487241776,0.309177388559338,49380.0,349491.18507144385,2835,212588089,234002738,1048645,1623905,10453312,14001113,13428035,19105765,26051660,32098859,18031533,19815807,16647064,21984924,15296336,14225942,111631504,111146423
269,000777,2018-03-06,0.0021582733812948174,-0.005035971223021574,0.48547820217367954,13790.0,64094.9043525225,819,15674120,10277426,801082,750214,3325219,3288708,3012145,3028328,3554995,1699872,1026382,1193840,1027104,316464,892565,0,2034628,0
270,000778,2018-03-06,0.015686274509803866,0.013725490196078383,0.10616941927479723,13208.0,173802.5895392149,2315,53453614,76598608,1735759,1434298,8969570,9328336,6112152,8155557,6738727,9174141,8807208,6572528,5885357,6416213,2166280,5799164,13038561,29718371
271,000779,2018-03-06,-0.009486166007905195,-0.009486166007905195,0.6734989090139075,7509.0,38731.875272582765,352,3908800,3022640,377059,361119,1445247,1234123,826405,355192,470083,524390,790006,202120,0,345696,0,0,0,0
272,000780,2018-03-06,0.005893909626719207,0.003929273084479545,0.22393717607309976,14024.0,102768.5845616928,516,11693465,12001230,280666,459805,2270319,2120184,1412517,1833780,2815244,1629955,1487880,1880941,942686,998817,809536,811562,1674617,2266186
273,000782,2018-03-06,-0.017142857142857126,-0.030000000000000027,0.29333685431852974,11152.0,134535.956313067,571,17888838,6030720,410972,600933,2376846,2785088,1509191,907506,643957,443569,250560,276800,4933142,1016824,0,0,7764170,0
274,000783,2018-03-06,0.014864864864864824,0.014864864864864824,0.18849104548507412,14820.0,144827.9743643425,1542,30130649,49773581,1442428,1588585,5708448,8209565,3876668,6453637,3757500,6453286,2400593,6142003,2720860,3714516,1762878,2728878,8461274,14483111
275,000785,2018-03-06,0.016216216216216273,0.006486486486486642,0.38186132198246986,9280.0,61353.73004319865,586,7575098,7978639,503451,597148,2061954,2189035,1438764,1703229,767737,1460313,700456,986084,677545,361010,812321,0,612870,681820
276,000786,2018-03-06,0.021585903083700453,0.004845814977973539,0.388906398528262,85690.0,207202.67495380575,3411,269047405,227233380,509449,723817,11601290,13849519,24915925,27093973,55250376,47429080,39146203,38205416,26940950,21822334,25887345,20230964,84795867,57878277
277,000788,2018-03-06,0.020942408376963373,0.014397905759162333,0.26483056424560325,9348.0,54744.61002046232,832,10899218,12586437,715112,884033,2537084,3444873,3117963,2872241,2231475,2388196,1003664,1701395,750720,719365,0,0,543200,576334
278,000789,2018-03-06,0.041587901701323204,0.005671077504725952,0.19202449816296055,38336.0,233744.5552720361,3040,156375800,167917826,1125992,1314776,12782185,15172736,16581441,17983054,25342607,31239190,18492421,22147954,13404839,15258426,9677037,6933524,58969278,57868166
279,000790,2018-03-06,0.05970149253731338,0.05970149253731338,0.30191038301248424,28400.0,280330.73135834717,492,32931583,25454486,509080,37901,2145634,1167526,1889653,2157660,3730188,3720483,1918542,4750658,3927644,679854,1379530,2674880,17431312,10265524
280,000791,2018-03-06,0.0014409221902016434,-0.004322766570605263,0.22731750717838067,10976.0,57345.577557512246,932,14942550,9371755,1074529,657827,5146777,3219753,3099407,1620457,3022075,2077029,1160191,754438,309568,0,0,426491,1130003,615760
281,000792,2018-03-06,0.01789883268482484,0.007003891050583633,0.2504255611667307,35868.0,369819.2983913639,2635,150546000,148119102,1037812,1163574,12685483,11589628,16257133,12556025,24263322,24021409,20995676,15857970,9740019,14831033,8809477,9420430,56757078,58679033
282,000795,2018-03-06,0.011945392491467421,0.011945392491467421,0.12572645562290785,20077.0,142130.92150214035,2178,69138471,59190036,1173686,1628857,9645975,10609818,9304618,12390120,12981235,11623605,7759527,6479531,6513192,2736258,2470485,3489565,19289753,10232282
283,000797,2018-03-06,0.016483516483516425,0.009890109890109855,0.29123459487622866,9070.0,80455.76170289324,976,16377460,18091921,980374,1147092,3351711,3508590,3865414,3145832,3030532,4446099,1843369,1803109,1396380,693832,471076,895107,1438604,2452260
284,000798,2018-03-06,-0.0024038461538461453,-0.004807692307692402,0.3922884395321591,6584.0,29844.25753750032,449,4053915,3247621,481681,520119,1531182,1308632,882852,905458,688731,266902,469469,246510,0,0,0,0,0,0
285,000799,2018-03-06,0.050000000000000044,0.03669724770642202,0.4190803513589308,29510.0,143857.61370227629,2707,85750778,112622390,1727735,1228463,14201764,11823695,13446238,16555860,20365232,25719597,10542390,16455828,5446059,9355549,4489640,7125807,15531720,24357591
286,000800,2018-03-06,0.015023474178403662,0.009389671361502261,0.2541801886294985,21600.0,130382.50584088692,1756,53970733,64081003,1162008,847574,8264928,7685459,9703293,6650271,10942070,12130712,7900990,8308759,5078255,5560929,1362574,3589550,9556615,19307749
287,000801,2018-03-06,0.0016722408026754731,-0.006688963210702337,0.14905182519750781,11890.0,84601.77806220014,1612,35637124,27705345,1548424,1213292,7525301,5400253,6096859,4767838,7203181,4889572,3374192,4727350,2248532,1958629,2282129,859418,5358506,3888993
288,000802,2018-03-06,-0.003355704697986517,-0.008389261744966459,0.2958541219104138,18896.0,79708.15320609274,1624,34247623,27514979,1193499,1182097,6022058,12153844,5084479,5969890,6614951,2932738,5458987,2685128,1408129,1074730,1802488,0,6663032,1516552
289,000803,2018-03-06,0.0009389671361501595,-0.00046948356807519076,1.663809175751464,10640.0,46897.970419474645,163,1822461,2760683,131642,114937,673350,536034,441290,704199,329099,911198,247080,494315,0,0,0,0,0,0
290,000806,2018-03-06,0.004608294930875667,0.0,0.14224755164614297,19275.0,116346.77570872792,2098,63899391,43523828,1762359,1359023,11291347,9593036,8298278,9455328,13400520,9460137,7191330,5203622,5461763,4843732,4548039,406848,11945755,3202102
291,000807,2018-03-06,0.09469696969696972,0.09469696969696972,0.1326950106264515,78030.0,1019556.1763505883,3573,541938692,401319604,890254,324545,24282271,9930375,28746395,17436864,50844227,35243966,45910146,25465715,25746302,23104425,23413026,17757940,342106071,272055774
292,000809,2018-03-06,0.01183431952662728,0.01183431952662728,0.20889406109809766,10170.0,80626.88204307904,261,3323048,5017907,217617,208999,602235,1182462,941992,1506975,886936,497268,674268,489060,0,0,0,0,0,1133143
293,000810,2018-03-06,0.0076687116564417845,0.004601226993865115,0.2699066314839198,7836.0,35891.27255819177,583,5093226,6603852,488391,538270,1988411,2694676,1283907,1568471,1013689,713890,0,759865,318828,328680,0,0,0,0
294,000811,2018-03-06,0.00536193029490617,0.002680965147453085,0.35815276746068936,7510.0,44519.683710983736,433,5733549,4292006,328931,460353,1454237,1618992,1821338,853218,658838,836269,721868,523174,307017,0,441320,0,0,0
295,000813,2018-03-06,-0.0035087719298246833,-0.004678362573099504,0.3124194121946685,8440.0,223988.0763095387,749,43336106,10037271,669486,750289,1792299,2790708,1564412,1545825,2474004,1825132,2727566,1314799,336000,323400,2221554,0,31550785,1487118
296,000815,2018-03-06,0.0007698229407235857,-0.002309468822170868,0.34095911144844365,14206.5,64811.28433150723,1452,27755938,21507058,1189305,1031617,7107484,6804397,5454597,4548491,5926685,5088319,2172378,2224990,3299405,1053808,913484,0,1692600,755436
297,000816,2018-03-06,0.014527845036319764,-0.01937046004842613,0.07148835132195949,43901.5,190876.21050371305,3366,195965781,153406190,1422792,1515173,14568919,15500593,22654359,21237855,36309244,27751091,20575920,23247485,26220695,14919861,12460993,11259611,61752859,37974521
298,000818,2018-03-06,0.008064516129032251,0.001612903225806317,0.3676798949343969,7464.0,64825.184052380064,1137,17860666,15217393,1167358,1234834,4185009,3737340,3692915,3238017,3436545,3803035,1786773,1514016,327172,714876,913230,459851,2351664,515424
299,000819,2018-03-06,0.004166666666666874,0.0,0.40206029876273763,10659.0,60149.32091002943,570,9305395,8151119,538095,664912,2427073,2247817,2487605,1290663,2717754,1328061,476545,287185,658323,688747,0,450912,0,1192822
300,000821,2018-03-06,-0.0390625,-0.0390625,0.37763835899477616,15012.0,129538.01840444696,1149,34671471,18601838,957309,793146,6448060,4433063,4981133,4506107,4681607,3486668,3163216,1790547,2174556,1405747,2174125,464350,10091465,1722210
301,000822,2018-03-06,0.011641443538998875,0.0011641443538998875,0.19154360137022156,16397.0,84334.01950173899,2013,44035391,41991365,1376395,1913458,8316246,12004063,6775597,6989604,7797187,7703633,8407610,2999443,3741062,3382744,2754447,2157857,4866847,4840563
302,000823,2018-03-06,0.04607843137254908,0.0372549019607844,0.1917921480728756,32880.0,237965.39700015352,2834,131464166,150302854,1420823,1183969,13553301,12670283,15636953,15324319,25894805,22195020,11907498,17360754,11314282,11049132,7031031,8812421,44705473,61706956
303,000825,2018-03-06,0.07762557077625565,0.0547945205479452,0.11314583966090841,92869.0,562171.7444135709,3382,325393536,571932812,800860,1247629,8132361,12439691,17338680,24087102,32388925,50798589,30583837,38400268,22116036,40876172,22476757,27990616,191556080,376092745
304,000826,2018-03-06,-0.00550584996558845,-0.008947006194081175,0.6506486605684365,26001.0,192178.96274259881,1995,88619235,76387543,1358784,1387891,6494102,11203856,8246958,11943919,13673728,15965655,9000127,11160748,4807565,5795432,1333990,3519462,43703981,15410580
305,000828,2018-03-06,0.056872037914691864,0.05402843601895713,0.28820020431320675,20619.0,156533.81876407855,1342,38265471,44016318,661779,988180,5576225,6281348,5195779,7739056,7474804,8884628,6143726,3496464,2032522,5098512,1404008,3900689,9776628,7627441
306,000829,2018-03-06,-0.015839493136219684,-0.020063357972544993,0.23092574777088642,15674.0,158920.28311309998,1685,68091661,33797809,1506089,1360585,7829320,6634632,6333778,5918786,7456921,8859858,7144880,5316777,5241450,1678346,5893416,491164,26685807,3537661
307,000830,2018-03-06,0.05341987019470795,0.0369445831253119,0.3345283173995584,233972.0,899626.7201191429,3589,745787986,887178804,115508,206678,4670806,5113124,15372957,19859811,44582285,53311782,49943425,65764931,42104502,57728715,47287313,59706539,541711190,625487224
308,000831,2018-03-06,0.014705882352941124,0.011029411764705843,0.2465666553051134,22080.0,108558.46513540644,1948,59008389,62768150,1169668,1108287,9572078,8737976,8835417,10127201,13709950,14140409,10571915,8124077,5232781,6629681,5290762,2654156,4625818,11246363
309,000833,2018-03-06,0.008000000000000007,-0.0015999999999999348,0.26804211933909233,6250.0,42871.690540539406,543,7488189,3984908,442678,852457,1976616,1639730,639734,1031357,2527944,461364,478170,0,1423047,0,0,0,0,0
310,000835,2018-03-06,0.018791946308724716,0.02281879194630876,0.28498384592986903,14402.0,95355.22677328729,683,12952471,12654668,667946,657778,3059120,2921454,3756169,2643557,3205816,2594629,225675,228760,341190,0,0,0,1696555,3608490
311,000836,2018-03-06,0.0,0.0,0.11848130348613645,15450.0,94234.80477436466,1938,47653643,42873929,1477240,1266339,9396633,7257131,8634263,7076090,11519103,8742342,4966756,4522158,4157614,4212950,2268613,2283215,5233421,7513704
312,000837,2018-03-06,-0.008474576271186529,-0.016949152542372947,0.1372288920715518,12749.0,131429.6158964178,1852,48046028,36925070,1709364,1604377,7710493,8954873,6708719,6167340,6150352,6657448,4637871,2917208,4058336,1421742,4562762,1389384,12508131,7812698
313,000838,2018-03-06,0.01325757575757569,0.0037878787878786735,0.16145063092976172,9738.5,52329.39608602859,1070,13872054,12272493,1077054,715147,5114133,3495921,3449474,2779078,1723678,2867677,1184919,211200,331780,371700,489416,0,501600,1831770
314,000839,2018-03-06,0.007751937984496138,0.006459948320413522,0.1538559275081621,21728.0,198028.52788608358,2534,90543864,94750492,1875972,1927516,12337197,12026913,13029982,11310965,14640764,13345298,11175511,10353753,6783374,5634046,6033812,3028468,24667252,37123533
315,000848,2018-03-06,0.03407880724174661,0.027689030883919052,0.22673422928127246,12916.5,117991.76605459614,1716,37061606,42768316,1669696,1482218,7878358,6889455,5676411,7568247,5913903,7561420,3414974,4168688,1672652,2807285,3681244,3657653,7154368,8633350
316,000850,2018-03-06,0.011848341232227444,0.007109004739336511,0.253139795418361,8460.0,43864.8934386005,277,3632490,2603902,385720,211311,1182788,1295470,847853,540668,452329,102608,255000,453845,0,0,0,0,508800,0
317,000851,2018-03-06,-0.015815085158151,-0.006082725060827299,0.18878527066763615,26848.0,183846.7137847687,1900,73458070,82574526,1151780,1391168,8646527,8063358,9334107,8800371,11765939,14475345,11053576,11755422,5142699,8104430,8592316,6113634,17771126,23870798
318,000856,2018-03-06,0.02539682539682553,0.024338624338624326,0.3440345798069834,43164.0,203323.78980655374,3021,157392967,160474309,1676593,1524678,15166000,13303415,23340862,17087268,27785374,26538323,19809600,17340062,12198947,17442462,10022985,12672121,47392606,54565980
319,000858,2018-03-06,0.006597031335898729,-0.010582737768004558,1.2150361287253575,353020.5,952514.7139493141,3586,1150622520,1007850462,85330,56879,2741264,2819836,10191017,10009262,40156855,41367366,59302175,50569763,65947925,55418438,68445993,56896695,903751961,790712223
320,000859,2018-03-06,0.010582010582010692,0.005291005291005346,0.1979297360504318,7969.5,60105.815505433995,364,4497750,5290447,285692,369762,1663236,1406888,757805,506717,983861,1121888,255825,913337,0,318440,0,0,551331,653415
321,000860,2018-03-06,0.008163265306122547,0.00867346938775504,0.4889307872231508,13776.0,267031.31718973495,1609,40140367,48859211,1669848,1389986,5950324,8651764,3520492,3768695,3407549,3450029,2107634,2414432,4907632,2968053,3144350,2336159,15432538,23880093
322,000861,2018-03-06,0.02768166089965396,0.02076124567474058,0.10601787161295588,2960.0,103305.92246489887,744,4572118,12792535,512768,801547,1590054,2237752,674464,1573415,640972,973462,0,1282687,0,385392,411778,461286,742082,5076994
323,000862,2018-03-06,0.0050890585241729624,0.0,0.19882022347419143,8819.5,55955.13237848915,390,5045122,5469888,360639,418884,1397065,1873064,1354209,919344,983507,794900,949702,0,0,389827,0,474595,0,599274
324,000863,2018-03-06,0.02788844621513964,0.021912350597609542,0.2036768458189363,4599.0,55134.31261575592,607,4592179,6606749,304293,903104,1225973,1776021,637192,973997,1292452,1675127,519069,256500,613200,0,0,0,0,1022000
325,000868,2018-03-06,0.008836524300441795,0.01178203240058906,0.12554646381854628,28331.0,162678.04223603525,2935,101668293,104268075,1643210,1752689,14591784,14607963,16810861,14071586,19423317,24643327,14514934,16975776,8056155,8320977,7028098,5694395,19599934,18201362
326,000869,2018-03-06,0.02413019079685741,0.021324354657688005,1.0263690374032464,18120.0,108522.7581421286,1205,17867460,31644771,708428,838079,6301518,7664558,4022016,4047275,3176504,5756640,2395393,2302689,367438,2746174,896163,1817354,0,6472002
327,000875,2018-03-06,0.009287925696594312,0.006191950464396356,0.11469375005358115,6540.0,89183.77971680374,794,13031051,9527758,1399777,486397,3447521,1563591,1638896,1482823,2782264,1577558,1126313,297432,1028532,1020574,0,0,1607748,3099383
328,000876,2018-03-06,0.003947368421052699,-0.001315789473684159,0.17178921089656352,10626.0,127624.75685051801,1959,48481300,35099049,2914821,1298477,8171954,6815594,6686708,6270892,8165005,6357283,4147641,4405398,3404790,1687531,1734848,907566,13255533,7356308
329,000877,2018-03-06,0.016822429906542258,0.011214953271028172,0.21961142519056875,21440.0,138756.17423803723,2376,67548904,70162256,1567263,1540672,12422172,11570712,9815355,11216580,15825306,13330542,7681781,6669355,3822573,2766608,3600619,5741337,12813835,17326450
330,000878,2018-03-06,0.03005686433793664,0.021121039805036546,0.2435858415195901,33358.5,167223.5397245455,2558,115632632,115020114,1462442,1180109,13254434,10396608,16282630,11998586,23287736,18938889,16559588,15346692,11485024,11391438,6337278,7677369,26963500,38090423
331,000880,2018-03-06,-0.04747474747474756,-0.045454545454545525,0.34678988242536557,11328.0,478712.5544459061,815,15701128,22582752,684626,996754,4595899,3286435,2996452,1565872,3548396,1507784,1043016,1042609,706051,643068,490560,0,1636128,13540230
332,000881,2018-03-06,-0.013578274760383424,0.006389776357827559,0.30056568609851525,16536.0,119471.97463738458,1738,35868783,49399857,966087,1302353,7235293,9107004,7953226,7894642,8627925,9509102,4215674,3842763,1370837,2465468,0,1692498,5499741,13586027
333,000882,2018-03-06,0.003039513677811412,0.0,0.07041586738310467,15816.0,224540.55623024728,2202,79807429,56056815,2111474,1333255,11679778,8199810,9330426,6226639,13397543,8308214,5117913,5342213,5313026,5930553,3505868,2609277,29351401,18106854
334,000883,2018-03-06,0.0022026431718060735,0.004405286343612147,0.12181535769919682,911.0,92741.24209756023,1392,15838900,13323032,954037,973377,2096361,2166101,1087184,1969918,1034761,1797062,3096772,3269771,1375776,317553,1357641,2176258,4836368,652992
335,000885,2018-03-06,0.02807486631016043,0.016042780748662944,0.3323020858257771,16720.0,83810.31666601286,2027,39138609,51928077,1208264,1702583,10358415,10920723,8739112,8643981,9133544,10836446,5140189,5190104,2568106,2643048,875939,2157326,1115040,9833866
336,000886,2018-03-06,0.004680187207488418,-0.004680187207488307,0.15274845180244453,14697.0,119321.40030499003,1765,42283724,45310947,1575016,1276105,7360981,6539691,7432490,6223893,8710266,7992229,2814446,6216272,4603489,3500219,1858130,1841896,7928906,11720642
337,000887,2018-03-06,0.007738095238095211,0.007738095238095211,0.4540305109091871,16750.0,155705.3024798933,1369,29077825,46224616,895546,1196090,6347865,5416247,6419118,5387294,4855506,5690519,3829132,4890866,1775585,2376378,454783,1837291,4500290,19429931
338,000888,2018-03-06,-0.004980079681274785,-0.010956175298804771,0.189165599718636,7936.0,104803.81056397212,2823,50330579,35875797,5885677,2201075,9475167,9676337,6267437,6201079,6555055,6579720,4077002,1888781,1940602,1760931,2741730,914779,13387909,6653095
339,000889,2018-03-06,-0.0015048908954100604,0.0022573363431153126,0.40814053764506913,15858.0,118865.68738964578,1060,32085455,21661167,525696,1145354,4643864,4814525,5116181,4035700,5308503,3939253,4483861,1468891,1036889,1685562,1401584,879084,9568877,3692798
340,000890,2018-03-06,0.0031595576619272148,-0.0015797788309636074,0.4044876421106872,9442.5,51785.786166633254,244,4267704,2387507,228681,181487,1008161,1124451,943314,389558,392282,459967,1004666,232044,690600,0,0,0,0,0
341,000892,2018-03-06,-0.014723926380368235,-0.013496932515337567,0.3804784999732028,8060.0,57604.37553892715,458,5983691,4568956,646072,395278,1561170,1318576,1412199,697478,1132999,286665,898355,280029,332896,323200,0,0,0,1267730
342,000893,2018-03-06,0.009451795841209698,0.003780718336483746,0.1696846859948761,11098.5,66020.13392765338,972,14890103,17226289,789371,886818,3859823,4204332,2720369,3590789,2746161,3617533,1441672,2716275,1317160,1368670,434309,841872,1581238,0
343,000895,2018-03-06,0.020445418035779372,0.009857612267250904,0.5328008220576144,30376.5,169445.42103847538,2644,113281969,97934645,1840147,1080946,13986219,9609944,21383414,9072401,23942795,17773398,14415199,12671382,7276946,8950142,5292042,7015927,25145207,31760505
344,000897,2018-03-06,0.015432098765431945,0.0092592592592593,0.11602688938856319,4550.0,125279.62228664158,781,8667390,11242599,664059,723076,2665203,2539032,1446476,1269529,1664063,1105900,518473,201534,1270936,0,438180,860670,0,4542858
345,000898,2018-03-06,0.030701754385964897,0.011695906432748648,0.1341752562994448,23765.0,179623.24424545062,2604,113739098,106250759,1657096,1319421,11758225,9160050,13250223,11224853,17977454,14746180,13586916,14034759,9748247,8795425,10060028,6278848,35700909,40691223
346,000899,2018-03-06,0.020325203252032464,0.010162601626016121,0.26047232082152655,2982.0,62897.9215073954,356,4295526,3441639,278632,273322,955088,1207003,622670,586500,335947,322800,287184,744619,639297,307395,435708,0,741000,0
347,000901,2018-03-06,-0.0019212295869356355,-0.004803073967339144,0.44544329890905104,26715.0,111443.18539417765,2185,74448419,58016414,1126947,1023036,12538541,10638673,12554727,10727316,18654972,10917550,10532310,7412847,6099248,5784574,5767740,2637367,7173934,8875051
348,000902,2018-03-06,0.01090188305252715,0.008919722497522375,0.27619779691696417,10200.0,57714.60418789599,1335,16173851,25044592,1222003,1199610,5403329,4991224,3211932,4685732,3141261,6963831,1912346,3056899,672180,2712179,0,855189,610800,579928
349,000903,2018-03-06,0.009803921568627416,0.006535947712418277,0.12225988853095782,8845.0,130307.20631818898,627,17264078,10856524,558917,632312,2146404,1968396,1234089,1450630,3497078,1285564,1507572,948641,2187748,305000,873165,474622,5259105,3791359
350,000905,2018-03-06,0.014662756598240456,0.013685239491691092,0.326368327333942,16376.0,90041.41882897815,982,18318448,24478871,747792,574420,4628499,4491197,4023418,4220864,2691534,5580306,3008760,3085439,1774719,3324638,844006,414799,599720,2787208
351,000906,2018-03-06,-0.003783102143757766,-0.0025220680958385477,0.31958805611765434,15900.0,82690.31856602241,615,13393668,6344443,569807,516889,3508374,3406297,2060822,786813,2587022,622316,0,0,352000,372128,0,0,4315643,640000
352,000908,2018-03-06,0.009310986964618184,0.009310986964618184,0.22230050768805473,3216.0,61774.52752716874,583,4807852,6159645,234898,729411,1273052,1693858,967892,1804760,655606,836273,481280,260280,0,373140,0,461923,1195124,0
353,000909,2018-03-06,0.017382413087934534,0.008179959100204526,0.4441463468185397,9935.0,43059.30712467416,484,5776224,6072576,577108,671700,2153651,2174554,1311438,1426552,467051,1514410,759072,285360,0,0,0,0,507904,0
354,000910,2018-03-06,0.011701608971233401,0.005850804485616701,0.4865998115899405,20600.0,119021.97441964416,1778,38841503,54584609,463729,2015921,4656333,10379874,9440468,9836705,11118506,12501634,4408793,4060606,1670830,2587109,2509610,1689275,4573234,11513485
355,000911,2018-03-06,-0.002600780234070288,-0.002600780234070288,0.28164029377665417,5362.0,33731.12063725358,745,6691365,5885779,839778,850284,2581065,1925331,1803418,880869,934704,1332081,228000,515214,304400,382000,0,0,0,0
356,000913,2018-03-06,0.02003434459072695,0.015455065827132186,0.5146663363552113,17480.0,59826.24255900898,1152,17911950,20029826,975636,1006423,6423819,5533428,4369418,4118677,3956515,4838756,724083,1854776,1061979,1022052,400500,0,0,1655714
357,000915,2018-03-06,0.016440608302507265,0.01356350184956856,0.6147524789575581,24610.0,158648.16965696667,1566,54683227,57059550,1097011,1063586,7356968,8183176,6502176,6807105,11032154,10308262,6151742,7518358,1731398,2897697,5153533,4063590,15658245,16217776
358,000917,2018-03-06,0.03426395939086291,0.010152284263959421,0.1689312533833389,21208.5,153913.9866706488,2180,82218068,76542182,1872165,1159699,10681670,8741312,11001658,7662051,15276251,12484834,10780908,8252537,9480456,7420838,6294626,5178920,16830334,25641991
359,000918,2018-03-06,0.004379562043795637,-0.00583941605839422,0.24749332556475437,12588.0,265980.344985066,766,23333544,19528998,540436,662800,2946296,3414130,2658491,2577652,2381562,2963607,1784633,3499769,1556289,687360,0,0,11465837,5723680
360,000919,2018-03-06,0.011002444987775029,0.007334963325183352,0.3651338196936004,12434.0,52970.825882007826,501,6811095,8136729,515506,512060,1954676,2946311,1508570,1886886,1224519,1509192,264537,956836,311600,325444,422279,0,609408,0
361,000920,2018-03-06,0.015834348355663774,0.014616321559074219,0.3625462653792,13352.0,61488.55641505749,512,7696785,8585427,473530,428652,2516861,2402215,2130921,1797441,1767202,1406119,0,1251081,0,0,0,1299919,808271,0
362,000921,2018-03-06,-0.0029917726252803867,-0.008227374719521285,0.3245412783329385,11853.0,78613.68840867771,1697,33667112,21343658,1789383,1461037,8256078,5815979,4645413,3805342,8803693,4208915,1947542,1782577,4887171,1029104,426972,0,2910860,3240704
363,000922,2018-03-06,0.0030487804878049918,-0.0030487804878047697,0.3244783432116533,11135.0,46919.34821641335,408,5585235,4239880,337185,405053,1865480,1639757,1522185,1091172,917835,820731,290550,283167,0,0,0,0,652000,0
364,000923,2018-03-06,0.012183692596063889,0.006560449859418949,0.54952718898149,21210.0,102628.50529090992,1508,38936334,42787615,873204,1099740,7037731,8122138,5436057,5629546,7757462,9130169,6989057,7937715,5440146,3668821,3110405,840569,2292272,6358917
365,000925,2018-03-06,0.022628372497824234,0.005221932114882533,0.4011900194883483,11415.0,59635.610086445064,820,10135687,9881016,1023760,471047,2795649,3653916,1299012,1878023,2233157,2310241,804529,1256952,347100,310837,446880,0,1185600,0
366,000926,2018-03-06,0.017191977077363862,0.008595988538681931,0.29011591527570785,10520.0,188043.751806462,1302,35562352,33273138,592282,1639159,4742615,4860718,4378332,3937194,3123115,6057845,3536442,3693636,962482,2369709,428085,1321341,17798999,9393536
367,000927,2018-03-06,0.014563106796116498,0.012135922330096971,0.1445266755644445,8320.0,61266.09414257139,813,11871139,13437161,677585,1095163,3399736,1905255,2243969,2700347,1979610,1852744,2804362,3465464,310005,1103548,455872,1314640,0,0
368,000928,2018-03-06,0.009740259740259605,0.0032467532467532756,0.19112513523357216,6130.0,62390.41403832445,1039,12217000,12107534,729084,1047336,3323147,3501136,1677484,1764050,3709288,1859724,442419,1331067,1038242,346192,1297336,0,0,2258029
369,000929,2018-03-06,0.005966587112171684,-0.0011933174224345588,0.32606318680684215,8370.0,42789.92521743425,660,7983936,6906098,569382,652664,2843638,2632765,1273702,1820848,1851098,1046542,948946,298439,0,0,497170,454840,0,0
370,000931,2018-03-06,0.0,0.00302571860816947,0.2413050373835297,9240.0,77143.71572591728,750,9850718,10308758,818056,704252,2986617,2420726,2152005,1588079,2189673,2047301,1236697,1247576,0,0,467670,0,0,2300824
371,000932,2018-03-06,0.040999999999999925,0.02100000000000013,0.18186089598847852,60000.0,352463.5572613828,3029,243374681,276741856,1323290,1076288,10160053,12611319,13348824,16555207,30458932,35993731,30948594,26352647,22809222,23385542,19177975,23599837,115147791,137167285
372,000933,2018-03-06,0.09126984126984139,0.09126984126984139,0.13629171436004706,53037.0,500336.13704477256,3084,263369499,239450772,1327192,1613725,12748789,10749879,18144449,15944569,37859975,28721903,27559472,28731484,25250364,15375274,14761445,13978474,125717813,124335464
373,000935,2018-03-06,0.004129793510324609,0.001769911504424737,0.3750429402785376,20244.0,71134.06132662277,2043,49092431,39687383,1290101,1374626,12024238,10669922,9488848,9888663,10761306,7986645,5698837,5361308,2742098,2954209,2597639,891010,4489364,561000
374,000936,2018-03-06,0.001388888888888884,-0.019444444444444486,0.13683185626212027,29904.0,235278.69888055304,2777,122136507,93907718,1763035,1731651,14171521,12189224,18846563,15015872,23773985,16358672,12836258,12678761,8431993,8822714,7591456,3498302,34721696,23612522
375,000937,2018-03-06,0.023008849557522026,0.012389380530973382,0.1285969198659165,11220.0,158761.63454485434,1934,36244528,50609757,921972,2065151,6106978,8168519,6728773,7468351,6599484,5638488,4078659,4618444,1368229,3378394,1791769,2179937,8648664,17092473
376,000938,2018-03-06,-0.01271929824561413,-0.02149122807017545,1.3059567753157397,66945.0,318872.271781958,2744,224435250,157427543,996253,871290,11521067,10747794,19601549,17078842,33848172,29497348,26004350,21826172,24167969,15908721,14715140,8436321,93580750,53061055
377,000949,2018-03-06,0.010204081632652962,0.007653061224489832,0.2520452384483381,8274.0,47155.53123049881,241,2952238,2889981,249561,286957,1283830,763346,496666,443634,678128,443681,244053,534979,0,0,0,417384,0,0
378,000951,2018-03-06,0.01585288522511097,0.00887761572606216,0.4136972515263441,12536.0,69060.1282193409,1453,21288990,24827564,820436,2077672,6413584,5897704,4071387,6001306,4120093,4337176,1656606,1219937,973312,1473005,2163412,2152539,1070160,1668225
379,000952,2018-03-06,0.020879940343027537,0.00820283370618946,0.5658155037921099,9345.0,51247.96632517411,561,6133140,6984563,519619,622925,2685697,1516366,1352475,1568930,845978,1371367,729371,745315,0,368560,0,0,0,791100
380,000953,2018-03-06,-0.010856453558504175,-0.019300361881785078,0.24707670005287535,12255.0,78841.70526326215,1127,20928002,15785107,1092384,1145578,5603780,4490839,5078293,2331690,3156224,2349947,2194462,2351528,673850,1002183,414726,0,2714283,2113342
381,000955,2018-03-06,0.011494252873563315,0.008620689655172376,0.19093462030422348,21120.0,238960.46965149586,1331,25483194,53748229,453538,1203207,5484277,6461193,6458312,8713577,7569775,7094020,2637874,2965921,1033940,2016308,1845478,1415998,0,23878005
382,000957,2018-03-06,0.0031612223393044925,0.0021074815595363283,0.2984861970159002,9590.0,66394.67640676661,1011,14215729,14278827,1265999,1115380,5147340,3789578,3206937,2587793,2332490,3306905,660594,1583871,697919,0,904450,448872,0,1446428
383,000958,2018-03-06,-0.004301075268817289,-0.006451612903225823,0.13218158591745868,9280.0,72070.77167587877,1239,21806547,20001174,1294072,917769,5749592,4672087,3077651,3719535,2838133,4385653,2711767,2634310,1344541,2075091,2280180,482079,2510611,1114650
384,000959,2018-03-06,0.021428571428571352,0.008928571428571619,0.13900798669285996,2780.0,40862.077327714935,1627,10667231,10698193,1557631,1193181,4236913,3217073,1608801,2197303,1135003,867817,1116859,405682,334712,0,0,1741121,677312,1076016
385,000960,2018-03-06,0.051939058171745156,0.054016620498615,0.25647531936126833,62295.0,425923.09759556095,3174,213058717,341801595,612956,932617,11467409,15697511,16804600,19912824,36666849,35485174,29595200,29808802,20638172,26854613,19476983,18265212,77796548,194844842
386,000961,2018-03-06,0.01532033426183843,0.00417827298050133,0.15166860835286525,18746.0,200132.07513128457,2247,79372708,65510811,938101,1156412,14047806,10847612,9500174,10082410,9506518,11517704,5070359,6621666,6972618,2685187,3643981,3549268,29693151,19050552
387,000962,2018-03-06,0.02215657311669128,0.02363367799113747,0.2773960124108375,10215.0,43273.6541121465,595,6047659,7861687,606891,494569,2794970,2646718,1452639,1603476,980183,1202720,212976,993630,0,333384,0,0,0,587190
388,000965,2018-03-06,0.016513761467889854,0.01284403669724754,0.17210913999430102,9282.0,67251.62049705476,1003,11489517,19948160,544553,1262542,2798670,4412913,2410096,3480859,2165976,4318810,767487,2100565,1000091,1612455,1802644,2186042,0,573974
389,000966,2018-03-06,-0.0029761904761904656,-0.0029761904761904656,0.12268824548766344,5010.0,68847.31064578803,751,13039558,5474490,872502,663985,2401666,2001315,1600979,1057105,2774818,1206062,513810,546023,1365041,0,1360616,0,2150126,0
390,000967,2018-03-06,0.0012376237623761277,-0.0012376237623762387,0.29671756257017035,11326.0,82415.72010080649,741,15729606,10329846,585079,850383,2978865,3410715,2924109,2415288,3066404,1718623,1881786,970893,693160,315928,903218,0,2696985,648016
391,000968,2018-03-06,0.011611030478954953,0.0181422351233671,0.3114904066308126,10888.0,58395.2472098481,1961,29890395,23581912,3713872,1106530,9439517,5282722,5825677,4053519,5544724,5666678,2602953,2699846,331298,2488657,478062,1350160,1954292,933800
392,000969,2018-03-06,0.008838383838383868,0.008838383838383868,0.2328485115410469,9528.0,87959.0623264441,1157,23696985,17895543,1250493,854431,5021361,4217333,3698440,3168387,4816177,3969996,1635016,463329,2828293,1680072,933485,1223651,3513720,2318344
393,000970,2018-03-06,-0.0015384615384614886,-0.005384615384615432,0.24165748442226428,54390.0,309625.2929970865,2897,225891084,209025619,763804,1205024,11725184,12313746,15635630,16281289,34030704,28737971,25716511,26203701,21422039,17237018,16265368,13848936,100331844,93197934
394,000971,2018-03-06,0.0008347245409014992,-0.0008347245409014992,0.3447929529108219,12040.0,77411.0512891712,1207,20445283,26443277,1010191,1114206,5097561,4816535,3819032,4973676,5655331,5904929,2626090,3159933,1029340,2128799,405748,853888,801990,3491311
395,000972,2018-03-06,0.018766756032171594,0.02144772117962468,0.18324264526779377,7420.0,82143.8272851951,414,6087797,6758627,384795,285529,1587486,1535395,675576,673886,989386,1626717,1417929,485991,370000,0,0,0,662625,2151109
396,000973,2018-03-06,0.007736943907156624,0.003868471953578423,0.16083092270883134,6734.0,77074.69135673154,1034,16553757,11815824,1402136,879020,3578876,2804852,3253802,1686980,3800140,1999870,1017462,1770892,0,364520,811658,0,2689683,2309690
397,000975,2018-03-06,0.0,0.003382949932341006,0.4343324923114539,5916.0,124409.19428004707,1158,18406336,17228279,595911,2047574,1907608,4648999,3194895,2913421,3041415,3120015,3236045,2298147,744770,317088,873176,0,4812516,1883035
398,000976,2018-03-06,-0.015294117647058902,-0.016470588235294237,0.28385089820387444,8380.0,46883.485570837634,897,11194179,6470096,3254711,660636,2650954,1686186,1449844,1103171,1861144,1584733,257920,437530,1129718,0,0,433440,589888,564400
399,000977,2018-03-06,-0.021012416427889313,-0.031041069723018233,0.36027856198112407,117460.5,617789.318448449,3382,563066504,426743987,530149,571532,10512142,9484413,20394116,15545329,35633525,37463649,41948264,37062163,40581605,40916915,34839733,35510637,378626970,250189349
400,000978,2018-03-06,0.0038461538461538325,-0.0012820512820512775,0.4157806334083031,8591.0,37150.30605759069,351,3589640,4854798,306766,429328,1369802,1304144,893179,1393144,1019893,1212852,0,515330,0,0,0,0,0,0
401,000979,2018-03-06,-0.02564102564102566,-0.02564102564102566,0.02878647384367803,13464.0,189825.3614567659,3065,92307468,102772527,1286591,3217837,7927626,16552191,8443448,11705650,11865914,15842886,6394525,13907818,8521031,6465398,4032085,4063578,43836248,31017169
402,000980,2018-03-06,0.007655502392344582,0.000956937799043267,0.23980212780251753,9472.5,81617.14260518574,1900,33824824,20813470,2065409,1376176,7802722,6756227,5580735,4760853,6687874,3250427,2712457,2132990,1060717,1077048,2196225,942475,5718685,517274
