,code,date,pchange_whole,pchange,change_std,amount_median,amount_std,length,sumsell,sumbuy,sell_vol_0,buy_vol_0,sell_vol_1,buy_vol_1,sell_vol_2,buy_vol_2,sell_vol_3,buy_vol_3,sell_vol_4,buy_vol_4,sell_vol_5,buy_vol_5,sell_vol_6,buy_vol_6,sell_vol_7,buy_vol_7
0,000001,2018-04-11,0.03863037752414389,0.04038630377524144,0.19137012815349352,197166.0,1286274.6835469038,3548,967029146,1066460103,309820,372293,8569475,7580918,19372531,17302224,45792312,39019656,50250603,37859761,43968735,38115094,40014144,32716909,758751526,893493248
1,000002,2018-04-11,0.014307931570762156,0.01648522550544329,0.5412046260043321,210730.0,625458.1406759745,3531,597304934,686043463,206696,355220,5140533,7579023,14386687,18677713,46032109,49087201,63394421,53553094,61512700,57122188,49902355,46179121,356729433,453489903
2,000004,2018-04-11,0.005845323741007213,0.003597122302158251,1.4929217322492356,6702.0,36127.65070893669,221,1662142,1623332,280811,252038,644021,723486,151850,328140,139860,319668,0,0,0,0,445600,0,0,0
3,000005,2018-04-11,-0.005347593582887722,0.002673796791443861,0.17098337622548762,5035.0,50680.28605636822,478,6208782,4965337,401507,441696,1320051,1390340,996228,1128052,2166817,708651,543429,979566,336600,317032,444150,0,0,0
4,000006,2018-04-11,-0.006830601092896238,0.001366120218579292,0.1677175276423325,18325.0,103804.00586324479,1907,41864139,50827860,1260698,1527731,8281065,12352939,6844850,8140759,9262887,8037072,4537195,6055910,1722754,4405000,3239083,3239348,6715607,7069101
5,000007,2018-04-11,0.005693950177936058,0.002135231316725994,0.6737784835081166,14170.0,56783.62954324908,434,9508992,5383566,486432,272995,2338172,1783042,1830258,1710045,2604580,1380807,1540622,236677,0,0,0,0,708928,0
6,000008,2018-04-11,-0.009104704097116834,-0.01062215477996964,0.15280543271079267,6530.0,112954.52851176856,1862,30717178,34733764,1028189,2860402,3257179,7577459,2776522,5401191,3954614,5022402,3246890,4890087,5663631,2346885,1328128,1323102,9462025,5312236
7,000009,2018-04-11,-0.009538950715421213,-0.0031796502384738856,0.1539010033746139,11865.5,102186.64403436218,1672,36448569,26470213,1701233,886056,7722983,5605652,6358032,4419393,5363080,5339126,3633141,3487113,3072525,1012399,2668174,487186,5929401,5233288
8,000010,2018-04-11,-0.009501187648456089,-0.004750593824227933,0.12040804261495167,7542.0,70761.09490790444,1225,18155098,15103531,790607,1392845,3773526,4758368,3147531,2347354,4615616,1721189,2871647,1718092,389670,1425779,442883,464784,2123618,1275120
9,000011,2018-04-11,0.0,0.0032509752925877766,0.49337120263814543,15390.0,46215.94741383521,971,13888076,14720831,977957,806160,4826272,4998203,3589478,3316556,3167027,3894044,862042,487020,0,684616,465300,0,0,534232
10,000012,2018-04-11,0.00402684563758382,0.0026845637583892135,0.213398078670802,7480.0,112349.60648490979,1219,23308474,19707707,1105200,1123913,4232233,4462508,2612420,3706974,3914352,2180392,1792888,2505576,2148079,1727343,1250581,960751,6252721,3040250
11,000014,2018-04-11,0.005004170141784892,0.016680567139282676,0.28269739871204363,18270.0,134574.5200097648,1801,38743625,40521588,1473645,1321829,9903523,8623361,8554868,7139265,10022427,8737552,3621719,2799149,3470702,3088711,0,419340,1696741,8392381
12,000016,2018-04-11,-0.021126760563380254,-0.015492957746478742,0.15218942772207064,14140.0,116744.62059932522,2181,71195082,48528298,1636327,1765492,8758412,8185941,8257581,7533217,10501277,11008108,9907559,5871364,13627124,2030284,8703081,3171671,9803721,8962221
13,000017,2018-04-11,0.003577817531305927,-0.0017889087656529634,0.25850387679528364,11140.0,42728.76408519678,467,6927277,5100943,302868,420519,1471346,1994748,2405054,1383148,1734099,994539,559500,0,0,307989,454410,0,0,0
14,000018,2018-04-11,0.016393442622950838,0.011475409836065653,0.17206133501254478,12340.0,96868.22674026327,1257,17665506,31467388,1307597,1067367,4940885,6084079,3824873,4692541,2560731,5682112,1484306,2598464,2006498,3349011,900592,893877,640024,7099937
15,000019,2018-04-11,-0.010344827586206806,0.010344827586207028,0.2407028205645646,23480.0,136689.7610480685,2327,77474322,61639937,1367851,1408390,11824709,10646812,12458692,11684344,14472597,13057043,8450183,8142222,6955602,2896556,5857228,878575,16087460,12925995
16,000020,2018-04-11,0.007432432432432412,0.013513513513513375,0.3977219241622875,14995.0,75823.02910120143,1386,26886170,22945399,1097709,1054448,7352551,6674116,5011237,5277171,5942359,3254967,2467280,2619759,2082873,1097660,891802,910919,2040359,2056359
17,000021,2018-04-11,0.024532710280373626,0.014018691588784993,0.1830108376629978,17280.0,114402.49048291244,2190,57980849,56579502,1808828,2082331,8827762,10384550,8445597,11546394,8610887,11968252,8296093,8009574,5404864,5326762,2792099,3083582,13794719,4178057
18,000023,2018-04-11,-0.0005611672278339475,0.0056116722783390305,0.6742946367858911,8980.0,43184.86970456162,698,8711891,7368948,911298,500684,3035417,2236470,1418497,1305432,2257455,1700226,471734,943560,617490,682576,0,0,0,0
19,000025,2018-04-11,0.005449591280653809,0.008991825613078985,0.8424884875093395,18575.0,71568.88905343259,1898,38552606,39609331,993841,1605839,10053748,10608215,9689241,8286737,9166351,7233831,3519734,4487387,3021612,1964109,866904,2681651,1241175,2741562
20,000026,2018-04-11,0.0055299539170508005,0.009216589861751112,0.46486733360619203,7099.0,45544.67526853802,544,5055839,5904509,506439,631288,1896971,1850354,1277665,1381961,689469,818947,276860,532575,0,0,408435,0,0,689384
21,000027,2018-04-11,-0.019543973941368087,-0.019543973941368087,0.15098132242934537,13892.0,323319.9475858015,1656,58262427,63847884,1307950,1640475,4579986,8526723,4801066,8238580,7022530,7735041,3381386,4731915,4591239,5075760,4478620,3471413,28099650,24427977
22,000028,2018-04-11,-0.023833333333333373,-0.019333333333333313,1.4560155692085754,29375.0,399507.13588959305,1702,110232993,78756158,707764,886735,7600551,7726019,6217766,8910813,14773034,10522262,12814228,6306690,8453700,3571205,10235716,5723004,49430234,35109430
23,000030,2018-04-11,0.012676056338028374,0.014084507042253502,0.181620371231984,2151.0,44111.89214330435,1530,10573189,13652134,845437,1540499,4082756,2757147,1767472,1672351,1630274,2904839,1456682,1102593,357500,2407616,433068,1267089,0,0
24,000032,2018-04-11,0.010559662090813049,0.0052798310454065245,0.34756460471763384,10505.0,50804.95751657952,742,11675980,8482350,974908,726482,2965029,3294253,2158787,2325102,2732666,1335128,1074826,450391,700014,350994,476000,0,593750,0
25,000036,2018-04-11,0.007117437722419906,0.011862396204033177,0.24435364299687498,16083.5,158264.04067268368,1190,21283227,35449073,910465,1191990,5396776,6090407,2928608,5156576,3863581,5773207,3103692,2283584,1365143,2910968,470932,3008796,3244030,9033545
26,000037,2018-04-11,0.09643916913946571,0.09643916913946571,0.28498050808300013,10645.0,122761.06892016281,560,18703751,6637654,1020310,15691,3504651,488544,2454027,624130,2553192,1537014,1173591,1409973,2447351,1668851,441183,893451,5109446,0
27,000039,2018-04-11,-0.004801920768307433,0.0,0.31246682333617026,16700.0,138322.5775962476,2844,93420905,70095332,3153242,1359290,15861892,10318352,12299976,9031551,20074472,12183599,10149725,6411254,5274950,4684546,4919249,2101837,21687399,24004903
28,000040,2018-04-11,0.012227074235807933,0.009606986899563408,0.3881458994571818,4630.0,129276.38166346659,870,15239274,9805119,611517,898222,1577421,4031567,1382387,1442852,2001202,1273411,1573701,1258048,1023872,343332,0,0,7069174,557687
29,000042,2018-04-11,0.021798365122615904,0.01089918256130784,0.790481177611411,2971.0,120677.40863201806,344,2700909,6140796,234151,295732,903033,680327,637195,456512,926530,1389565,0,254790,0,0,0,0,0,3063870
30,000043,2018-04-11,0.010928961748633892,0.015300546448087315,0.3515877045951122,10274.0,117042.3105614322,677,13878736,17981406,593456,688675,2182857,3114166,2237219,2948587,1702301,2923916,985376,1798161,1087187,1329985,2772000,1437340,2318340,3740576
31,000045,2018-04-11,-0.013953488372092981,0.0,0.316911708639455,13808.0,51385.29885529422,736,13280957,7875153,776948,626078,4461066,2956041,2767763,2171370,2978493,1254087,715583,534167,312265,333410,0,0,1268839,0
32,000048,2018-04-11,-0.020425177157148755,-0.019591496456856983,1.219940183967142,7081.5,31743.07215265166,386,3736056,2076225,431143,447689,1380467,889373,812835,456323,344571,0,767040,282840,0,0,0,0,0,0
33,000049,2018-04-11,0.004214328717639937,0.0051173991571342725,0.7926819314376329,19998.0,62794.148953056654,1756,28991431,37342965,913030,1409365,8064720,12587261,5935020,8522163,6107682,9035033,2986673,2733591,2026108,2118672,892175,936880,2066023,0
34,000050,2018-04-11,0.017610062893081757,0.018867924528301883,0.3202995133986179,33390.0,207834.6041884312,2465,106847045,139756450,1433882,1350581,12715959,10555849,12857182,12302344,22500358,20318251,13035054,18329584,8844327,13927421,7077175,8653455,28383108,54318965
35,000055,2018-04-11,0.0013986013986013734,0.0,0.20711953069950892,14290.0,99931.23216415565,1192,27106374,21320083,979536,989625,6102271,5066275,5292534,3975017,4628185,3895379,1739424,2093148,2768511,1395604,461311,836739,5134602,3068296
36,000058,2018-04-11,-0.008928571428571397,0.0014880952380953438,0.18743329791334412,12150.0,104706.22165826184,1287,25617055,19099350,1095668,1256062,6219450,5338429,5671228,3786867,5226594,3456876,1160758,886872,1365519,675324,874572,426880,4003266,3272040
37,000059,2018-04-11,-0.005470459518599591,-0.004376367614879806,0.23223969122190793,27359.0,216532.88248747907,1549,78960173,70334228,729447,1569182,4836905,8507715,5776048,9614189,10933981,12916743,7594978,9112620,7177221,6589844,4586181,5248403,37325412,16775532
38,000060,2018-04-11,-0.01025641025641022,-0.01025641025641022,0.2076198054571167,15488.0,180342.15370582373,2207,74601529,64251696,1376235,3496425,9407499,8833668,8040028,9795126,9713415,10352755,6436052,6953675,3835184,2092194,4550221,3955917,31242895,18771936
39,000061,2018-04-11,-0.009708737864077666,-0.00554785020804438,0.26897955276567515,7892.5,88051.87666009368,718,13104631,8803055,979695,507279,3651214,2064223,2197971,1253972,1812192,1799728,1637474,782938,367710,343440,0,0,2458375,2051475
40,000062,2018-04-11,-0.007518796992481147,-0.006015037593985029,0.5515663450022549,13986.0,49754.254070599905,1308,24024278,16166850,1100766,1197751,8201100,4588486,5853321,3788950,4976244,4234934,1260654,1387319,1371400,0,1260793,404600,0,564810
41,000063,2018-04-11,0.02560777957860605,0.029497568881685643,0.5217906895717341,201408.0,979587.7561688764,3496,708996415,858530571,338899,426640,6628061,6915536,19657607,17036869,48353605,39225432,49130510,43644486,44985837,45079830,49558656,35605435,490343240,670596343
42,000065,2018-04-11,0.007807807807807876,0.00540540540540535,0.5102901910982597,16755.0,64733.74821188048,1064,22140539,18990369,919312,785347,5043232,5977131,4774101,3202819,7103100,4031416,1927629,2077721,1015804,1032903,846641,432530,510720,1450502
43,000066,2018-04-11,0.016786570743405393,0.031175059952038398,0.1458854405478485,59892.0,492813.71783595864,3278,324423930,352466660,1530299,963972,16881960,9613239,22514139,14831543,38300017,24776965,27480936,27687011,25275186,27610699,19258325,25247320,173183068,221735911
44,000068,2018-04-11,0.0022573363431153126,0.004514672686230403,0.18503591775839512,2230.0,32414.4946219696,573,4834244,3820895,451650,365505,1724025,1502031,1371244,908903,648293,488390,639032,211754,0,344312,0,0,0,0
45,000069,2018-04-11,0.014634146341463428,0.007317073170731714,0.1557885069920201,16540.0,246727.6771910515,2775,103466953,123970610,1871202,2446415,8599704,9616507,9808362,14046828,14871206,21278554,9433302,17559844,5298004,9854866,9291084,12912622,44294089,36254974
46,000070,2018-04-11,0.0020768431983384517,0.0020768431983384517,0.2776568796937862,15456.0,123329.7275159374,1203,24335269,26880385,1248566,811714,6926357,4679133,6761397,2935703,5651118,4155493,2478983,1346802,715123,1405606,0,2315621,553725,9230313
47,000078,2018-04-11,-0.01331114808652245,-0.008319467554076532,0.12748200357846398,7164.0,87276.54432867075,2227,40744726,18748289,5316563,1522458,8781272,4187312,5267340,3294976,4668236,4175021,4192291,2156520,2290589,1761020,1760888,454982,8467547,1196000
48,000088,2018-04-11,0.007832898172323688,0.0026109660574411553,0.21472806861684895,12304.0,82802.75647550619,1273,27085001,22570126,1183688,1252171,5546435,4776513,4694600,5080016,6126908,3577799,3948755,2522301,1805187,1672807,0,933511,3779428,2755008
49,000089,2018-04-11,0.004999999999999893,0.006250000000000089,0.20639958365559644,8822.0,76538.48844675017,1503,26866095,20693839,1329335,1520501,10268597,4630382,3413031,3071432,3132331,3123244,2875779,2695388,981190,2392943,1833725,0,3032107,3259949
50,000090,2018-04-11,0.009625668449197766,0.00855614973262031,0.20328187676817705,7623.0,105363.15748934603,2117,35438243,25593574,5067776,969091,9421977,4058403,5035379,3467709,4168068,5567355,3081531,3264351,2126107,707868,1366393,911964,5171012,6646833
51,000096,2018-04-11,-0.0016286644951140072,0.0,0.55768491551732,3684.0,27532.739255383905,484,2696825,3380986,585902,373306,1326360,1388788,683539,590089,101024,577891,0,0,0,0,0,450912,0,0
52,000099,2018-04-11,0.0011235955056179137,-0.006741573033707926,0.2428611605520976,9757.0,67520.01740749633,1343,25598625,16077325,1627110,1084564,6311632,5095356,4861653,3932469,6144252,3034115,1327993,760366,2341760,731725,446500,0,2537725,1438730
53,000100,2018-04-11,0.0,-0.0028818443804035088,0.06735330379234758,12180.0,188141.04983784092,2680,67424782,69713159,2630142,1829512,11846869,11555539,8460970,8193551,9269014,7969926,3398992,6422154,3462585,5946088,3320621,2209003,25035589,25587386
54,000150,2018-04-11,0.0020632737276480295,0.003438789546079901,1.4560404611130742,8758.5,29857.893780663864,398,2886288,4347907,344168,710344,1522630,1761488,487617,180950,531873,1473509,0,221616,0,0,0,0,0,0
55,000151,2018-04-11,0.033429394812680036,0.022478386167146702,0.3110387090048768,47952.0,340136.87937823596,3119,189656037,169213073,1158974,1116948,14322201,13224598,21061228,18421077,32343244,30325837,26763378,18151315,19758613,13952696,12580897,11609640,61667502,62410962
56,000153,2018-04-11,-0.015046296296296391,-0.00810185185185186,0.2561156397695742,12033.0,49045.09798021451,1138,19222878,14217852,1225199,1109193,5070665,5031951,4218348,3234932,4984729,3132729,1945314,871282,945406,362880,833217,474885,0,0
57,000155,2018-04-11,-0.015558698727015652,-0.005657708628005631,0.21042520104931134,16123.0,114935.74808179738,1129,36112064,22348949,1012001,964248,5529150,4410111,5263483,5178659,5377699,4947739,3932139,1132306,3363967,1960135,3591131,889343,8042494,2866408
58,000157,2018-04-11,0.0,0.0,0.09794708646155588,5880.0,124305.89150460818,1846,36670853,27243452,1500183,1524464,6323258,6197493,3275232,2975555,4583150,3533475,2934638,2947214,1299154,3892960,830760,1714816,15924478,4457475
59,000158,2018-04-11,0.015463917525773141,0.01675257731958757,0.18674449922364467,3930.0,70565.75095519004,1729,10943841,20458647,1553063,1655310,3730590,4630463,2034893,3092344,2398691,4221456,207612,1156151,1018992,1335177,0,406060,0,3961686
60,000159,2018-04-11,0.015624999999999778,0.015624999999999778,0.17679411047999438,5869.0,42462.329984376,642,6489905,9095776,553762,438298,1740307,2770055,1718241,2871596,1725143,1950124,450500,695749,301952,369954,0,0,0,0
61,000166,2018-04-11,-0.004048582995951455,-0.002024291497975894,0.134452437101099,11339.0,158495.05941747778,1352,31687011,28245899,1172963,1512670,5997967,6014107,3111096,4084621,6899233,3582228,1902868,1201516,723050,766319,1295010,913893,10584824,10170545
62,000301,2018-04-11,-0.0014925373134327957,-0.0014925373134327957,0.21815586526260342,12024.0,74689.32552355884,943,18396167,15309612,723280,815069,3509230,4052530,3525057,3188447,3525413,3485005,3059629,920213,1680494,1709632,0,471100,2373064,667616
63,000333,2018-04-11,0.0037893141341416303,0.006252368321333801,0.8825543565863105,262750.0,972612.6287768434,3577,1031584856,885626741,95014,21131,5355287,3562280,17357155,12889071,53884062,40500566,64682429,48587017,52219070,53094665,53819909,49843744,784171930,677128267
64,000338,2018-04-11,-0.008120649651972012,-0.009280742459396807,0.1535524830319017,23996.0,148322.04011382288,3157,130146968,81303192,2193212,1129265,20055659,12676006,19262359,12248096,21677534,16838059,13867929,7701924,9796061,7325967,8722543,4065004,34571671,19318871
65,000400,2018-04-11,-0.004448398576512469,-0.004448398576512469,0.2536012144618711,10062.0,93738.19422580383,1965,40303662,19504044,5049225,803679,8577314,6933472,5496890,2846083,5772899,3907498,3071559,2862459,1457840,768697,883242,845208,9994693,536948
66,000401,2018-04-11,-0.016006097560975485,-0.018292682926829174,0.23281407942188823,53602.0,610818.2632857289,3179,309554893,273519057,996698,1148240,12328579,13269018,17385476,19399868,31101583,33590067,25159359,25856902,21834142,23634098,15432968,15855581,185316088,140765283
67,000402,2018-04-11,0.005213764337852034,0.006256517205422307,0.2228339341926854,9710.0,140406.2990885303,1853,38761474,49587280,2091586,1378121,6229615,6181775,9509429,5325672,5137290,7178060,3832388,5353896,3594442,4645001,1852463,3853933,6514261,15670822
68,000403,2018-04-11,-0.0032478077297822816,-0.007145177005521197,2.257993625124525,30680.0,64463.219594692004,185,5505055,3482077,73060,95423,1326439,900714,940382,571280,1771457,1432486,780300,482174,613417,0,0,0,0,0
69,000404,2018-04-11,0.0072202166064982976,0.005415162454873723,0.2681718301903004,13077.0,92896.92178030961,426,8104752,7831443,338758,362936,1875275,1852002,1962986,1558634,1508489,1178024,695698,966327,388908,0,0,0,1334638,1913520
70,000407,2018-04-11,0.010221465076660996,0.005110732538330609,0.24949370955055708,10013.0,70570.45006031204,553,8584624,8433530,543329,432921,1794823,2405301,1762522,1185760,962391,2062864,728535,1986805,339885,359879,405030,0,2048109,0
71,000408,2018-04-11,-0.015357353809804963,-0.015357353809804963,0.5124606709410989,13384.0,129469.94144577884,1091,29226943,17626754,1323964,666526,4634904,3859842,4886808,4704830,4508379,3782594,1426013,1419610,1286980,639134,416750,1228999,10743145,1325219
72,000409,2018-04-11,0.010638297872340496,-0.0017730496453900457,0.2459962251060774,11340.0,60910.60219151642,525,9504129,6975220,451547,431467,2171356,2558062,1346843,1436021,1920603,1896994,986979,652676,1078553,0,883345,0,664903,0
73,000410,2018-04-11,-0.013863216266173817,-0.005545286506469571,0.23278434597621495,21500.0,125929.17699736104,2162,61308697,59095719,1294826,1438066,10533781,10911612,8337763,11467216,13372364,13985662,9003919,7162518,4380049,3794376,1377000,4012983,13008995,6323286
74,000411,2018-04-11,0.009852216748768461,0.012125805229253439,0.82462136006647,7831.5,42786.68692112038,1024,12101508,10411496,1430764,411722,4228007,2992333,2130506,2303582,2591240,3264958,1326277,910501,394714,0,0,0,0,528400
75,000413,2018-04-11,-0.00651041666666663,-0.0078125,0.14144211287610867,19150.0,132077.66865384908,2954,82995044,89715915,1641638,2941674,12339717,16783477,12624442,14387549,12801837,16666919,7951514,8597365,9536827,6360014,4455850,3835426,21643219,20143491
76,000416,2018-04-11,-0.0017857142857142794,0.0071428571428571175,0.22542322785670754,10602.0,81953.59182946407,617,9493831,9452288,476394,483535,1815138,3369546,1266068,1410124,1287902,2301806,1408787,504139,1122460,647508,0,0,2117082,735630
77,000417,2018-04-11,0.0013605442176871652,0.0027210884353741083,0.2301177195273019,2944.0,33271.48219880096,1020,7545807,3974695,1723168,678425,1366845,1163862,1487355,848214,823425,852918,974774,431276,683744,0,486496,0,0,0
78,000418,2018-04-11,0.003976751300091896,0.010706638115631772,1.4574520357427163,13180.0,142993.11181244333,2015,53471950,47307164,3851778,1225874,8815942,8448706,6306091,6074487,6664165,6279684,4629681,4078458,3186362,2791871,1316856,1315824,18701075,17092260
79,000419,2018-04-11,0.0071428571428571175,0.0071428571428571175,0.25949161321547753,7319.0,64422.59143116463,465,7996922,7205815,645889,361291,1311470,1616566,1204329,1429171,1626991,1984718,1978761,959600,713163,321489,0,0,516319,532980
80,000420,2018-04-11,0.003558718861209842,0.0,0.11512068011458886,8430.0,88201.93443391792,596,7664442,11171008,421231,648721,1555553,2471509,1710022,2308776,235759,2107529,249570,2101867,343072,0,0,0,3149235,1532606
81,000421,2018-04-11,0.0,0.001879699248120259,0.2684442533068757,3734.5,55106.37648875552,392,4029436,3085980,168521,355806,689522,1388244,574113,532041,668688,544988,0,264901,332592,0,0,0,1596000,0
82,000422,2018-04-11,-0.00666666666666671,-0.0033333333333332993,0.10052654594064488,3576.0,55730.742928714404,893,11533458,6897429,609736,983724,2288878,2389882,1745274,1324657,2686345,1898671,1563968,0,648150,300495,402300,0,1588807,0
83,000423,2018-04-11,-0.012535702951444128,-0.011424944462075648,1.2838352602186354,31560.0,150310.82126578348,2409,125480380,71224913,1081465,1129365,14851967,8751201,20272705,10873824,28224723,13572588,12504255,11034157,11679326,4308688,6442550,1730754,30423389,19824336
84,000425,2018-04-11,0.0024999999999999467,0.0,0.0746797967259652,12059.0,249918.96440379575,2893,93589446,92300349,2129286,1744241,11217495,11530463,10320422,8704208,14451178,12104953,8681740,7826090,2573880,4496696,5768922,3950393,38446523,41943305
85,000426,2018-04-11,0.027411167512690238,-0.0020304568527917954,0.20810881213800453,5928.0,83256.54530237227,2242,39490562,34455535,1614078,3202711,7020313,6912602,6304832,5321893,8897675,5998528,3522717,3481586,3535526,2787870,2287852,1844508,6307569,4905837
86,000428,2018-04-11,0.0079155672823219,0.0026385224274405594,0.22869910801655013,1902.5,52092.2691303383,274,2227379,1890830,217019,160711,684275,789011,201633,376566,560452,0,0,0,0,0,0,0,564000,564542
87,000429,2018-04-11,0.010088272383354413,0.008827238335435084,0.2429727976104993,4806.0,59138.67985553649,1065,6447128,15951540,842833,1575650,1558800,3718964,2006498,2939369,1146697,1493445,892300,1694556,0,2179301,0,0,0,2350255
88,000430,2018-04-11,-0.0036452004860269005,0.004860267314702238,0.43511846240830865,8310.0,40456.148099900776,357,3265243,3955419,454469,445647,1328301,1373439,641017,789838,552356,421730,289100,484865,0,0,0,439900,0,0
89,000488,2018-04-11,-0.005257009345794428,0.0,0.33538876248125166,30798.0,222286.93055246596,2606,133982372,134343065,1257119,1319051,11991785,12365490,13085226,13298509,17721212,21056416,12177309,14716578,15795811,11979378,6072744,9901044,55881166,49706599
90,000498,2018-04-11,-0.0048154093097914075,-0.0048154093097914075,0.2527342150493237,6831.0,37523.533163630185,607,7748614,3607265,674718,546471,2934189,1763108,1699860,604903,1240265,250723,768062,0,0,0,431520,442060,0,0
91,000501,2018-04-11,0.016711229946523964,0.014705882352941124,0.3506530710815263,9066.0,79113.41350193646,1820,24361740,35402248,1029671,2041052,7344817,6983324,3016538,4356754,6163557,5305506,1259247,2943876,2361018,6559689,850988,3532299,2335904,3679748
92,000502,2018-04-11,0.0033296337402886067,0.005549389567147678,0.4540603805726252,5478.0,39459.22489352382,393,3229267,3277381,449878,671733,654076,961670,521211,1004870,689007,276906,225500,0,689595,362202,0,0,0,0
93,000503,2018-04-11,-0.005680473372781103,-0.0014201183431953313,0.8982274465616776,46596.0,296554.58417613944,2213,173022083,139167715,1449270,769546,10918118,8580369,13314843,12419626,20650166,19901631,21510652,16475571,12022790,8638637,16073006,12661844,77083238,59720491
94,000504,2018-04-11,-0.009102192800993114,-0.009102192800993114,1.0994643126125667,11990.0,123041.8421741414,483,9036334,10921270,185160,595818,1670445,1855492,2352888,1964016,1953841,1815599,796050,486010,0,353535,882450,0,1195500,3850800
95,000505,2018-04-11,0.03524229074889873,0.025330396475770955,0.18583242835933972,25236.5,210549.83699398977,2396,98787203,82257302,1783979,1449102,12297950,9562754,13596884,9911800,17713306,16793171,11843793,10583407,7142696,7727431,11737200,6889538,22671395,19340099
96,000507,2018-04-11,-0.001051524710830698,0.007360672975814886,0.1861150873023005,28463.0,122678.64606677614,2614,88338579,86318304,1621870,1832812,14525999,13086136,14882416,13323459,20986847,18220246,11279751,11295960,8661157,6821181,5788181,6120516,10592358,15617994
97,000509,2018-04-11,-0.0028011204481792618,0.0,0.09928376329925326,8925.0,62562.74277191678,1297,17741248,18876399,997413,1749249,4486915,5429293,2813724,3472596,2878059,3192807,3773450,1257010,361788,1421545,832062,0,1597837,2353899
98,000510,2018-04-11,-0.015360983102918557,-0.015360983102918557,0.24494984616464174,6420.0,71774.13438844534,706,11029014,6238715,539351,904236,1770196,2462129,1488504,1387626,2915315,543266,1180868,941458,378880,0,0,0,2755900,0
99,000513,2018-04-11,0.0018931710615279762,0.0006761325219741821,1.472988236861145,37175.0,176830.9354796919,2521,116140865,114726952,2618512,888059,11222911,9649145,16127166,17137771,21906352,21081773,14137406,12849896,10967930,7898838,9776299,10310609,29384289,34910861
100,000514,2018-04-11,-0.004418262150220897,0.01178203240058906,0.14704955832845704,20863.0,148875.82118277138,2140,53499392,75284880,827840,2100570,8596261,11686330,7905089,12696728,10262234,12884808,6739124,6288910,3810468,4611859,2221681,4372415,13136695,20643260
101,000517,2018-04-11,0.012106537530266248,0.026634382566586012,0.07954046458058449,25920.5,200354.3003134303,2712,91672453,118523031,1763623,1430687,12924800,12048361,14365414,15072408,18921434,21087982,15477254,11237549,7547077,9952227,7501528,6235472,13171323,41458345
102,000518,2018-04-11,-0.008291873963515717,-0.0066334991708125735,0.22625289554722447,6010.0,42044.28835993386,710,7593563,4340032,674675,746318,2622454,2034866,1342095,711283,1053080,592073,814459,255492,0,0,429000,0,657800,0
103,000519,2018-04-11,0.09490740740740744,0.00810185185185186,0.1885227369969408,18343.5,89006.11938096478,2102,47995693,53311223,1639105,2000054,9464589,10975592,9346452,10846179,10759115,12874941,7426755,7147503,2646589,1355634,894885,3094669,5818203,5016651
104,000520,2018-04-11,-0.0030211480362538623,0.0,0.12208678084802292,8275.0,123532.75846835967,736,17595308,12121716,841758,664004,2498572,2768739,1716733,1535312,2356283,967192,1956718,1634322,1059881,715690,915585,411154,6249778,3425303
105,000521,2018-04-11,0.007194244604316502,0.00959232613908867,0.1543444839993953,2940.0,50904.816581701874,730,5577501,7713767,1057819,368216,1984789,1697920,986557,1366582,571932,756746,470724,488216,0,1368296,0,1667791,505680,0
106,000523,2018-04-11,0.030104712041884918,-0.009162303664921434,0.3698216213060613,9156.0,53367.595784111174,426,8077644,4282563,517629,351547,1725389,1273288,1463222,1462578,2043621,1195150,780952,0,625039,0,921792,0,0,0
107,000524,2018-04-11,0.015274949083503131,0.010183299389002087,0.3293500205507047,4940.0,18303.501076120552,889,4603284,5573892,775629,1000951,2080330,3577160,919864,549686,827461,446095,0,0,0,0,0,0,0,0
108,000525,2018-04-11,0.015313225058004587,0.015777262180974416,0.6220262520697087,24040.5,151837.03549101387,1200,35462038,38277392,509093,702775,6705557,5974591,5497809,5050832,6107643,8144275,3688268,7901699,332640,3107659,2231877,2632314,10389151,4763247
109,000528,2018-04-11,0.012035010940919078,0.0,0.18383726513146134,10920.0,123708.67953775676,2475,57386380,55255567,3391539,2025683,9982479,9532430,7072884,6604195,9063182,9447794,4689618,6080438,3926935,3423692,5900147,3670088,13359596,14471247
110,000529,2018-04-11,0.004838709677419395,0.004838709677419395,0.3533297802357134,12480.0,34958.82526270357,307,3444284,4514690,231003,273003,1371010,1771108,884327,1277420,750864,991955,207080,201204,0,0,0,0,0,0
111,000530,2018-04-11,0.014000000000000012,0.014000000000000012,0.1417550732720851,10100.0,94806.43027333468,1245,17520937,27405851,550543,1738725,3293460,5326057,2849288,4931076,3352094,5351082,2705102,1937429,1506945,2427883,1331268,481036,1932237,5212563
112,000531,2018-04-11,0.0014409221902016434,0.0014409221902016434,0.4200924149001752,6970.0,30089.633812611875,272,2262393,2745740,250767,301146,794670,1191688,609140,702357,607816,271349,0,279200,0,0,0,0,0,0
113,000532,2018-04-11,-0.011636363636363667,-0.0007272727272726875,0.29653503449371826,23256.0,125245.30093729761,2152,63193989,54608868,1388431,1476419,10496040,11558175,12017312,12105664,10475634,12896677,2819313,5612792,3739726,3884114,2271837,2616715,19985696,4458312
114,000533,2018-04-11,0.03677758318739044,0.04728546409807355,0.1071231070371811,30000.0,3116678.1856385362,2913,136802929,411471266,1161475,2206720,8705133,14250408,12018185,15838698,21805980,21383956,26868577,17824031,21478716,16771214,10806686,11913547,33958177,311282692
115,000536,2018-04-11,-0.004975124378109319,0.0,0.11185595027223957,1616.0,46962.54619332328,1295,8076182,9490928,1301311,822598,2551737,2156935,1552270,1494745,1200097,1720267,627464,949910,0,616764,0,485615,843303,1244094
116,000537,2018-04-11,0.037212984956452866,0.034837688044338844,0.2656521766395185,13020.0,163891.10673493202,2262,48488992,82764030,1206326,1935142,8125437,9154069,7916310,9421697,10061465,13031182,6838299,9878141,3066645,7313533,1773767,3105073,9500743,28925193
117,000538,2018-04-11,0.005091649694501044,0.006211812627291202,2.060362146585472,29760.0,258416.14373849434,2272,86380981,99816775,2732550,2716152,11119340,15057727,9988200,13953517,12897376,17741153,6359131,9797355,6164848,6019616,3670608,7334248,33448928,27197007
118,000539,2018-04-11,0.00222717149220486,0.00445434298440972,0.2387139725282282,3150.0,33689.735785128985,353,2906703,3123788,196098,392076,820913,1230445,694475,861468,933899,639799,261318,0,0,0,0,0,0,0
119,000541,2018-04-11,-0.00583430571761967,-0.001166861143523934,0.205611144626494,4285.0,27498.159193177653,1739,10914636,8002516,2907601,1850529,3661524,2869357,2013155,1716998,639166,1296220,999830,269412,0,0,0,0,693360,0
120,000543,2018-04-11,-0.0021008403361344463,0.008403361344537785,0.15231761603032312,9500.0,108739.85469186986,978,17205246,20705717,1039992,889059,3005186,3753927,2546200,2616661,3119372,3068070,1698701,3152582,1750585,1043141,401998,1302480,3643212,4879797
121,000544,2018-04-11,-0.01614035087719301,-0.013333333333333308,0.5173203277428327,14205.0,48924.345411640796,758,13377642,8866844,654368,782166,4236062,3288717,3447869,2433468,2134531,1618447,1804284,744046,0,0,443040,0,657488,0
122,000545,2018-04-11,0.004683840749414525,0.007025761124121788,0.14581996229125227,5129.5,73123.74987461201,858,11010157,12431009,714259,729037,2743753,2814870,1805259,1696903,1682329,1203481,995803,2558179,1007562,978775,434300,1804764,1626892,645000
123,000546,2018-04-11,-0.010249839846252384,-0.012812299807815508,0.3960811143300547,7680.0,67900.315353009,1555,21686758,18749838,1881615,1198810,4817717,4266550,4654278,4228902,4252492,3226052,1640705,1370210,1922963,312000,815194,1363930,1701794,2783384
124,000547,2018-04-11,-0.014480408858603022,-0.022146507666098825,0.23059849885483502,23230.0,223595.18847396685,2596,139141271,85328522,2111763,1428761,11956628,10856707,12165118,10504780,17509647,14932163,14979982,10533508,12377208,5588325,8746169,5310854,59294756,26173424
125,000548,2018-04-11,0.008130081300812941,0.009756097560975618,0.27901737148651234,10461.0,82084.33226346163,485,5660859,9079853,480833,533677,1622316,2175033,1046011,1988659,659786,1370630,517020,0,309000,737340,405893,481554,620000,1792960
126,000550,2018-04-11,-0.005528680027643396,-0.0013821700069109877,0.4926257476900828,12996.0,46061.89128508452,862,13811769,9751930,651589,773485,4361276,3805642,2840538,2272080,3652928,1854821,1057366,744733,307146,301169,406362,0,534564,0
127,000551,2018-04-11,0.0,0.005586592178770999,0.35988591544526394,7150.0,55996.153873889656,395,4197000,4043365,267212,430802,1514429,1291846,916837,858855,1002334,224105,0,0,0,0,496188,0,0,1237757
128,000552,2018-04-11,-0.0028571428571427804,-0.0028571428571427804,0.07365249097172405,1047.0,47162.50019267819,2274,8582094,12698313,1120990,1860778,1503309,2953721,1045973,2327940,1067220,1803474,259350,960390,735350,705814,0,450100,2849902,1636096
129,000553,2018-04-11,-0.0020847810979848225,-0.007644197359277349,0.37791840628285384,10031.0,67624.5045775822,1450,20437616,20323406,1727328,1437990,5994544,5801769,4100199,2720909,5075686,3469215,1428184,1523410,692906,1633298,0,443212,1418769,3293603
130,000554,2018-04-11,-0.002773925104022079,-0.00832177531206657,0.20656922941977313,16629.0,110438.94848024468,1219,28598451,29532791,857992,1092601,5698344,5549588,5565726,5236863,6252623,5666142,4545264,1874628,2788122,1419091,407340,877406,2483040,7816472
131,000555,2018-04-11,0.05534105534105538,0.0038610038610038533,0.293455835834115,34188.0,163730.6162113913,2809,122185131,111165136,1392124,1491732,13038676,13468685,17095190,15500656,23329606,23910235,18430788,12432384,12211564,12107432,7784676,6981762,28902507,25272250
132,000557,2018-04-11,-0.002272727272727426,0.002272727272727204,0.18407738550201577,5720.0,42342.49580422662,571,5476592,4595295,466903,666982,1917884,1962064,764777,1203177,697976,432898,0,0,751054,330174,877998,0,0,0
133,000558,2018-04-11,0.007109004739336511,0.014218009478673022,0.13566293887782893,12720.0,119701.94988436975,969,21214738,24419845,708911,929612,3793659,4055661,2989967,4047340,2409438,4832740,2204791,2188610,1023531,1767099,1894164,1852460,6190277,4746323
134,000559,2018-04-11,0.005780346820809079,0.003468208092485492,0.24465637302960247,11284.0,52033.47524760126,1250,16039208,18180579,1606249,996639,5820492,4828024,3068572,3603992,2634855,4200536,2192227,1766748,716813,341126,0,1301311,0,1142203
135,000560,2018-04-11,0.003658536585366079,0.0012195121951221743,0.20620204815480347,9924.0,59511.52575243003,1584,22479388,21442557,1595805,1192388,6266744,5868032,6758798,4698743,4203535,4202746,2937498,1923837,717008,314238,0,482494,0,2760079
136,000561,2018-04-11,0.011688311688311748,0.006493506493506551,0.259095209041905,7810.0,46717.645887695675,883,11792403,10430273,876937,873718,3265071,3374310,2178853,2638573,2855500,1541335,1589006,1055487,613852,946850,413184,0,0,0
137,000563,2018-04-11,0.007692307692307665,0.007692307692307665,0.10572334155085003,3940.0,79196.50816662367,1365,19233905,15116922,1347935,1420556,3411723,3060922,3085738,1834922,3578508,2968023,1399184,1375397,965145,1671754,1404703,430882,4040969,2354466
138,000565,2018-04-11,0.018376722817764257,0.016845329249617125,0.23773278618073682,13140.0,57951.57417680771,754,11257076,13193340,561686,806155,2189393,4028434,2166044,3156954,2912411,3841743,1193303,0,795059,1360054,882438,0,556742,0
139,000567,2018-04-11,-0.008139534883720989,-0.0007751937984495916,0.6965051195739366,20788.0,117641.72886675254,1372,38447511,36672312,721027,952066,5596071,6971467,5876357,5898777,8858273,7422899,6965104,4586548,2484837,2110690,448920,994142,7496922,7735723
140,000568,2018-04-11,-0.01291155584247905,-0.016300839251129684,1.1429714716208563,48788.0,304407.18338650925,2940,210789785,190402382,728992,1226497,14491491,12668120,19343595,13204104,30491744,21130932,27094658,17339169,31869805,15809110,11902908,10159874,74866592,98864576
141,000570,2018-04-11,-0.01147227533460815,-0.003824091778202754,0.2232996046802822,15690.0,72562.82517586829,548,12707950,8430332,183241,646942,1695890,2969414,2395237,1905822,4237299,1790561,2187575,259350,313200,0,403520,0,1291988,858243
142,000571,2018-04-11,0.02371541501976293,0.005928853754940677,0.10633891637171615,5643.0,64843.34317936691,2272,28983271,29225554,1229793,1810753,7617079,6967305,7101433,5470890,5873305,6823265,3392747,3013828,330630,1982315,1291981,413399,2146303,2743799
143,000572,2018-04-11,0.05365853658536612,0.056097560975609806,0.07872536695246735,25075.0,459760.9245157366,2739,135384905,126920199,2051268,1202831,13405476,10213927,15880071,10930791,19757658,18353148,14677855,13394449,9840057,8545319,10770044,10557293,49002476,53722441
144,000573,2018-04-11,-0.002178649237472685,0.002178649237472685,0.2162322710922872,4600.0,29095.009024520594,450,4601248,3188574,446282,377453,1728982,1489922,766056,1082701,1437244,238498,222684,0,0,0,0,0,0,0
145,000576,2018-04-11,-0.0014720314033365156,0.001962708537782243,0.8837281216815565,32656.0,184783.94972014302,531,8633989,31505049,164473,246203,813990,4007804,1224846,5172559,906865,7327544,1119239,4349264,1328612,2006610,0,5714145,3075964,2680920
146,000581,2018-04-11,0.0034467901766479514,0.01206376561826783,0.4787640559382962,25443.0,172099.88413079488,2350,64550448,98167032,1486479,1779180,10447539,13798568,9020422,13380484,13351828,14623055,7323021,11476937,6804555,4698150,4585104,4506932,11531500,33903726
147,000582,2018-04-11,0.0,0.004282655246252709,0.23485324136669705,16884.0,123236.45549236047,1583,36551694,33798263,1458825,1285934,8128815,7032421,6961168,5991345,7297384,6159450,3472280,3382273,2091020,1657714,850030,1444581,6292172,6844545
148,000585,2018-04-11,0.007194244604316502,0.010791366906474975,0.10921722771180888,4200.0,31245.596107629735,649,3710739,5494471,761126,586906,1625444,1797681,949025,852808,171864,955564,203280,1301512,0,0,0,0,0,0
149,000586,2018-04-11,-0.018611309949892574,-0.005010737294201872,0.599227834132032,5588.0,50111.6776418662,543,6739598,3040980,341095,1046766,1825566,1237075,899262,315041,856536,194183,1326964,247915,361400,0,436275,0,692500,0
150,000587,2018-04-11,0.004213483146067398,0.001404494382022392,0.21715155967710684,9256.0,68367.47990263173,1075,21540203,14205470,1259557,969421,4621366,3006457,4261126,2750452,4725140,3269435,2651662,1610736,2175695,1005429,942129,0,903528,1593540
151,000589,2018-04-11,0.002457002457002311,0.0,0.1671130018057984,2040.0,44694.87048468736,593,4897165,4554433,739823,293857,1552252,1270875,588187,876503,351076,1152866,478121,253989,683840,706343,0,0,503866,0
152,000590,2018-04-11,-0.0023148148148148806,0.00694444444444442,0.5579064695233069,12850.0,40700.04246239092,539,6075048,7009316,477564,414720,3004492,2272951,907757,1668540,1685235,1653637,0,491434,0,0,0,0,0,508034
153,000591,2018-04-11,0.016393442622950838,0.025500910746812266,0.10280369220387929,18080.0,207548.54290268492,2865,86861277,126827711,2269487,1623152,12551733,11462946,12779986,12478080,16181305,14041363,9714802,11450127,7668934,8172809,4483771,8955120,21211259,58644114
154,000592,2018-04-11,-0.004587155963302836,-0.01146788990825709,0.12976437705688598,8640.0,132662.66840913572,1131,32172174,18805264,1144548,1084658,3878878,3450630,2534026,2664682,5396258,3788928,2553623,2010292,3077710,2524075,1401521,0,12185610,3281999
155,000595,2018-04-11,-0.010245901639344246,-0.010245901639344246,0.17158485879478574,9620.0,35223.01152985634,809,9971337,8662851,942791,719242,3389570,3671954,2251999,2366592,2278760,1470743,1108217,434320,0,0,0,0,0,0
156,000596,2018-04-11,-0.008927148095010273,-0.009405388171528695,1.6481739569942553,18654.0,76723.62668028113,1449,30570783,26809111,1923145,999772,6782650,7366376,5493584,4436257,7458241,6846191,2139902,2177389,2646156,736634,1717647,1807292,2409458,2439200
157,000597,2018-04-11,0.0,-0.003960396039603853,0.2711647504033713,5050.0,52550.17291757276,1388,17760354,11369962,977686,987014,3600259,4896140,2424923,2198410,3242408,1625263,1400771,940663,4363463,722472,406828,0,1344016,0
158,000598,2018-04-11,0.0,-0.0020283975659228792,0.14563002621581203,9840.0,84073.21050365525,1147,20562711,12705481,1939604,681656,6816545,2430453,2709919,2318899,1637288,1536913,990021,971719,1012966,1711540,2904741,0,2551627,3054301
159,000599,2018-04-11,-0.003284072249589376,0.013136288998357948,0.19743340452500938,12350.0,121080.95261123999,952,18923835,18426595,984559,754135,4343107,3495240,4429756,3081746,3388298,4006736,654454,807254,1023312,1013960,491749,0,3608600,5267524
160,000600,2018-04-11,-0.002954209748892156,0.001477104874446189,0.19710154770869767,10185.0,82663.39159378623,1180,21418662,17000179,843307,1196891,4927170,4890150,3898847,2589651,3693387,2858994,1681977,2059553,1631034,1064380,859540,0,3883400,2340560
161,000601,2018-04-11,-0.0014970059880239361,0.0014970059880241582,0.3000312564066228,4683.0,79404.74268304821,495,8087897,5210149,569977,548183,1155865,1414586,854655,729115,747954,1384616,499726,651300,987503,0,0,482349,3272217,0
162,000603,2018-04-11,0.019213973799126594,0.007860262008733576,0.3468826303746461,17340.0,63431.39683035547,1089,22072992,23492514,837567,602232,5906341,4449385,3816021,5544082,6879785,6624377,2929658,3843048,671055,1436720,454565,416520,578000,576150
163,000605,2018-04-11,0.004584819154355602,0.005094243504839557,0.4308257454484601,23424.0,78721.03601388758,2077,48641773,51879097,1399151,1807282,9879453,11031620,12472391,11719449,13295012,10621220,5062155,4833086,3138242,4223912,957246,3043362,2438123,4599166
164,000607,2018-04-11,-0.0017636684303350414,0.0017636684303350414,0.1821071956713205,7455.5,50575.06387390835,970,16749510,8742248,978799,676671,4014771,2550519,4265169,1942519,4426349,1698724,1466686,1012433,628680,0,412984,861382,556072,0
165,000608,2018-04-11,0.006006006006006093,0.0045045045045044585,0.2743094847064868,7293.0,54553.78363070517,589,5950758,8596516,505120,623096,1789817,2355004,1188951,2125215,571245,2456504,688125,696327,336500,340370,0,0,871000,0
166,000609,2018-04-11,0.01650165016501659,0.018701870187018743,0.3497079554449812,13665.0,64437.450430099525,675,9629591,12864427,621876,671766,3118990,3148594,2515103,3140636,851447,2689633,239575,1251882,386365,1961916,492882,0,1403353,0
167,000610,2018-04-11,-0.0029999999999998916,-0.0020000000000000018,0.5123811638455417,9985.0,80525.62894145926,380,4620825,5846384,381919,405515,1396425,1088723,711948,1419306,1004356,599682,0,524087,647656,0,478521,0,0,1809071
168,000611,2018-04-11,0.0,-0.005427408412483015,0.3491426446162226,2205.0,32805.31238449934,445,2984214,2101294,617648,177304,1295300,589411,496400,553872,275069,327829,299797,0,0,0,0,452878,0,0
169,000612,2018-04-11,-0.01673640167364021,-0.019525801952580135,0.1745987651752855,5632.0,34821.631981010454,1688,17460004,9496310,2700610,1146086,6073190,3542048,3339228,1803784,3857096,1290423,1489880,765392,0,334839,0,0,0,613738
170,000613,2018-04-11,0.018750000000000044,0.022321428571428603,0.197720993928182,51664.0,780042.7231818453,3240,211982431,234212484,1099782,987969,14879630,13523808,19386367,18766433,33548392,36044774,28478017,22711445,24018667,19335192,15822618,8933744,74748958,113909119
171,000615,2018-04-11,0.007438894792773709,0.010626992561105109,0.20694279511787828,18960.0,81116.97923233427,2069,45851597,48893622,1786238,1749378,11183981,10278293,10595180,8367967,9559224,12278971,6802123,4450333,2455752,2438042,855378,4124155,2613721,5206483
172,000617,2018-04-11,0.0029197080291971655,-0.005109489051094762,0.4368702970379746,10872.0,85957.59139418791,983,21925095,10728851,1042646,776920,4384302,3150066,3625120,2758633,4214736,1698877,1954179,686655,1745428,0,1311304,0,3647380,1657700
173,000619,2018-04-11,0.005641748942172065,0.009873060648801113,0.3976852537953703,7150.0,70282.491325537,317,2920213,6403669,246486,411055,1148743,1149143,249871,964405,418431,176790,856682,562845,0,2286881,0,852550,0,0
174,000620,2018-04-11,-0.0033057851239668423,-0.006611570247933907,0.2089535161316572,3624.0,61820.528463111776,838,8730977,6128016,902862,325441,4956920,1355844,1211640,787061,1056555,1571120,0,0,0,613560,0,0,603000,1474990
175,000622,2018-04-11,0.0379464285714286,0.05357142857142838,0.13362941832906658,9966.0,101319.73604053374,1137,19035921,21941637,1063735,839451,4367775,3914864,4465843,4760424,2802624,4293628,2811926,486591,958050,1074900,436760,1288730,2129208,5283049
176,000623,2018-04-11,0.001927710843373509,0.002409638554216942,0.46949901622661566,20800.0,147513.9383846949,1953,62399114,48955556,1255047,1190350,10547351,9839434,6760508,7585660,12933660,8338830,6468403,5040444,3308633,3810730,2181917,3513573,18943595,9636535
177,000625,2018-04-11,-0.002680965147452974,-0.0044682752457549935,0.2534894762808365,15540.0,165372.75944899104,1949,63057429,38922547,1878008,1235887,9938065,7184592,8950649,6602425,11848725,6308151,4135282,5222987,4110907,3122496,3665448,1304787,18530345,7941222
178,000626,2018-04-11,-0.004428697962798878,-0.001771479185119551,0.39808484894614016,9024.0,40230.780003926135,804,9747908,7923050,811583,781934,3699138,3322113,2079020,1799564,1749562,1272039,250875,293800,708930,0,448800,453600,0,0
179,000627,2018-04-11,0.006518904823989535,0.007822685788787531,0.1773182167857042,7750.0,98677.6912847154,1873,39696915,33384551,2339593,1083941,7200761,5628216,5954850,4350422,5768464,5563692,4538742,4413663,7644546,2916247,2235982,2562109,4013977,6866261
180,000628,2018-04-11,-0.009933774834437026,-0.008830022075055233,0.293782405200468,10800.0,51121.99416189249,951,15052991,11393580,1120674,1014888,4733307,3936842,3367641,2062883,3202423,1831803,1345408,1213568,311259,359296,449289,431300,522990,543000
181,000630,2018-04-11,0.0,0.0038022813688214363,0.06014286798417453,10824.0,278595.41861158225,1934,61290017,53709746,1388124,1442920,5823030,4973994,15563184,5089055,14943014,6578135,3358860,3543902,1616692,4535655,892411,1858577,17704702,25687508
182,000631,2018-04-11,0.0024752475247524774,0.0024752475247524774,0.11812545524922526,7657.0,77331.58606592627,1171,14769537,11127724,4233998,450306,3368215,2023523,1412944,1332076,1445271,1474920,913790,1340504,0,1018303,1730162,438129,1665157,3049963
183,000632,2018-04-11,0.010256410256410442,0.011965811965811923,0.2663207501562902,1782.0,62039.84850899288,482,5105978,3033853,467408,266170,1183988,1342743,288662,1021880,1278540,106560,703380,296500,0,0,0,0,1184000,0
184,000633,2018-04-11,-0.015494636471990564,-0.014302741358760529,0.41255625416660896,9086.0,135678.42257101738,413,10493924,4889346,460792,273714,2104626,1257201,983116,1857099,345648,803454,0,286878,387750,0,411822,411000,5800170,0
185,000635,2018-04-11,0.0023529411764704466,0.0031372549019608176,0.5121468457899503,12780.0,42316.41120422777,619,8166011,7181990,497717,579755,3175168,2784175,2169463,1638456,1496325,1319678,201608,539926,0,320000,0,0,625730,0
186,000636,2018-04-11,-0.022068965517241357,-0.006206896551724128,0.2592339510776074,46592.0,241630.5769882509,3133,186519248,189711686,749744,1628995,12626309,16503759,18135755,17990051,31955994,29414496,29183491,25092714,17919660,15820592,11400483,15274203,64547812,67986876
187,000637,2018-04-11,-0.003669724770642313,-0.003669724770642313,0.2184588544768731,11455.5,65825.36706551022,622,10128804,10408586,557650,455698,2602070,2825526,1970522,2761546,2128153,1908359,1309246,1459924,1066238,0,494925,0,0,997533
188,000638,2018-04-11,0.03880266075388028,0.029933481152993213,0.23605592798792685,13875.0,78656.8287188065,1461,31885893,22793378,1834059,1082394,7596251,5787042,6713622,5404572,4946181,5063937,3521262,4763933,1351297,0,1313087,0,4610134,691500
189,000639,2018-04-11,0.008441558441558472,0.005844155844155763,0.48869049229566225,7740.0,70164.8289692486,993,13589829,13367238,777866,1309668,2554193,4204197,1818848,1912649,2717696,1973582,1744158,951446,1359618,918600,877830,904816,1739620,1192280
190,000650,2018-04-11,0.00588235294117645,0.0039215686274509665,0.1613207537795432,8755.0,98980.06908022512,1000,16840257,17940375,729519,875406,2904566,4221127,3096572,2537346,2146275,3917701,1320712,1759742,1045769,1761460,814871,809740,4781973,2057853
191,000651,2018-04-11,0.0024999999999999467,0.005624999999999991,0.8040398736719878,219684.5,1118732.2645475273,3564,1051859840,957875722,261381,280976,7218706,6332078,20028864,14623245,47665005,40569446,42773669,42508705,39267938,35994617,41625551,38878673,853018726,778687982
192,000652,2018-04-11,-0.002262443438914019,0.002262443438914019,0.1285076264067101,3544.0,43057.458109032945,1185,8966547,9720611,1141388,1482997,2411895,2857349,1458329,1119875,1362227,1669557,1842049,899962,310100,705082,440559,444000,0,541789
193,000655,2018-04-11,0.0,0.0019230769230769162,0.18595089441533294,8840.0,39365.47754596953,782,8683631,8764843,788195,683372,3056608,2752007,2427938,1386622,1697428,2087669,713462,929880,0,925293,0,0,0,0
194,000656,2018-04-11,0.0017730496453902678,0.005319148936170359,0.14762161470272592,10811.0,162842.38742261153,1462,29251205,44401266,1197388,1365732,4515599,5981361,4132241,5689687,3911769,4832541,6750900,5387740,1679727,1437811,906186,2152680,6157395,17553714
195,000657,2018-04-11,0.0059676044330776445,0.0,0.322424934318767,9504.0,61285.658194032694,1324,20158217,16172202,1442889,907232,6130608,4346203,5269689,2055212,4046915,2617234,1290367,2934366,350757,1048699,452352,0,1174640,2263256
196,000659,2018-04-11,-0.007874015748031593,-0.002624671916010568,0.18012856302028016,12852.0,91155.41455053019,447,10346252,8268064,294059,382601,1765717,2309372,1158038,1080723,1598573,2664503,1516993,1523173,1047688,307692,411920,0,2553264,0
197,000661,2018-04-11,0.009224091155724201,0.011828540423222789,4.090623343216245,55924.0,472731.25310505985,2034,167299481,216219560,0,0,9899577,8922852,13982044,12359890,15196223,16047493,15277802,32209052,8596170,15967271,9823111,9835931,94524554,120877071
198,000662,2018-04-11,-0.00391236306729259,0.0,0.32311130912788155,6385.0,40564.06751184312,1565,18244862,14216560,2065298,1216097,4933529,5034324,4242051,3388640,4154021,2576852,680827,1697050,2169136,303597,0,0,0,0
199,000663,2018-04-11,-0.018394648829431537,-0.010033444816053616,0.33810770396143097,16576.0,55458.86088336495,1251,25847007,18593185,1032344,948402,7595155,5892573,6453132,4055364,5065630,4237331,2369097,1833624,1993029,1148718,1338620,477173,0,0
200,000665,2018-04-11,0.004826254826254983,0.0019305019305020377,0.32180595548620533,16632.0,76087.88210096587,1036,23919201,21620745,687677,741032,4295903,4772787,5074436,5579387,5233962,4589745,2036412,3182343,1724891,935869,1410385,1301518,3455535,518064
201,000667,2018-04-11,0.0068728522336769515,0.013745704467353903,0.09087974497438608,7884.0,97428.94015909935,1029,10963632,15828539,1475550,908689,4682666,2638677,1452446,1228796,1122485,1252189,880705,978483,399546,1085544,441000,944540,509234,6791621
202,000668,2018-04-11,0.00556438791732905,0.007949125596184325,0.7442359822606499,2540.0,28926.888972069934,285,1108751,2256887,279982,260896,573495,897874,134814,320299,120460,558800,0,219018,0,0,0,0,0,0
203,000669,2018-04-11,-0.0017559262510975504,0.004389815627743543,0.3611658637041185,5710.0,41429.756625686416,994,9132234,8880592,1155134,717009,2602329,3091816,2105988,1615052,1752751,1780835,414312,763080,636112,342300,465608,0,0,570500
204,000670,2018-04-11,-0.01686340640809436,-0.011804384485666009,0.11169337143978383,20562.5,93020.48160583153,2828,82105856,69998512,2094698,1765193,14227717,12314506,14995212,14525341,18871682,16680725,10561692,9531570,6058944,7577878,7502868,2556590,7793043,5046709
205,000671,2018-04-11,0.011235955056179803,0.027465667915106184,0.15543957147601836,31388.0,285124.26409660117,2661,119615326,156602575,1758393,1678843,12039124,11516632,12750598,15900888,17273246,24542332,12306149,16969849,4820810,13264165,7506702,14132347,51160304,58597519
206,000672,2018-04-11,-0.00588235294117645,-0.008403361344537785,0.22031042472528314,43771.0,281341.56491220556,2920,166391479,147638796,1086590,1231904,14211323,13473801,19556629,17110382,33104892,25495089,24840072,18999678,15230891,14913256,12077226,6138509,46283856,50276177
207,000673,2018-04-11,0.007246376811594235,0.008454106280193274,0.49399045548089787,26472.0,312951.9874211627,1126,46397641,103491881,685274,665651,5302530,4313263,4778344,3792366,6710945,6379318,3278596,5256475,3063408,8851297,3126628,2169768,19451916,72063743
208,000676,2018-04-11,-0.006373937677053854,0.0014164305949009304,0.33786900131523084,22304.0,229215.58311131556,1751,68410226,41446958,1410502,887955,8824023,6531175,9653419,9642618,10846074,8398294,5314625,4979567,6725289,1340633,2610200,3320256,23026094,6346460
209,000677,2018-04-11,-0.012232415902140636,-0.006116207951070374,0.1391782627918362,3250.0,33861.55871736654,552,5003510,2456564,634324,310153,1768973,797307,826846,837781,776795,511323,226100,0,303102,0,467370,0,0,0
210,000678,2018-04-11,-0.004761904761904856,-0.004761904761904856,0.29608030989247225,12560.0,51114.76484574439,452,8317556,4850191,365073,383735,2254857,1709548,2047115,1150530,1767552,1001758,1017314,0,364845,604620,0,0,500800,0
211,000679,2018-04-11,0.006472491909385036,0.008090614886731462,0.37830641021256106,6210.0,55783.56883098954,266,3066723,3355994,220510,234286,904163,715099,546639,753157,161720,972364,429000,205920,309000,0,495691,475168,0,0
212,000680,2018-04-11,-0.00917431192660556,-0.004587155963302836,0.13914591482535835,3038.0,60395.445349853384,983,10885629,6692651,866671,910822,2353158,2259344,1598595,1586972,1956739,1717144,1342630,218369,395374,0,436872,0,1935590,0
213,000681,2018-04-11,0.01471129091577783,0.026848105921294607,0.5018569005931762,38584.0,208190.76392589288,2939,119558446,173465380,807949,945579,11175885,17214475,15621574,19437476,21830007,26182130,15876748,19176729,7659369,18751771,8656989,12016983,37929925,59740237
214,000682,2018-04-11,-0.0022471910112359383,-0.004494382022471988,0.20513589109711258,3552.0,39229.216752442146,470,4012312,2581671,631540,333243,1585922,1139861,623394,545470,502710,256984,0,0,0,306113,0,0,668746,0
215,000683,2018-04-11,-0.0071428571428571175,-0.0035714285714284477,0.06637521622818204,5301.0,143360.20450803378,1791,34537698,27141525,2778350,813675,6869169,3131911,5933737,2535803,6146947,1940992,2036361,1205722,1053948,1044810,3037544,971414,6681642,15497198
216,000685,2018-04-11,-0.0029940119760478723,-0.0029940119760478723,0.29568111606900194,9990.0,50086.377834256884,1148,15574083,10712303,1315925,1089033,5228490,3190462,3373919,1484088,2484088,3022118,1205461,763116,661681,664486,0,499000,1304519,0
217,000686,2018-04-11,-0.006234413965087282,-0.0037406483790523026,0.22839246355184845,15940.0,158508.1461342543,1233,32903719,37840992,708662,1227726,4904130,6174701,4862929,4569276,4966489,5632067,3394222,3245522,2820274,1078143,3409394,1731273,7837619,14182284
218,000687,2018-04-11,0.001913875598086312,-0.006698564593301315,0.31184976037988266,13468.0,114220.43507438253,1123,30442501,17150582,887020,675333,5527609,4671918,3936849,2982296,5721588,3417648,3375313,1914205,2460131,2796182,874162,0,7659829,693000
219,000690,2018-04-11,0.0,0.0012499999999999734,0.2128938097613447,9768.0,119302.11675909655,1413,27385605,23457263,1951563,1381870,5521341,4895413,4685003,2984170,5726533,2221355,2131893,3736863,1008588,329671,1302865,891300,5057819,7016621
220,000691,2018-04-11,0.009852216748768461,0.003284072249589487,0.30459445835265186,3672.0,23036.421929940654,399,2566592,2394390,408897,434706,1016996,1007626,798499,484237,342200,236631,0,231190,0,0,0,0,0,0
221,000692,2018-04-11,-0.0046511627906975495,-0.006976744186046546,0.19644882514020667,4686.0,27955.62391010748,479,4624502,2194529,686077,364882,1429136,1195971,885123,426705,964116,206971,660050,0,0,0,0,0,0,0
222,000693,2018-04-11,0.0,0.0,0.8313176714371688,1222.0,29183.208003951895,53,0,502242,0,91039,0,82485,0,135031,0,193687,0,0,0,0,0,0,0,0
223,000695,2018-04-11,-0.007960199004975133,0.0009950248756218638,0.49349328306933343,6063.0,35400.21288159097,414,4179254,3674587,329596,319364,1467456,1432244,1136224,1100772,426348,822207,474229,0,345401,0,0,0,0,0
224,000697,2018-04-11,0.016914402870322753,0.010763710917478075,0.5705967198865115,21615.0,80253.0751908016,1169,29841578,27600615,1016830,900479,4797007,6563713,6110278,5695996,8756478,7437076,3701690,2286138,2795739,2161458,886704,852705,1776852,1703050
225,000698,2018-04-11,-0.0018518518518519933,-0.0018518518518519933,0.2440208879747975,10820.0,80817.53779596977,489,9317588,6867825,406918,410546,2390036,2165804,1446683,795020,1380345,684765,722760,1050016,332802,342090,915875,499884,1722169,919700
226,000700,2018-04-11,0.005988023952095967,0.007984031936127733,0.23391679970132515,14126.0,78147.20164288563,458,9163545,8096835,309205,210510,2517113,1641218,1836965,1391844,1460076,1282436,207648,905720,626376,2160107,904680,0,1301482,505000
227,000701,2018-04-11,-0.01989528795811535,-0.005235602094240899,0.2594145381817695,16141.5,79180.68725115729,1356,34791789,20612558,1557952,1108148,7790906,5057249,5965812,5402901,6730237,4520559,4771001,1322863,1739210,681625,2856460,893813,3380211,1625400
228,000702,2018-04-11,0.010971786833855912,0.00783699059561127,0.2480555272598724,7018.0,43492.056278226264,661,8160954,7566486,792588,761660,2019449,2097653,1995712,2410562,1359460,1806683,1239288,489928,325628,0,428829,0,0,0
229,000703,2018-04-11,-0.01402714932126703,-0.02443438914027163,0.4139820135477575,42788.0,294475.504191857,2856,202647726,151848708,1135799,1004337,13463930,10631605,16278310,13464722,33471256,24645327,20229669,24162696,13259582,14023255,14550916,10366767,90258264,53549999
230,000705,2018-04-11,0.0050890585241729624,0.010178117048346147,0.306525288104873,12672.0,37248.645986371346,657,5500243,9647485,536963,779375,2247094,4910493,1047419,1384628,1067786,1327796,206981,898861,394000,346332,0,0,0,0
231,000707,2018-04-11,0.007653061224489832,0.007653061224489832,0.14194331430001875,4345.0,27269.269959187288,763,2799113,5570545,376196,1809323,1273235,1670193,443879,672674,705803,709700,0,0,0,708655,0,0,0,0
232,000708,2018-04-11,-0.00672430355427478,-0.004803073967339144,0.3374767823511331,3110.0,46645.041077453425,951,9830305,7787815,530246,1051041,2472864,2013190,2208542,1323072,3381707,1574358,924508,0,312438,613476,0,448848,0,763830
233,000709,2018-04-11,-0.005830903790087438,-0.00291545189504383,0.07337724273959956,15457.5,162303.44313635796,2200,67394110,47418063,1332409,1620830,14127922,8759593,6780920,5788850,7366151,6788186,7795133,4105562,5654344,3937128,2235385,3016482,22101846,13401432
234,000710,2018-04-11,-0.011227816008692493,-0.004889532777978878,1.4416327261205628,21938.0,133230.1226623529,1468,43348753,37015208,1031092,737316,7822564,7069274,6842944,7354682,7432511,7370716,5543793,3752853,5758871,2049115,1805504,405150,7111474,8276102
235,000712,2018-04-11,-0.02015604681404426,-0.015604681404421394,0.4002999401939199,10619.0,74333.08646455874,1476,32989176,18711983,2074120,953454,6099160,5701966,5745160,3517845,6430577,3588323,4311388,1638421,5306369,1033064,459342,492252,2563060,1786658
236,000713,2018-04-11,0.01744186046511631,0.0043604651162791885,0.19750788523222088,11602.5,70645.0708597185,1214,21812018,17791903,985932,1313986,5361122,4919134,4318359,3600084,3659670,3941313,3128809,1057556,706520,981398,2072261,0,1579345,1978432
237,000715,2018-04-11,-0.001166861143523934,0.004667444574095514,0.48774797676974047,7695.0,49455.436604296396,308,4752910,2066439,171033,464905,1177736,1066006,1093641,265201,877010,270327,485941,0,0,0,426499,0,521050,0
238,000716,2018-04-11,0.016981132075471583,0.013207547169811429,0.20892918340858155,12328.0,70939.28071563877,643,9099707,11497317,553689,419747,2661606,3370440,2898945,2307695,1932443,1405312,518364,705895,0,982715,0,417013,534660,1888500
239,000717,2018-04-11,-0.03052325581395343,-0.03197674418604646,0.12200762531182707,42399.0,752580.7091303696,3190,283786449,337229939,1174387,1766382,10822123,15152948,14299492,20023892,20961880,30724364,21342548,19835383,16912902,20032012,9648075,16053183,188625042,213641775
240,000718,2018-04-11,0.0,0.004938271604938427,0.12243196397613208,5726.0,100515.69553991953,1096,13935763,16789331,2175558,780895,3480464,2484663,2102299,1278852,2532054,2364778,2225168,427294,0,1863334,0,1732099,1420220,5857416
241,000719,2018-04-11,0.009445100354191327,0.007083825265643329,0.24691035776036374,4235.0,38100.809940274376,1177,10398811,9667883,2086270,565060,3126401,2388706,1855256,2622533,1810490,2011575,1116073,1739321,0,340688,404321,0,0,0
242,000720,2018-04-11,-0.007299270072992803,-0.0048661800486619056,0.176815042708041,5739.0,87461.55074278766,540,10140338,5125857,537676,600995,1470378,1976791,990317,1324743,1046782,761196,766605,462132,2205402,0,987298,0,2135880,0
243,000721,2018-04-11,-0.0019920318725099584,0.0,0.23884480219804693,9018.0,25837.08587828582,441,4189370,3673563,466897,313688,2057989,1430334,823037,1487639,841447,229557,0,212345,0,0,0,0,0,0
244,000722,2018-04-11,-0.008177570093457986,-0.004672897196261738,0.5299223678769668,13616.0,55460.770433861086,260,4317697,3609867,223780,277734,867708,1646547,891217,700262,825163,367464,466343,216568,1043486,0,0,401292,0,0
245,000725,2018-04-11,-0.0038022813688212143,-0.0038022813688212143,0.08797305907581388,190938.0,1191038.8407858831,3593,816273510,1083620840,218834,239635,6357084,8121527,19708507,22681852,40541646,59838166,42523413,51689072,39366192,55218965,34431818,50438842,633126016,835392781
246,000726,2018-04-11,0.006763285024154575,0.0009661835748790981,0.48958010441420013,8296.0,64550.873099302444,446,4721511,6576541,326690,230272,1123973,2163901,1088435,1592028,1230710,376412,951703,207399,0,978817,0,0,0,1027712
247,000727,2018-04-11,0.008510638297872353,0.012765957446808418,0.060479426873771246,4522.0,92830.30540675805,1525,16416002,26836463,957448,1347025,3740957,5454646,2107757,2647719,4722752,4881169,1224354,2898103,633188,311181,1398288,1386929,1631258,7909691
248,000728,2018-04-11,-0.005422993492407935,-0.002169197396963307,0.22618490434596314,22950.0,124439.58617608156,1662,54545051,51451888,1295898,1034785,9451881,7812194,9180657,6047531,12883597,9237271,6386442,6658159,3398478,5580518,2669339,7147774,9278759,7933656
249,000729,2018-04-11,0.029299363057324834,0.03566878980891741,0.14669443664501164,24480.0,148511.7208596714,2870,75506116,135524580,1682011,2849519,10161006,11342100,13958134,23137742,18804595,29321288,11319033,15727939,4741174,11403010,5769403,6690614,9070760,35052368
250,000731,2018-04-11,0.010869565217391353,0.0027173913043476716,0.2907681082468253,12201.0,73993.52059472517,640,12508275,10393715,703191,595705,2843548,2666715,2037594,1575310,2463341,2937879,1974442,1049640,659433,388066,406638,443400,1420088,737000
251,000732,2018-04-11,0.06859205776173294,0.08411552346570406,0.4684363922732314,178309.0,843035.0627925429,3506,545375390,729046831,360840,466437,7404926,6232053,15035089,18621809,46262239,50529729,43790889,51901944,44972993,43347345,37289312,47783327,350259102,510164187
252,000733,2018-04-11,0.0036873156342183133,0.0022123893805310324,0.3469903830274225,13570.0,88498.44832017095,1527,30262253,30024798,1536620,832216,6305256,6675661,6906013,3328688,7373173,5688650,3021220,3376109,1651914,3049689,894945,824210,2573112,6249575
253,000735,2018-04-11,0.056919642857142794,0.056919642857142794,0.15862137578788893,67165.0,552471.3746257141,3202,281930669,344212279,1041674,1460141,11899195,12317031,17982925,17405099,32872553,33652990,30205256,28127336,25588100,27871743,16082142,22049730,146258824,201328209
254,000736,2018-04-11,-0.0034482758620689724,0.0009852216748769127,0.6672524789389995,20430.0,72219.10022090707,927,18624079,18892819,506161,562433,5352296,4077496,3965302,4599461,4405770,4722842,1661823,2451897,695130,349830,882884,400698,1154713,1728162
255,000737,2018-04-11,0.010666666666666602,0.010666666666666602,0.19664212488641847,6426.0,76958.04674310815,363,4518698,4960593,259463,381972,1265648,1435603,588798,1330047,1332984,340513,245700,266058,342414,0,483691,0,0,1206400
256,000738,2018-04-11,0.018913971934106044,-0.006711409395973145,0.3465026093095383,25752.0,125863.03278992935,2239,77947271,61059871,1630840,1252934,10407524,11476429,13121838,10979872,15728197,14488496,7796928,6605566,7312538,3249645,2198821,4889021,19750585,8117908
257,000739,2018-04-11,-0.020958083832335328,-0.02395209580838331,0.18752634974537957,9855.0,110563.21262050234,1271,39067505,20200770,1429180,737588,4888754,4017391,4425707,3291306,6825403,3027882,4402912,2412141,5941414,1682878,1757046,1268183,9397089,3763401
258,000750,2018-04-11,-0.011363636363636576,-0.006818181818181834,0.11955500912699908,5668.0,118522.8952374272,1358,29121926,15293047,1083251,1771085,4176805,4932252,2900193,2612357,3696692,2499382,2525233,1334828,5337880,0,2608760,838558,6793112,1304585
259,000751,2018-04-11,-0.004395604395604269,-0.00219780219780219,0.15446076081823137,9555.0,53906.044911915196,868,12401099,11845030,891698,914819,3939504,3484521,2540509,2480036,2146000,2212597,1570529,1158276,687719,1036041,0,0,625140,558740
260,000752,2018-04-11,-0.0014084507042253502,0.0028169014084507005,0.5495796207384596,15598.0,140496.39184972152,667,13535691,19962861,448611,687003,3260782,2944448,2957679,2460801,2241917,2350959,1847805,1862258,1758225,682718,400680,426300,619992,8548374
261,000753,2018-04-11,0.0029069767441860517,0.0029069767441860517,0.15023890202591758,6201.0,114597.98963182104,524,9944225,6872327,505767,394292,1625733,1679282,1368920,938927,2020438,908740,677048,923022,670864,661710,858437,847354,2217018,519000
262,000755,2018-04-11,-0.01078582434514641,-0.007704160246533087,0.4164024470180961,6480.0,35242.334780538746,242,3637522,1612480,241670,220905,1036130,729095,1351302,174109,518447,488371,489973,0,0,0,0,0,0,0
263,000756,2018-04-11,-0.0015822784810127777,-0.0031645569620254443,0.3663363796497272,22662.0,49292.32942324088,1190,23661164,16047019,657897,766194,10366974,5121330,3582429,3854794,5595928,3568011,1604233,1520426,992103,713464,861600,0,0,502800
264,000758,2018-04-11,-0.0034305317324185847,-0.006861063464837058,0.16489732812741342,5810.0,70539.26113440486,1251,19869739,13374040,1958436,984683,4169995,2595352,3668927,2183485,3290710,2579877,1731501,2230219,962729,373120,468411,1239195,3619030,1188109
265,000759,2018-04-11,0.0,0.008567931456548328,0.27851276389757607,9009.0,52413.84706735301,860,9961384,14043262,878837,1090045,3644366,3588880,2055968,2611789,2196018,2203840,758156,2553482,0,693094,428039,1302132,0,0
266,000760,2018-04-11,-0.01931330472102999,-0.015021459227467893,0.1541939213637093,8749.5,58786.21900828947,914,15269923,9595262,505966,1080673,3620547,3678087,2554153,2314998,3048104,1379866,2220208,767767,642408,373871,866631,0,1811906,0
267,000761,2018-04-11,-0.015384615384615219,-0.01758241758241763,0.12169407975559081,4941.0,80296.9773544365,1401,20054459,15619271,1135530,1628303,4432671,3376942,2357245,2938806,3744209,3549699,1185987,1140413,349200,1049740,1301628,1394792,5547989,540576
268,000762,2018-04-11,-0.0014836795252225476,0.0014836795252224366,0.33381438093321286,17472.0,116314.82239339422,1631,36683213,48540246,1529697,1396635,7262200,6455378,7136170,8626415,8168883,7311750,4579266,6329286,2463052,3012437,1839397,2563427,3704548,12844918
269,000767,2018-04-11,0.0037453183520599342,0.011235955056179803,0.15223047492952216,2970.0,54169.79987948076,307,2339866,3830489,232181,225234,1033586,679235,601853,877528,472246,416610,0,204660,0,356940,0,463860,0,606422
270,000768,2018-04-11,0.004936917169500843,-0.009873834339001575,0.3510545103649202,36200.0,272679.29348102893,2699,156187321,145542482,1679153,863115,12894354,15643893,15904303,11376362,20512529,19633306,14238268,13442130,12293070,14185717,9666698,10379474,68998946,60018485
271,000776,2018-04-11,0.00121212121212122,0.0036363636363636598,0.31484192055988164,46452.0,411672.94762861234,2747,211044634,213355514,1230874,1440675,11901400,13851746,14485073,17185976,25777815,29433780,18554028,16979035,12894051,13952462,13095460,11338641,113105933,109173199
272,000777,2018-04-11,0.012134189864382527,0.005710206995003464,0.3806269684994915,9821.0,70257.9629562746,1355,21820120,20212535,1995211,950331,6036295,4430723,4529124,3284870,4928628,4066696,1925220,1939152,1685461,1663784,0,1275139,720181,2601840
273,000778,2018-04-11,-0.008247422680412342,-0.006185567010309145,0.10849590209529127,8676.0,116191.62166378289,2004,39070955,21414739,3570418,1094318,9209275,5789994,4719310,3446427,4034763,2869384,2933707,2929188,1068468,1349155,2368729,924519,11166285,3011754
274,000780,2018-04-11,-0.007692307692307665,-0.00576923076923086,0.16632614447460795,13468.0,125454.41375189972,978,24948731,22396931,632791,853644,3591567,4113743,3979473,4289864,3190958,4060498,3711484,3586316,2506095,2051226,1737267,401338,5599096,3040302
275,000782,2018-04-11,0.001468428781204123,0.010279001468428861,0.3580157681511485,12420.0,34938.39055763322,361,2935653,5320585,310336,353918,1824744,1721932,663173,1008246,137400,1909429,0,0,0,327060,0,0,0,0
276,000783,2018-04-11,-0.011004126547455195,0.0,0.1810839669324188,12393.0,142430.77830222916,1613,36025293,47916134,1055135,1565238,6049606,8773384,3365716,5837694,4233459,7016090,3965817,2541972,4562025,2544456,2229703,4058372,10563832,15578928
277,000785,2018-04-11,0.005165289256198413,0.006198347107438051,0.2738363101124465,9710.0,38697.25440356946,1250,12084065,15511946,1037853,1742251,3650845,7185775,2994230,2954239,2774720,2531442,562040,689714,647929,0,416448,408525,0,0
278,000786,2018-04-11,-0.0003974562798092496,-0.006359300476947549,0.46792884188374756,32838.0,203753.45201933009,2893,151899470,127139371,2080911,977838,15301051,12220496,17479813,14216795,27821944,24230328,17829344,16945351,13203281,8000983,6536795,6400022,51646331,44147558
279,000788,2018-04-11,-0.015834348355663885,-0.00974421437271622,0.18620993714445147,16200.0,91756.9052358006,1947,43239675,26866764,1700371,1736791,10277970,8917825,9731081,7014391,8120711,4874613,3458302,1852071,2622997,656376,873469,0,6454774,1814697
280,000789,2018-04-11,0.008730158730158921,0.011904761904761862,0.21892614105771738,83985.0,488781.54001888965,3320,351264426,342280532,878755,733474,12880907,10061705,21668946,18354339,44077184,35108815,38726117,30523617,35087085,33797349,27400091,26562870,170545341,187138363
281,000790,2018-04-11,-0.04133333333333333,-0.04266666666666674,0.13070289492351875,48416.0,313296.4429735677,3311,249943957,175918795,1118925,1510613,12789115,17262760,19706087,23861211,28904023,31336326,24256932,19593678,21349804,15182209,19419257,14918566,122399814,52253432
282,000791,2018-04-11,0.010670731707317138,0.004573170731707377,0.19925098947172853,6610.0,41187.923091411736,1084,10154255,13322949,902702,1411815,3168313,4303024,2101426,3646965,2201002,1860757,1453812,724679,327000,1375709,0,0,0,0
283,000792,2018-04-11,-0.010101010101010055,-0.007936507936507908,0.2825034986686007,41070.0,331572.9921558044,2409,176143832,132336578,1116928,1203215,9878661,10161311,13496929,13784087,22810236,21398319,20284839,14469510,11995474,13391384,9270786,10546717,87289979,47382035
284,000795,2018-04-11,0.008445945945945832,-0.008445945945945943,0.14579141293849762,15930.0,76503.86274382543,1651,39501398,28438610,1243519,1259892,8187857,7614338,7047459,6301017,10190716,5317830,3803828,3234714,4189895,1452711,1253482,1348032,3584642,1910076
285,000797,2018-04-11,0.045191193511007866,0.0428736964078793,0.2774163605508711,16170.0,117740.45776600402,968,18775671,31360522,871420,916022,4416606,3723774,3596667,4255089,4199861,5711176,1454392,3089542,683110,2532020,1331264,2258689,2222351,8874210
286,000798,2018-04-11,0.008505467800729027,0.007290400972053357,0.415752899260962,4165.0,57709.64370213806,391,3453556,4064627,361536,503265,1129839,1130101,466409,906672,416565,411306,476627,0,0,387863,0,0,602580,725420
287,000799,2018-04-11,0.011623080116230922,0.001245330012453305,0.5465115395175006,16884.0,98119.2897929364,1944,54787895,38606983,2546254,818780,10027667,6285955,9654096,10083055,7962592,8196121,8308625,5016183,5183972,1004550,3058130,2278852,8046559,4923487
288,000800,2018-04-11,0.0,-0.0019550342130987275,0.25928901863840675,24384.0,132236.4960715133,1557,56220635,44347903,863606,842638,7082646,7047561,8910106,7614581,11272171,10629543,9393603,6804995,3545003,4036663,2664707,1320958,12488793,6050964
289,000801,2018-04-11,0.008915304606240682,0.0014858841010401136,0.14658133086792965,18536.0,129844.91047911973,2113,61920850,54548159,1767387,1504164,10131420,7904527,10745628,9043834,13263939,11672655,8427178,5911500,3113572,6080415,3510792,2240083,10960934,10190981
290,000802,2018-04-11,-0.0033670033670034627,0.004208754208754106,0.35242996257132736,11930.0,69750.12922470369,1136,18067828,19561105,870324,969580,4662819,5116770,4517339,3644936,4229836,5132358,1372086,2752571,1036156,1285550,0,0,1379268,659340
291,000803,2018-04-11,-0.00587659157688547,-0.013222331047992308,1.164584268471607,12276.0,68026.12720536573,307,6450806,4044328,182380,250631,1483927,1181706,1262851,734917,1000698,1218999,1044250,658075,312000,0,402800,0,761900,0
292,000806,2018-04-11,0.0,-0.0013513513513514486,0.1684060687112014,17760.0,97110.41991664094,1933,43059462,43837325,1623864,1561010,10528418,8730564,9600780,8518845,9703050,7829030,3612713,3705589,1679209,3480992,2282591,2567779,4028837,7443516
293,000807,2018-04-11,-0.029268292682926744,-0.035365853658536506,0.14569387982304963,55269.0,685888.1180068644,3175,355759108,269219761,1178847,1051128,13246839,12949757,20455548,20541962,31442841,27031610,24082527,20542388,24213493,17631439,22352865,18511008,218786148,150960469
294,000809,2018-04-11,-0.005555555555555536,-0.008333333333333415,0.15623090198967077,6444.0,97057.92996430464,531,8643141,6782463,568999,215850,1790155,1875481,896600,1381393,1410371,657054,1640391,508265,1405290,332582,931335,0,0,1811838
295,000810,2018-04-11,-0.019562715765247374,-0.016110471806674243,0.21621882923353278,12067.0,66466.0786470416,1617,31458626,21076971,1613971,1514401,7555422,7086891,5933877,4705167,6559361,3417028,3312696,1779066,2152843,992447,1392318,895820,2938138,686151
296,000811,2018-04-11,0.00694444444444442,0.011111111111111072,0.21780471513384742,12172.0,87478.52581593748,1093,20147358,26371904,908131,1050468,3628111,4504944,4377136,4743459,4352956,4832950,1464174,2944906,1466196,3635719,990011,2198898,2960643,2460560
297,000813,2018-04-11,0.026058631921823894,0.02497285559174789,0.23992284635563546,13020.0,177225.67314972385,1475,39208783,37542694,1652271,1194181,7148895,5690120,4940005,4289681,6661126,5806755,3808063,3891560,1964233,717440,431894,944503,12602296,15008454
298,000815,2018-04-11,-0.01224489795918371,-0.01632653061224487,0.40987898579554066,10863.0,70931.61068367152,893,19925241,8385575,989243,662755,3586645,3326954,2460985,1724985,2515532,1318624,4314462,908554,2736911,0,1878978,443703,1442485,0
299,000816,2018-04-11,-0.006042296072507614,0.0,0.06323567565922912,15876.0,120073.44326245069,2768,66934627,66733543,2221606,2273962,13441080,11574835,11123178,10689262,15408177,12497293,7846328,8890382,4855459,6215703,1838795,2255712,10200004,12336394
300,000818,2018-04-11,0.0038197097020626902,-0.0015278838808250317,0.340293351330723,13070.0,103387.23035574894,1481,32965802,32037001,1193267,967295,6550976,4899998,6085272,4762586,6411045,9885866,3129155,4040664,2136863,2409410,1359347,864197,6099877,4206985
301,000819,2018-04-11,-0.04230769230769238,-0.013076923076923097,0.2837463162234323,23490.0,331622.8725745018,2105,82350994,93518040,928477,1533580,8568756,10126536,9905992,8823154,14641858,12880597,9235614,9420973,6842326,6230874,3580112,3546564,28647859,40955762
302,000820,2018-04-11,0.0006211180124222615,0.01055900621118,0.3149738350586135,32140.0,220394.8964529141,2615,117263941,114633454,1631577,1289327,12240162,12017790,14881480,16315160,21197930,19963123,14872190,13020547,13700995,7041286,6230035,6389269,32509572,38596952
303,000821,2018-04-11,0.0016708437761068229,-0.0008354218880534114,0.4477420188464403,14388.0,51095.07937333202,714,12939706,10391906,401126,594033,4498014,3127628,2431938,2171396,3024382,2400059,1450435,1465190,723261,633600,410550,0,0,0
304,000822,2018-04-11,-0.0072202166064982976,-0.001203369434416346,0.16718323180286734,22189.0,210203.82652662697,2476,101951318,97786092,1958163,1452540,12064847,9099672,11942925,7790825,22765899,13562397,13278691,11536576,8453432,11113781,7109931,3557069,24377430,39673232
305,000823,2018-04-11,-0.00737618545837726,-0.0021074815595363283,0.21721847923994872,25731.0,109989.59156499064,1911,63970029,58263841,1111728,1243064,6710201,8208156,12471906,9908790,21699927,15840142,7367070,6666739,4579010,6209663,4009539,1817231,6020648,8370056
306,000825,2018-04-11,-0.018549747048903775,-0.021922428330522714,0.11057924683068215,25112.0,342256.2235817203,2886,196221559,151799197,2130587,1703348,11198476,9753204,14952575,10599242,22984575,17455365,16914477,12659745,19221001,6228658,19813510,6742600,89006358,86657035
307,000826,2018-04-11,0.023039889958734516,0.02269601100412655,0.6229882150351407,38493.0,209300.1806821027,2179,65948431,134680812,1237914,1031917,8898404,9311342,11984765,18255528,14192260,26968736,8460669,9865655,4835295,9977109,7421411,7331224,8917713,51939301
308,000828,2018-04-11,-0.0047483380816712994,0.0,0.44192289234837906,10500.0,57068.42729222937,567,8623922,7178342,361116,367057,2658457,2505759,882980,1658366,1366639,1285078,1413223,210600,1057257,667562,884250,483920,0,0
309,000829,2018-04-11,-0.013303769401330268,-0.006651884700665023,0.3029542067201473,9020.0,38682.77001297599,886,11504971,7943401,1482439,717408,4028315,3404982,2174013,1616670,2587062,1468241,243087,287100,990055,0,0,449000,0,0
310,000830,2018-04-11,-0.006703910614525022,0.003351955307262733,0.30384384726306063,113535.0,849629.5883949498,3473,612602050,644652983,670533,549679,12714316,10186709,21830487,18680984,36472374,40678445,36640544,32580777,31903453,32778890,26514202,35149105,445856141,474048394
311,000831,2018-04-11,0.02136075949367089,-0.013449367088607556,0.24322546704479855,33615.0,156911.3326436132,2703,128099991,97867788,1500951,1404067,12627287,11397911,18492581,13996775,28210977,21414553,19503142,13272458,11419050,11446510,9881813,6600512,26464190,18335002
312,000833,2018-04-11,0.0,0.004893964110929794,0.25730072353902056,6160.0,47200.957183432416,567,6143627,5777717,667840,467440,1862266,2215214,690406,1221833,820033,885992,1595498,583103,0,0,0,404135,507584,0
313,000835,2018-04-11,-0.0013440860215054862,0.0026881720430107503,0.2284875237605789,9659.0,128322.98262984699,1061,20677551,16745903,1027611,1201583,4085184,4090146,3221299,3329787,3227128,2435076,1776610,1571949,1434964,396019,411255,448305,5493500,3273038
314,000836,2018-04-11,0.02386117136659416,0.02819956616052055,0.12572379982942394,10879.0,84870.38820704425,1347,21122118,32768430,1127785,1212050,4707020,6980181,2785831,5074314,6296788,4684232,2196670,3640303,1394142,1699538,902610,5513756,1711272,3964056
315,000837,2018-04-11,0.005357142857142838,0.0035714285714285587,0.2165914431357539,11160.0,41050.873784345764,668,8309775,8363654,572329,593871,2640908,2586536,2017808,2360245,2006030,1598644,769806,1224358,302894,0,0,0,0,0
316,000838,2018-04-11,0.00397614314115291,0.00397614314115291,0.17501444182078096,6571.0,43334.9821268721,826,8073549,9107918,695972,907690,2688795,2472336,2030263,2182536,806041,1909185,693133,903783,716090,732388,443255,0,0,0
317,000839,2018-04-11,-0.0028328611898016387,0.0014164305949009304,0.1442204229618869,17725.0,120247.58995358423,2400,63254443,71436725,1854064,1967877,10315269,11830552,10788401,11094774,11586747,11401314,7896922,6553394,4757811,9285516,4840036,4025481,11215193,15277817
318,000848,2018-04-11,0.010857763300760048,0.013029315960912058,0.25798316764203927,12025.0,51631.99407959671,1275,10701684,15914220,715626,1097202,5969606,6231947,1227521,2122129,1008528,1963386,896103,2269471,0,376768,0,926317,884300,927000
319,000850,2018-04-11,0.004566210045662267,0.006849315068493178,0.1334578821661237,6615.0,99161.69998750971,1079,17185544,15262318,831127,868724,4203978,3831580,2472336,3085245,3098158,1463131,2083556,1999590,0,318402,1786602,438240,2709787,3257406
320,000851,2018-04-11,0.028901734104046284,0.015028901734103872,0.19809548826508322,20463.5,102172.73326769614,1908,47075093,59040707,2342995,1154794,9634439,8017645,10483502,9845107,9984352,11981718,7118088,9964836,3174916,3339351,2212085,3041331,2124716,11695925
321,000852,2018-04-11,0.05056759545923639,0.04643962848297223,0.17751424849675843,41902.0,244087.71397814705,2990,146531492,181761225,1251753,1081006,13354427,11856036,16062910,17431285,29586236,27053464,21788028,23227275,18465127,21318317,6234494,12023472,39788517,67770370
322,000856,2018-04-11,-0.018471010774756214,-0.011287839917906606,0.4350816067614779,21131.0,124459.65200431072,2007,59589142,47020343,1647709,1843769,10174399,11071026,9161452,9287240,13094009,7666115,5568554,5458604,4965028,1731008,2598381,1803981,12379610,8158600
323,000858,2018-04-11,-0.006359525155455126,-0.004381006218202366,1.1994790886125088,162541.0,773862.8948175905,3480,744214181,611744176,316200,332570,10688607,7365953,27068540,16267093,53207209,33291220,47166450,40416472,45193758,34711277,42510549,29023622,518062868,450335969
324,000859,2018-04-11,0.016042780748662944,0.016042780748662944,0.14670632420632101,7580.0,54414.38289560412,650,6106104,9986741,469754,754297,2575266,2358391,937366,1546055,1401982,1963959,249442,968086,0,1853242,472294,0,0,542711
325,000860,2018-04-11,-0.0034028073160358163,-0.002977456401531242,0.5052943758001951,14160.0,83868.3072739453,2167,52584027,42728828,2475989,1574962,10311507,7412684,9744361,8007641,12222083,10315846,4839085,5339198,3643735,3145149,4026027,2265932,5321240,4667416
326,000861,2018-04-11,0.0035087719298245723,0.007017543859649145,0.15400515956531102,5148.0,45948.49229359816,342,2575480,4198272,275289,378296,861148,1041124,804409,674338,400114,1058898,234520,200200,0,311168,0,0,0,534248
327,000862,2018-04-11,0.0024937655860348684,0.0024937655860348684,0.12217833939044788,8866.0,74690.2652603801,1079,16396336,13563082,935387,1033183,4063134,4668422,2718567,2570283,2934477,2164614,608435,777578,672194,759524,1801420,407407,2662722,1182071
328,000863,2018-04-11,-0.0021505376344087557,-0.0021505376344087557,0.13978118844667087,1855.0,25208.93385652847,1108,6099937,5277204,1235968,1107256,1601576,1512765,1570650,1362936,726743,1062248,965000,231999,0,0,0,0,0,0
329,000868,2018-04-11,0.007656967840734996,0.009188361408882129,0.12947476000916544,26400.0,144878.63328843546,2550,97090595,79877911,1752815,1407728,12907420,11145976,13926391,15244858,19236526,16969971,15194361,8196420,6527671,6268733,5399818,3498631,22145593,17145594
330,000869,2018-04-11,0.0,0.0028675703858185297,1.3794499710464883,23004.0,250953.20878023698,773,32536671,26774249,480364,437499,4777489,3857302,2817548,4160490,4205280,5691498,1745387,2502110,691763,2611549,478749,1301387,17340091,6212414
331,000875,2018-04-11,0.0031847133757960666,0.006369426751592355,0.08988243051887487,6930.0,66925.41385122064,1223,14167759,13111015,4253766,653451,2732479,3257448,1192072,1563008,1213436,1865958,1287602,707332,1268317,1314724,434706,1322186,1785381,2426908
332,000876,2018-04-11,-0.0027662517289074318,-0.0013831258644537714,0.14880954445038963,11894.5,153895.41289493506,2366,50225419,42024852,991313,1343199,15730936,6944695,5823656,4191056,5463983,3403581,3029561,2269952,2360260,2172087,866163,454408,15959547,21245874
333,000877,2018-04-11,-0.006756756756756799,-0.0038610038610037423,0.19155624007369437,12420.0,109918.14506547085,2928,67510194,56651796,3562663,1144726,14372116,10210548,12670166,8038443,12634476,12049515,5232735,7320196,4402710,3462523,2286789,1805491,12348539,12620354
334,000878,2018-04-11,-0.011206896551724022,-0.012068965517241237,0.2738814222133924,18360.0,156470.08590908628,1794,59441522,47874758,1273414,1222802,7638105,7573684,8260375,6336470,14195299,8197411,8398159,6130978,4193484,3503777,4127696,5446059,11354990,9463577
335,000880,2018-04-11,0.00741525423728806,0.0021186440677967155,0.5060877210229106,13174.0,38326.997328576166,347,3644764,5942284,447271,230444,1554147,1692737,993662,1866987,414684,1657088,235000,495028,0,0,0,0,0,0
336,000881,2018-04-11,0.033421284080914715,0.030782761653474155,0.33330274065161053,17452.5,92499.41182926914,1164,23737652,33774088,655361,725546,4645016,5273954,4103160,6595565,6689642,5241976,2501408,6085935,3077278,3488831,1358939,1389202,706848,4973079
337,000882,2018-04-11,-0.012232415902140636,-0.012232415902140636,0.07512558671035272,9750.0,80551.97160442267,1907,38295828,24473744,1897029,1438199,8949114,6076873,7105616,3917796,7199487,5246897,2977870,962493,3315602,2638246,1858767,457473,4992343,3735767
338,000883,2018-04-11,0.004618937644341736,0.006928406466512715,0.11251337046640153,4330.0,123395.53353743491,1485,19991438,22938232,1851231,855737,4638148,3152916,3494789,1849256,3055032,2174681,273456,2143621,1421680,1719642,437330,1329522,4819772,9712857
339,000885,2018-04-11,-0.0013037809647978849,-0.0052151238591916504,0.36968059879476517,16780.5,85591.08597086008,1722,36829308,30654527,1314628,1234023,9080158,7624695,9231618,8482670,6543046,7211658,4807293,2394497,1349560,925744,921958,422950,3581047,2358290
340,000886,2018-04-11,0.0042918454935620964,0.0042918454935620964,0.13104120445237588,43798.0,559913.450444708,2865,237112056,241044715,1664777,1183891,10140641,9394362,17095514,16458418,24943536,23554473,18145845,19880973,16775676,16969863,15933191,17265642,132412876,136337093
341,000887,2018-04-11,-0.015428571428571458,-0.014285714285714235,0.4373765121343417,15606.0,109135.31729553228,1601,47220068,25926045,1550149,1288996,8620852,6119114,5264774,5391723,7304246,5516938,4425963,3006503,4101332,1684308,2237228,936265,13715524,1982198
342,000888,2018-04-11,0.0031315240083507057,0.0041753653444676075,0.2918478764078725,9640.0,48430.40080341209,1077,13700005,12040585,1653799,905742,5729193,3131298,1953255,2673481,1978116,3197322,1167051,1710600,337400,0,0,422142,881191,0
343,000889,2018-04-11,0.005014326647564404,0.004297994269340855,0.5036076385627075,4206.0,82197.00343640268,768,10507917,9470955,689747,938662,1756740,1783965,1145615,2242127,744579,1252408,1078380,815683,722674,302400,1377838,851736,2992344,1283974
344,000892,2018-04-11,-0.005050505050505083,-0.0037878787878787845,0.2644792524744936,3955.0,34412.15827571106,897,6348386,6048854,1055871,1062337,2528293,1857590,608335,1208781,969787,942536,474600,265440,711500,712170,0,0,0,0
345,000893,2018-04-11,0.0,-0.005319148936170137,0.17358545422790347,11770.5,48275.69255215804,1056,20650281,10598067,1156987,717585,5996853,3326892,5144143,2199848,4399225,2183023,3104699,1805039,307414,365680,0,0,540960,0
346,000895,2018-04-11,0.015540015540015606,0.016705516705516787,0.5136252042480154,26250.0,184290.0135086203,2514,95908024,102422105,1245893,1734465,12799124,10880305,13381868,10744217,18534377,13815705,11588681,9782262,7009836,8926639,7407378,7683390,23940867,38855122
347,000897,2018-04-11,0.003215434083601254,0.009646302250803984,0.10892111361719017,2184.0,39360.837635038515,817,3603489,6248047,600506,804152,1204031,1960218,689915,1325741,327476,873804,781561,473951,0,0,0,0,0,810181
348,000898,2018-04-11,-0.004792332268370503,-0.006389776357827448,0.14135352833564518,11837.0,170496.95278759883,1965,71902838,62531516,1816416,1569230,7437025,5203745,7040496,4613260,9739614,13443765,4947458,3921885,6027199,7662977,5054369,3205446,29840261,22911208
349,000899,2018-04-11,0.004048582995951344,0.012145748987854255,0.3271951810862041,9960.0,69317.14164191921,227,3458032,3712669,265061,278943,961730,1150240,427424,615741,1059817,707604,0,496503,0,0,0,463638,744000,0
350,000901,2018-04-11,0.008122743682310363,-0.010379061371841192,0.5139749007186621,22120.0,112387.39566817929,1859,63784322,46814252,1065753,757020,13305826,8066588,8254845,6507749,13830677,9692812,9285283,7650298,2680865,2428795,2710598,2220199,12650475,9490791
351,000902,2018-04-11,0.005181347150258864,-0.005181347150259086,0.3669797489557661,8694.0,86163.5074716694,691,14033275,10700086,558890,691018,2204711,2790487,1417185,3399544,2019222,1925126,1970248,668850,1452471,721775,1820988,0,2589560,503286
352,000903,2018-04-11,0.006557377049180246,0.0,0.11735332596218459,3060.0,92899.57663801138,676,6835512,10654284,352356,582269,1331370,2577216,1111002,1138152,1137344,1275478,213500,752269,0,0,0,488000,2689940,3840900
353,000905,2018-04-11,-0.027237354085603016,-0.023346303501945553,0.3060988183499598,13214.5,106570.71024741777,1128,26589358,21433057,859359,797196,5128292,5392504,3765103,3729348,5694267,3555353,2630420,2218461,975761,1328191,421521,2153298,7114635,2258706
354,000906,2018-04-11,-0.019583843329253336,-0.009791921664626724,0.34550530602889856,16239.0,95913.38616775797,559,14753356,9524900,593738,396339,3295462,2072632,2400492,1841171,2402249,1638226,958931,1195618,1717191,0,1219413,0,2165880,2380914
355,000908,2018-04-11,-0.01490066225165565,-0.0033112582781458233,0.1583275812723583,10285.0,78088.2864092883,1457,29379376,21124615,1525448,1057564,6278043,5091462,5593733,3595768,5329950,4225958,3408609,3311061,1618411,641926,967805,888804,4657377,2312072
356,000909,2018-04-11,0.00800800800800805,0.009009009009008917,0.3872175825969937,9018.0,41987.983297060186,665,7651665,6766008,524215,835874,2447856,2988654,843187,1228981,1949840,1303259,463243,409240,991044,0,432280,0,0,0
357,000910,2018-04-11,-0.002979145978153075,0.0004965243296921606,0.5018820374836443,6060.0,53423.10547446768,1611,19275383,17870130,3546975,929428,4554356,5436371,3110980,4578717,3000799,3017621,2166426,1454012,985905,1447547,408233,437038,1501709,569396
358,000911,2018-04-11,-0.003968253968253843,-0.001322751322751281,0.3139955064042561,9789.0,42536.99127132948,579,8999468,4812301,561656,618350,2974506,1955771,3267390,816828,966039,936390,267534,484962,323895,0,0,0,638448,0
359,000913,2018-04-11,-0.0042219541616402845,0.0,0.8625760613038754,11550.0,63647.07204696074,369,7207762,3755186,333941,408500,1786989,1262498,1357062,1050277,1667956,623479,741214,410432,0,0,495600,0,825000,0
360,000915,2018-04-11,0.006195786864931829,0.0057827344072698406,0.5912887544884864,24290.0,112627.90660331969,1676,54677487,41408348,1094417,1130849,8584434,8953525,8896950,9233162,10222251,10213369,6845050,4260421,3766730,2381873,2753707,2769895,12513948,2465254
361,000917,2018-04-11,0.0013315579227695107,0.005326231691078487,0.22290290953141007,15100.0,122217.29329748136,1135,25436301,34426068,676233,1451579,3545652,5579066,5278937,5788613,5534691,5831333,2377464,4988429,3047521,2455434,462803,2223898,4513000,6107716
362,000918,2018-04-11,-0.0014245014245013454,0.002849002849002913,0.266546191778525,12672.0,69011.8600971054,693,11770087,10099998,555173,832651,3019575,3311510,2656398,2088991,2503155,1721078,1055711,411225,1428365,0,0,0,551710,1734543
363,000919,2018-04-11,-0.005701254275940593,-0.004561003420752496,0.3113230784742437,8700.0,44213.99118001672,793,11118209,5500565,946836,892313,3584065,2388968,2038828,1296301,2339602,696174,724007,226809,0,0,854267,0,630604,0
364,000920,2018-04-11,-0.005945303210463826,-0.0011890606420926764,0.2952091701349521,11746.0,43298.29515847794,811,11027113,10337144,516262,884763,4329255,3463698,1847672,2101117,3321620,2869237,211680,408130,379614,610199,421010,0,0,0
365,000921,2018-04-11,-0.009649122807017685,-0.00877192982456132,0.2457934807429119,11340.0,92414.04986396137,2152,52512654,35011532,3293208,997159,8789467,8327971,7926329,6268251,10250133,10082212,8235190,3799801,2400715,1632937,3041509,1385919,8576103,2517282
366,000922,2018-04-11,-0.008443908323280902,-0.014475271411338864,0.26949592933710814,13999.5,72652.26654645549,946,22570876,11923425,984854,862603,5131306,3623237,4962241,2758626,3869864,2479718,2387273,913982,1456712,622889,917872,0,2860754,662370
367,000923,2018-04-11,-0.00956022944550683,-0.002390057361376652,0.6639514156951423,10450.0,50997.427399339926,992,12809965,12702179,602618,988853,5138678,5029507,2788826,2145934,2400019,2408357,452751,929404,0,356364,458259,843760,968814,0
368,000925,2018-04-11,-0.01132686084142387,-0.005663430420712046,0.4898318433011873,15390.5,70113.39918846819,636,14536245,11436959,493634,473989,2926707,3209374,2394256,2076146,3283333,2346061,2207892,1624969,2801673,338250,428750,824068,0,544102
369,000926,2018-04-11,0.008474576271186418,0.010593220338982912,0.22144631422679453,8496.0,99192.43337575666,1818,29471773,36583427,2157079,2138693,5075372,5921072,4529092,4005948,5146376,8040147,2308914,3315155,1806958,2511305,2661853,2768513,5786129,7882594
370,000927,2018-04-11,-0.002450980392156854,-0.002450980392156854,0.15739532543577475,10175.0,52170.61329043641,672,12480911,7266116,656938,549406,3159700,2549700,1998557,1630975,2889128,1842436,2880309,693599,334949,0,0,0,561330,0
371,000928,2018-04-11,0.0018832391713747842,0.007532956685499137,0.18138293303893202,10146.0,99535.74951377924,857,14128157,17694218,757350,600459,2902901,3187047,2617437,2341482,2483059,2885484,1037320,955298,698934,1365543,1258032,1837728,2373124,4521177
372,000929,2018-04-11,0.009163802978235935,0.004581901489117968,0.36133536858434,7893.0,40215.840876222974,583,4682347,6853712,601741,847668,1826127,2060246,1078542,1346238,809277,669715,0,954910,366660,974935,0,0,0,0
373,000931,2018-04-11,-0.007716049382716195,-0.006172839506172867,0.2977090750775211,9705.0,47602.75188234005,473,6678825,5441555,521933,478642,2225861,1561531,1539625,1010225,1438091,970064,200284,986182,348616,0,404415,434911,0,0
374,000932,2018-04-11,-0.03823178016726392,-0.03703703703703687,0.15977572562555786,35662.0,431680.48661560786,2750,218622257,163336166,1467305,1638105,12215826,11452473,16612654,12381111,25850141,18905440,19803488,14896820,16400429,6700098,12807252,10742056,113465162,86620063
375,000933,2018-04-11,-0.022698612862547263,-0.022698612862547263,0.15376378330819954,36801.0,354333.60461397114,2664,181821287,155000952,1438709,1544009,11980885,8696596,16236454,16929599,26130607,17700695,18711736,10773099,15260017,6960998,13158044,9961647,78904835,82434309
376,000935,2018-04-11,0.02617801047120416,0.026701570680628173,0.35393666028603354,33283.0,131115.02270736021,2913,100657561,117582613,1442855,1922973,14037885,15539720,16663182,19157168,25630749,26681480,15632218,13000914,8211498,9984991,4797150,8131397,14242024,23163970
377,000936,2018-04-11,0.003957783641161061,0.01319261213720302,0.1533878604200873,23100.0,137611.20100716647,2446,78653149,85627116,1879331,1546700,12704973,10633748,13549515,12025212,12288098,14817005,14804315,9584209,4549167,6890613,5738339,7612627,13139411,22517002
378,000937,2018-04-11,-0.003976143141153132,-0.007952286282306154,0.09989653806320967,2515.0,77077.67658040224,2547,27487143,19332551,2639417,1962707,4353966,3919052,2631577,3764821,3240472,1906498,2955287,435325,5436897,1348241,886407,848232,5343120,5147675
379,000938,2018-04-11,-0.008250166333998776,0.001596806387225369,1.420168089409612,75500.0,379355.5353436453,2801,277377686,251580061,1016953,557607,13263820,9021819,16853871,15912727,33618410,29938966,23202081,27666955,26465377,18735527,19144333,16486242,143812841,133260218
380,000948,2018-04-11,0.006493506493506551,0.005565862708719838,0.38487163313240447,11951.0,45656.55498844674,784,12255307,9541441,520593,756283,3239068,3970278,2762670,2845723,2981100,1737865,1491216,231292,720160,0,0,0,540500,0
381,000949,2018-04-11,-0.002557544757033292,0.0,0.2532085224125146,8438.5,62566.43718071987,238,5676469,3157118,170121,257440,755416,726286,1225089,57232,2667964,1044785,443927,711519,0,359856,413952,0,0,0
382,000951,2018-04-11,-0.009034051424600453,-0.005559416261292527,0.410387183375124,10024.0,80842.2404742814,1229,25468907,19622695,780419,1187108,4372440,5150480,4850193,2468223,4365619,3766862,3458970,2715235,3152033,1996559,2295897,427332,2193336,1910896
383,000952,2018-04-11,0.0,0.0006662225183211579,0.49339037521224693,7550.0,84680.69135413408,925,16322537,16066836,625279,1286044,3226594,2454069,3613696,3187012,3477432,2624873,1180132,1189767,1398730,1750435,448800,880587,2351874,2694049
384,000953,2018-04-11,0.013173652694610904,-0.003592814371257358,0.367660638091139,10829.0,62229.281191992726,515,9018669,3891835,571718,530384,2789983,1956645,1998993,1115794,1134528,289012,918252,0,0,0,461195,0,1144000,0
385,000955,2018-04-11,-0.005847953216374324,-0.013157894736842035,0.1328534575444903,32809.5,347911.71012340847,2666,171810244,132489676,1565882,1417543,12135183,10460650,14110782,12450441,25070972,17199638,16933222,14134767,16468048,10533117,11441552,10287935,74084603,56005585
386,000957,2018-04-11,0.01413043478260878,0.011956521739130643,0.23270575761750797,13950.0,121843.40764031859,1564,28797807,30754990,1625283,1421511,7934870,6866705,5530730,4975970,5780378,5998531,1768152,2733194,2187730,1733656,0,896440,3970664,6128983
387,000958,2018-04-11,0.004566210045662267,0.004566210045662267,0.1656715785710698,8800.0,34497.73376726725,699,8156743,6285481,792059,594235,3406806,3289871,1522605,1248373,953815,928092,870298,224910,611160,0,0,0,0,0
388,000959,2018-04-11,-0.012474012474012364,-0.014553014553014387,0.09833737031388458,6650.0,42594.658685481765,2401,26940281,15125227,4049740,1140720,11810437,5712441,4283756,2572554,2609726,1328718,2653550,1265836,619200,928471,913872,453101,0,1723386
389,000960,2018-04-11,-0.001481481481481417,-0.005185185185185182,0.26745757857998576,17452.5,189001.78335358144,2550,100358587,68342530,3003480,2107448,12651062,8989964,13258875,7708297,17810622,10408940,12533086,7673023,7235581,4596292,6455782,7530513,27410099,19328053
390,000961,2018-04-11,0.027322404371584508,0.03415300546448097,0.1469347144233699,23715.0,240635.06475281593,2487,97632084,145687240,2305000,1144651,11937092,7462806,10382643,8666447,19173397,24278677,13334602,21524658,8989430,9382743,4484755,10813412,27025165,62413846
391,000963,2018-04-11,0.01449275362318847,0.009855072463768266,1.343808613237248,35075.0,296345.4731503386,2639,150901911,177058910,988059,2256369,12872598,12625332,13508680,11508670,20796771,19112303,22961553,20243395,17276215,11502213,7803381,8112419,54694654,91698209
392,000965,2018-04-11,0.003527336860670305,0.005291005291005346,0.17030155013052928,11420.0,64769.9667982656,1109,18086456,14847125,1044621,763835,3692238,5536697,3068455,2974645,4764237,3484926,1044325,1258394,664080,383040,918270,445588,2890230,0
393,000966,2018-04-11,-0.005847953216374324,0.0,0.15855155161523218,13720.0,54663.874272918176,465,5060732,7375621,205968,550120,977918,3174268,847518,1198790,1125533,1008957,447276,240800,1456519,686686,0,0,0,516000
394,000967,2018-04-11,0.003821656050955413,0.003821656050955413,0.3543458380282555,10166.0,58358.62165855643,490,7011667,8146828,263347,596176,2177348,1905086,1266847,1638043,1175594,1703497,742457,981857,1386074,1322169,0,0,0,0
395,000968,2018-04-11,0.011244979919678766,0.014457831325301429,0.3632043454330102,5060.0,58905.9324458742,1175,11286555,16012823,880797,1454210,2584127,3268290,2308002,3499668,2323445,4075331,1524625,758014,310439,1077082,0,463372,1355120,1416856
396,000969,2018-04-11,0.008652657601977864,0.007416563658838138,0.20569035364248112,16180.0,79380.08979507748,1548,33070727,33447615,1640584,1249020,7113173,6401078,7066736,5985648,7324373,8640406,3821517,3888767,2076779,3452625,2198137,889270,1829428,2940801
397,000970,2018-04-11,0.0008058017727639033,-0.002417405318291599,0.25076111690196073,31200.0,204594.76854522817,2451,117933465,122206512,1495824,1192736,10479594,11153149,13504843,11728378,23764248,21094639,15402167,14989861,11740732,9550891,6860718,3648712,34685339,48848146
398,000972,2018-04-11,0.0071428571428571175,0.011904761904761862,0.18235679215209238,11272.5,54458.287275662464,530,10139784,6779310,391047,470226,1830492,2355554,2656896,1596015,2606883,1923134,1422715,0,355312,0,876439,434381,0,0
399,000973,2018-04-11,0.001988071570576455,0.00994035785288272,0.17232091063456956,7335.5,61530.60043983087,852,9616714,13839818,586741,1064524,2692743,2377995,2107328,2966002,2354185,2786502,1418517,750159,0,300310,457200,1315973,0,2278353
400,000975,2018-04-11,0.03300330033003296,0.0033003300330032292,0.3983158496062488,10605.0,173772.45551901252,1447,33212419,24334355,1646100,1316293,5858042,5362959,5184865,4272509,5493048,5668931,1590116,1676862,1305740,676400,1314969,1747826,10819539,3612575
401,000976,2018-04-11,0.0011904761904761862,-0.0011904761904761862,0.259539427146167,10894.0,43037.91453715916,1047,10169492,7621959,911210,387885,7070011,1584030,1396067,899781,560364,833498,231840,1655143,0,992040,0,417822,0,851760
