,code,date,pchange_whole,pchange,change_std,amount_median,amount_std,length,sumsell,sumbuy,sell_vol_0,buy_vol_0,sell_vol_1,buy_vol_1,sell_vol_2,buy_vol_2,sell_vol_3,buy_vol_3,sell_vol_4,buy_vol_4,sell_vol_5,buy_vol_5,sell_vol_6,buy_vol_6,sell_vol_7,buy_vol_7
0,000001,2017-09-20,0.01346499102333909,0.016157989228007263,0.19972399836838622,58698.0,546335.1354181296,3114,296592112,411208212,680057,1514518,11804886,12758649,18421221,18612590,28533086,29871023,20711611,27679752,19247176,36575996,12375903,16199993,184818172,267995691
1,000002,2017-09-20,0.00807017543859656,0.012982456140350873,0.48663201496986974,156812.0,733165.5215319148,3441,627312214,599127153,363742,570529,8154278,8801050,15601272,13740653,46973944,40172209,43627044,37627058,39972316,36372682,43071879,31935189,429547739,429907783
2,000004,2017-09-20,0.0053366174055828886,0.009852216748768461,1.1565363857655102,12245.0,54434.36033477641,443,6748025,5726098,477005,364590,1805086,1909239,1486704,1260681,1218173,1227323,469542,443480,383865,0,907650,0,0,520785
3,000005,2017-09-20,-0.0018867924528301883,-0.0037735849056602655,0.1295149701556563,13125.0,85737.98170814125,1678,37864368,23508509,1473682,1108629,8985035,5577413,8215899,5183022,8477441,3199413,4053984,1724542,1671809,2004836,470400,415520,4516118,4295134
4,000007,2017-09-20,-0.005063291139240533,-0.0012658227848102444,0.6297074802137644,9414.0,62294.51399066458,629,13133290,5534092,808279,411912,2203673,1887372,2138515,1052140,3006432,1162585,2296236,462260,1321713,0,1358442,0,0,557823
5,000008,2017-09-20,-0.006479481641468721,-0.011879049676025821,0.20878838443904818,18300.0,156973.66032174986,1970,77192823,52987446,1994329,1450858,11003280,6943782,9125651,5430664,12795599,8359847,8244503,4848869,5111877,4476110,8283959,4943017,20633625,16534299
6,000009,2017-09-20,0.00849256900212314,0.014861995753715496,0.17061944169630344,47400.0,297277.9551313371,3053,187579809,220095550,1331961,1655016,12800552,14080910,17889870,17931450,31918956,28669885,22600294,24305110,19247384,15977335,16627761,17470917,65163031,100004927
7,000010,2017-09-20,0.0,-0.0038910505836574627,0.2037339428790234,15102.5,65016.68323295004,636,11333742,7589896,459311,423127,2204613,4708706,2382225,1558535,1927207,380935,1426400,518593,352920,0,407200,0,2173866,0
8,000011,2017-09-20,-0.008983451536642928,-0.014657210401891163,0.3987355313148551,48799.0,257354.90240691692,2815,197933036,124690987,826764,767236,13638324,13023919,19260558,15881556,30390693,24336494,26499026,16612205,17193872,10489789,15311919,9015905,74811880,34563883
9,000012,2017-09-20,-0.0023068050749711633,-0.0046136101499422155,0.21990440028623226,17220.0,103553.93827805368,1555,44071637,33315603,1252944,1433815,6771772,7334937,8129083,6062103,8518294,6668007,5596862,2745144,3176310,2881071,3894447,2229472,6731925,3961054
10,000014,2017-09-20,0.0028885037550550052,0.0023108030040439598,0.5749032412926315,17260.0,59188.9163332814,906,20184366,13930896,678798,585542,5261528,3496673,4660636,3049694,4955957,4325230,2340757,1129881,1289816,1343876,464176,0,532698,0
11,000016,2017-09-20,0.003355704697986628,0.003355704697986628,0.2360442619553053,9600.0,63515.08889125233,637,9767243,8724263,519229,595420,2767707,2465653,2106138,1041785,1378556,1863037,982747,1532320,1046132,0,416572,459093,550162,766955
12,000017,2017-09-20,-0.007453416149068359,-0.007453416149068359,0.31853710764315485,11228.0,52951.31163710782,638,10241887,6504278,668995,696977,3363784,2665131,1520443,1255021,1932808,992752,1486860,431205,631397,0,0,463192,637600,0
13,000018,2017-09-20,0.0076142131979695105,0.0,0.21290530368237917,16537.5,84442.50682435314,1370,31114686,37292302,988008,1325000,6159316,5679426,4820494,5200929,7156283,16876642,3941139,2175370,4666032,2031172,2160401,1416281,1223013,2587482
14,000020,2017-09-20,0.006649616368286315,0.002557544757033181,0.7652470605764374,15764.0,67156.25005315643,652,11907772,10594348,653736,585143,3590969,3417376,2429261,1993538,1917166,2304629,462821,1073684,1388614,305448,0,914530,1465205,0
15,000021,2017-09-20,0.05882352941176472,0.06548279689234193,0.17278160233880094,33063.5,382081.0472065864,2726,138478975,192678863,1862745,1967210,11617721,11235416,15182808,13449553,19091588,22733388,15967448,15130179,11612625,10705330,8223388,11646653,54920652,105811134
16,000022,2017-09-20,0.0011346444780635512,-0.005295007564296572,0.901678148939279,15780.0,86647.43981104468,859,23099433,10968522,473905,734256,4837505,3940658,3356462,2368331,4430013,2390022,2981230,1194135,727008,341120,436580,0,5856730,0
17,000023,2017-09-20,0.007838283828382808,0.008250825082508406,1.0878305381154767,12160.0,48011.74843469285,496,7013791,5812791,539580,478683,2513532,1731660,1826790,1160039,1044059,1128938,723830,693752,366000,0,0,0,0,619719
18,000025,2017-09-20,-0.009740259740259827,-0.014285714285714346,1.0000382764488787,22902.5,81817.53805707558,2134,63110203,42182788,1514246,2006802,11429326,11207961,13759014,9933417,14200188,10048041,8411427,3017998,3818281,2337441,908944,1746622,9068777,1884506
19,000026,2017-09-20,0.01181434599156117,0.005063291139240533,0.4479720158416447,10656.0,104229.00192266509,699,14594566,11909395,508423,762758,2069180,2809147,1975969,2040039,2045278,3196923,1351259,1185648,694128,996030,1293574,918850,4656755,0
20,000027,2017-09-20,0.0015313935681469104,0.0015313935681469104,0.22660423530907076,6530.0,122726.21484327757,830,14734135,9688820,681149,1097288,2739591,2649182,1385422,2305456,1128799,588592,463630,444066,644119,602526,897288,0,6794137,2001710
21,000028,2017-09-20,0.0035513465522343246,0.0034033737792247276,2.2744678991341174,13569.0,74956.62363812138,882,18983542,15742043,834996,941553,3676607,4579978,3468960,3266510,4441229,2215514,1754636,1471206,1318539,1294154,0,1295028,3488575,678100
22,000030,2017-09-20,0.004469273743016755,0.004469273743016755,0.227567810822379,3572.0,50236.9724131086,1547,11980180,14203048,976391,2211804,3037432,4321405,2219387,2661000,2268696,1910382,880623,268492,736548,373152,1343743,448601,517360,2008212
23,000032,2017-09-20,-0.014347202295552308,-0.021520803443328518,0.3659346749441767,16440.0,88641.080041978,1451,39120635,22492043,1030778,1227551,7613573,7436577,7880058,3553323,8319875,4262883,5507771,1068253,2428897,1742085,0,444171,6339683,2757200
24,000034,2017-09-20,0.013679245283018782,0.008962264150943478,0.5352423573207056,12810.0,101468.47049886394,1570,36470309,24779838,1168802,1584001,7700636,6616853,6333625,4386549,6790830,4626381,4529500,2292263,975232,1360260,2143583,456393,6828101,3457138
25,000036,2017-09-20,0.007672634271099765,-0.0017050298380221207,0.2128623055829892,58850.0,336517.46839924547,3041,241185457,221013377,930206,909164,12416440,13152340,20841622,15692778,41538952,29988398,29791082,24090534,18571882,20762522,14682775,16101490,102412498,100316151
26,000037,2017-09-20,0.0011286681715574343,-0.0011286681715575453,0.36215752111462074,8785.0,100098.08341038921,598,12807451,4599655,719507,520510,2591306,1938080,2043105,877587,2393369,1040710,484876,222768,750675,0,0,0,3824613,0
27,000039,2017-09-20,0.0005411255411253979,0.0005411255411253979,0.3578900752417605,7376.0,112158.78039465389,2667,37975715,45163204,1426655,4595057,5071996,11867671,4787511,7877480,5013071,6878222,2590517,3536508,2901310,2430078,463597,2594592,15721058,5383596
28,000040,2017-09-20,-0.01815736381977129,-0.01748486886348355,0.5596224444506146,17898.0,128292.60953795526,706,26359258,16103845,405017,391752,3467676,2530675,3773708,1542346,4494057,3448780,5235586,1586687,3352702,1783316,822612,886500,4807900,3933789
29,000042,2017-09-20,-0.005142857142857116,-0.01200000000000001,0.5960913844628366,5188.5,27634.630954626773,862,5201009,6600735,512044,1658279,1710812,2860864,1290550,1242469,1212579,498839,475024,0,0,340284,0,0,0,0
30,000043,2017-09-20,0.00280636108512633,-0.004677268475210328,0.3835700669584851,18122.0,204556.70274968317,777,32454017,17802371,454217,553336,3787731,2893175,4239147,2014240,5685901,2681188,4220249,470855,966794,953649,1766052,0,11333926,8235928
31,000045,2017-09-20,-0.008291873963515717,-0.010779436152570598,0.29288897497290295,21366.0,102479.2268342663,1696,55691415,36222990,881921,1223968,8827455,7718435,10553766,7045871,11014996,6975970,9751181,3418369,5350075,2860242,2283135,1819035,7028886,5161100
32,000046,2017-09-20,0.0035885167464115852,0.0035885167464115852,0.2708236946131271,10080.0,102258.23821371039,953,17943382,18848061,624224,1234053,3310854,3878899,2703398,3689090,3461658,4172832,1521004,720419,979924,965869,1748664,862244,3593656,3324655
33,000048,2017-09-20,-0.006754221388367676,-0.0056285178236397115,1.5571956641542752,15885.0,74439.13554454727,292,5650212,3725609,227272,222726,1444035,1210520,946059,585554,2244114,519318,232232,212000,0,0,0,0,556500,975491
34,000049,2017-09-20,-0.02016965127238457,-0.02582469368520257,0.9974649225877018,51760.0,242750.47141901034,2829,191205795,153336883,463111,864455,12025599,15229090,17275221,21950478,29929066,30473052,20116037,20038338,15723535,10383400,10480285,9102212,85192941,45295858
35,000050,2017-09-20,0.005952380952380931,0.0032051282051281937,0.4184125224609057,35128.0,201827.2861796457,2726,132879576,120943579,2117452,1094434,9029380,12683472,17879620,18709410,20601552,21572418,15976110,17661651,7855092,9611975,7148188,5941891,52272182,33668328
36,000055,2017-09-20,0.02590673575129543,0.024611398963730657,0.15464605389343647,6208.0,76876.80054683966,2494,16189361,45471868,694396,5497724,4611139,8894910,2515296,6930523,2541210,6185918,1206080,3237343,2124838,3357977,421070,1752057,2075332,9615416
37,000056,2017-09-20,-0.031807602792862655,-0.031807602792862655,0.5253365926308605,10064.0,49838.334062066206,602,8558896,6569787,575787,631399,2697688,2262604,2097019,1323136,976568,1407568,999529,238080,715999,707000,496306,0,0,0
38,000058,2017-09-20,0.0,-0.005006257822277815,0.19691230019133504,3980.0,39809.428440712356,1647,17557174,10345144,3304420,810865,5167423,4153393,2442519,2010275,3496826,1553859,728745,754737,1037666,1062015,875708,0,503867,0
39,000059,2017-09-20,0.005249343832021136,0.0008748906386701893,0.2543590382532986,22760.0,167792.32103302053,2020,76932268,72880033,714856,1820342,7210617,9748527,7719405,9706811,12802113,14142971,11065072,9924707,5834628,6041040,7767795,7216651,23817782,14278984
40,000060,2017-09-20,0.037156704361873905,0.03231017770597733,0.22031659742394505,42262.0,361195.3358094971,3160,164667313,305008650,870347,2020438,12033036,14434550,15912682,19082644,23388259,33504265,20050893,25452051,16164173,19184056,9173636,19175998,67074287,172154648
41,000062,2017-09-20,0.011001100110010986,0.006967363403006965,0.7212720676067308,24462.0,120749.36565265445,1429,42983664,48021832,1177647,817173,7357898,5324289,7007174,7497626,7120086,9427950,9433929,5931956,3096264,3106118,1775438,3689434,6015228,12227286
42,000063,2017-09-20,0.011428571428571566,0.007346938775510292,0.4491991561508484,49260.0,567634.2937790196,2976,303246846,263176605,874444,2020575,9994220,14041977,14623365,19824790,23314156,30677619,21902609,23231669,19158744,15843477,13803582,12915238,199575726,144621260
43,000065,2017-09-20,-0.0026281208935610145,-0.006570302233902647,0.6494431722901727,18032.0,88376.09648589279,1235,30975018,22068829,561833,1339545,5036058,8236326,4721612,5055919,2997493,2989679,5109826,2028021,2567938,1326844,3134829,0,6845429,1092495
44,000066,2017-09-20,0.029069767441860517,0.03139534883720918,0.16308453622336916,38192.0,376597.66882664175,2784,150744049,251155024,2074362,1387116,13195574,10165568,15965673,12637343,26932455,25522654,20295761,18223318,13659900,13385564,8931412,17417464,49688912,152415997
45,000068,2017-09-20,-0.00694444444444442,-0.00694444444444442,0.18373041751959635,14889.0,137697.96091518606,1538,43927706,23422194,1225784,1278964,8251523,6634241,7040138,6018344,6662866,3931391,4353909,3799873,1381227,383028,2642113,0,12370146,1376353
46,000069,2017-09-20,-0.01716738197424894,-0.016094420600858417,0.17924988125368774,30211.5,214834.47897318058,2708,150340377,97543485,1470056,1295153,12339903,9762725,23815158,12416481,27384108,17122351,12751085,10880055,12433277,6718156,6596645,9030208,53550145,30318356
47,000070,2017-09-20,0.008490566037735903,0.00943396226415083,0.344708828222986,10650.0,74724.64184206647,945,14333542,14620720,612117,874733,3393653,3816256,3174752,3002604,3111145,3213112,1094000,1629793,703465,1036741,0,456877,2244410,590604
48,000078,2017-09-20,0.014827018121911006,0.0049423393739702615,0.13328416465056017,7891.0,113351.74166259832,2080,23517675,30504413,2206743,1822648,7842098,7468242,2920337,4745000,4190796,3818216,1621474,492064,1319437,305000,0,487616,3416790,11365627
49,000088,2017-09-20,0.0010905125408942062,-0.0010905125408942062,0.2826588887020142,10992.0,88601.97920021045,1052,24192191,14544826,1254073,1195221,4884464,3839588,3781167,2522483,4591956,3800793,3129726,910691,1030243,0,1838336,474719,3682226,1801331
50,000089,2017-09-20,0.0034924330616996624,0.0034924330616996624,0.23641820417121973,6888.0,119704.75847097374,1320,17108098,22466357,3794401,964725,3134847,4492920,1951947,3047815,1492121,3503761,1558487,2381668,791200,342144,430500,893398,3954595,6839926
51,000090,2017-09-20,-0.00170068027210879,-0.0025510204081632404,0.27579367994916765,32732.0,148917.91557511507,1819,87552763,44848613,837760,1021177,10663988,8652127,12213470,8460214,15908246,8400012,9460598,4100455,7894199,5385691,3721823,1826370,26852679,7002567
52,000096,2017-09-20,-0.004824259131633424,-0.005513439007580945,0.7405513291857019,11576.0,91982.52642846057,383,5753854,5266246,396600,264570,2034317,1791846,1069547,657469,263370,1046437,543468,219708,0,0,0,0,1446552,1286216
53,000150,2017-09-20,-0.004661168877733934,-0.004661168877733934,0.9140975800977549,16659.0,170707.93358825368,930,48136066,6909289,933736,559782,6334421,2332999,4968322,1948346,7490941,1661552,5382529,0,1333013,0,1255837,406610,20437267,0
54,000151,2017-09-20,0.0005476451259582849,0.0016429353778750766,0.6084247479767875,19998.0,122462.95526329539,900,30169242,18282217,598305,672862,4885391,5167710,3601497,3895227,5345386,4345098,979694,2038067,2840904,1082461,1383843,0,10534222,1080792
55,000153,2017-09-20,0.01070038910505855,0.0029182879377434023,0.41192124155237086,12360.0,74143.54553267015,622,10245288,9534472,516117,462816,2594577,3313792,2355760,1878553,2496261,1887631,915299,246924,339275,0,0,0,1027999,1744756
56,000156,2017-09-20,0.005464480874316946,0.003415300546448119,0.5154202348475995,10269.0,101580.37105777532,806,18227777,16687649,1082736,626115,3009465,3116697,1486259,2681510,3806195,3296742,1906099,1385838,1429350,2048067,1369925,2208446,4137748,1324234
57,000157,2017-09-20,-0.004366812227074357,0.0,0.09869069389718799,6870.0,129082.54126005042,2163,47827015,31542533,1940692,2070378,6155564,6398883,6329161,8870390,7098001,5091102,4648543,1876224,2724202,984588,3286126,1707913,15644726,4543055
58,000158,2017-09-20,-0.00734618916437102,-0.005509641873278293,0.26229213322286016,17168.0,204488.79495092537,1725,59400260,44624713,1210584,1214215,8737424,7798763,7378730,5927790,8589249,9951027,5988337,3094027,1958699,2384373,1358412,499517,24178825,13755001
59,000159,2017-09-20,0.03857142857142848,0.03285714285714292,0.1545768597271424,24057.0,178848.54136374552,2056,58189751,81598341,1317928,1227138,9803715,10235069,10883905,11121484,12186475,16422594,5317990,9060400,7087235,3587653,4405047,3141472,7187456,26802531
60,000166,2017-09-20,0.008417508417508435,0.005050505050504972,0.142946532142843,13708.0,190479.6013375851,1729,44606508,47869570,1028117,1229093,7423982,8267212,6498990,7474679,6893351,6896064,3915445,4156117,1998903,1342889,1340780,828336,15506940,17675180
61,000333,2017-09-20,0.023646252069047025,0.020335776779380366,0.7237600190304745,145571.0,1143268.9775129945,3414,670232220,842857959,628061,478411,9967440,9172802,17558761,17375033,49657223,44975699,50012303,34907722,33695397,29174652,40092478,36274964,468620557,670498676
62,000338,2017-09-20,0.0040000000000000036,0.005333333333333412,0.1404499257381382,12682.0,136913.3621714827,2857,62765837,89428962,1487556,3457969,7645895,11253151,9054713,16790069,10983111,20377596,6658293,6101167,3915168,8010347,421680,4474167,22599421,18964496
63,000400,2017-09-20,-0.0023028209556708035,-0.0023028209556708035,0.38922840298227634,24178.0,173652.7090142882,1993,82878769,59240320,998614,882481,14236977,9298600,8497712,11409994,8170278,10591954,4916442,3422136,6331043,4451645,3650050,5828254,36077653,13355256
64,000401,2017-09-20,0.009286128845037656,0.012188044109112006,0.30319655917443833,63380.0,389995.5678121614,3231,278072083,295829375,1049728,843126,16059113,11913215,23048002,19439920,37081505,36739445,22346474,23257630,22136112,20510677,18787066,17009916,137564083,166115446
65,000402,2017-09-20,0.02256809338521415,0.027237354085603016,0.23370039361578154,41600.0,292159.33345467044,3031,193896852,209816923,1072360,1072704,11559795,14217368,16690491,17651809,31113516,22626496,21001345,23518105,19546274,15472411,13908495,14357864,79004576,100900166
66,000404,2017-09-20,0.005148005148005064,0.005148005148005064,0.23093299878715726,19350.0,149945.44482645934,1132,40698339,27287602,806467,966825,4960537,4928317,6238840,5080157,8189156,5958812,3270392,2873491,4336151,1671154,1314324,1398495,11582472,4410351
67,000407,2017-09-20,0.007407407407407529,0.009876543209876631,0.3109143171399002,13889.0,62010.668901338126,678,9349416,12292856,582043,544415,2656625,4076208,1948395,2890874,2515871,1484956,898700,703196,0,696584,0,1238264,747782,658359
68,000408,2017-09-20,0.0477157360406093,0.059390862944162626,0.35640979789504185,79225.0,419227.5086132835,3068,267197162,371021049,599759,832633,9472506,11748066,15670236,18223823,28634932,35721489,29475945,34638234,22480532,24747526,26390190,28739653,134473062,216369625
69,000409,2017-09-20,0.015523932729624823,0.019404915912031084,0.2210545375825766,15700.0,108654.11270400147,1223,25561740,30229353,1078017,1006259,6679197,4877225,4973000,4827261,4880241,5697228,1687741,3656154,1019509,2461965,842291,901278,4401744,6801983
70,000410,2017-09-20,-0.014054054054054133,-0.009729729729729741,0.2805452208039156,11986.0,82528.8867300273,1087,29042828,17140449,904736,1300494,3562832,4336500,4546589,3842048,8099374,4691743,3656780,1735741,2799054,760989,2226490,472934,3246973,0
71,000411,2017-09-20,0.03249767873723308,0.019498607242339983,0.6848293212658034,10985.0,131742.80109229864,990,20265807,24489115,677793,850692,4522589,3244115,3249877,2156301,3610837,2564762,2171883,3558934,1057684,2081222,969692,463840,4005452,9569249
72,000413,2017-09-20,-0.0018066847335139746,-0.004516711833785103,0.18655788280757257,129402.0,475405.2792283823,3525,483613471,471480642,303330,403707,7919008,8847053,26766743,25864857,57648721,56858224,52231917,45350366,38526732,38001759,26784017,33719981,273433003,262434695
73,000415,2017-09-20,0.005899705014749346,0.005899705014749346,0.14959225310097488,2046.0,84967.16980135921,2058,20392424,24850016,1005940,2682680,3001575,5612284,2765919,2350445,3926802,2342066,2965033,2587175,1022000,2034187,901002,499224,4804153,6741955
74,000416,2017-09-20,0.004956629491945419,0.006195786864931607,0.36098081412183614,12075.0,96886.73143523214,499,10912467,10233682,433038,586935,1897409,2372978,1626779,1501038,1297613,922723,868360,1107711,0,1729750,3986269,451672,802999,1560875
75,000417,2017-09-20,0.006718924972004547,0.014557670772676445,0.24353434038153038,19005.0,107995.55214864522,1345,38305262,39987262,1401530,814902,7090402,4461714,7268316,7777227,7060046,9835962,5650451,4527027,2280886,2829978,2159943,2756656,5393688,6983796
76,000418,2017-09-20,-0.0011223344556676729,-0.0033670033670033517,1.3794081135509018,13329.0,55868.42940186174,1043,14499741,13158424,954053,1586732,4308747,6169573,1954611,2639387,2414909,1583151,1182903,761845,311220,0,839072,417736,2534226,0
77,000419,2017-09-20,0.020979020979020824,0.00839160839160824,0.18667331561517997,10890.0,86079.30941873783,1468,26750100,28325202,1304626,1596204,4407553,6445180,5105569,6503170,5065982,6456223,4685530,2301719,1689627,1351446,1739305,2302688,2751908,1368572
78,000421,2017-09-20,0.004132231404958775,0.0,0.2750576498863444,9431.5,66537.75978531381,696,11914329,8668705,654124,421394,2474096,2652325,2215859,2047327,1730903,1564329,2768691,873407,0,655548,0,454375,2070656,0
79,000422,2017-09-20,0.014285714285714235,0.012698412698412653,0.16545063527549575,21910.0,198910.0205738445,1451,63934990,58118999,811264,1060415,6669716,6019003,7169371,6663353,9157473,7536168,4372636,5669542,7514839,3928134,3962421,4006503,24277270,23235881
80,000423,2017-09-20,-0.0007945336087715749,0.003654854600349644,1.4209132491312424,37878.0,201470.5104456629,1961,89987633,104991116,572730,957413,5724984,12230040,9645201,18979226,12447724,18520455,9624844,8979415,10806680,9336255,4804700,2261305,36360770,33727007
81,000425,2017-09-20,0.0026525198938991412,0.0026525198938991412,0.0705784579675722,7520.0,126089.62199573,2878,44242387,53083877,1739710,4086655,8576007,13006045,4183957,7444618,6736644,7655663,5429507,3822825,2830995,1619485,904698,3563391,13840869,11885195
82,000426,2017-09-20,0.047451669595782064,0.039543057996485054,0.22011556634882606,23820.0,258748.03993374942,2679,92924032,146690734,2108983,1443684,11146496,12465754,10823229,14803549,17951467,18943268,10788488,12246235,4235902,9936221,5805618,4907662,30063849,71944361
83,000428,2017-09-20,0.002008032128514081,0.00401606425702794,0.24601307589248556,12475.0,119366.72995570184,409,12522187,8434898,301747,491167,1870435,1541006,1728432,1248563,2456753,1740989,1236883,942514,668962,0,1379952,838495,2879023,1632164
84,000429,2017-09-20,0.002336448598130758,0.001168224299065379,0.29632528907154954,4277.5,81879.70105515639,834,6774786,10722780,869763,707469,2004676,2601627,1370057,1543534,787122,1037240,745226,1018374,0,0,485640,0,512302,3814536
85,000430,2017-09-20,0.003731343283581934,0.001865671641791078,0.42479154312271755,10730.0,68212.45953792697,636,9596239,9362796,491555,516149,3007711,2755154,2120827,1657408,2104704,1323967,667819,704246,717844,302460,485779,450660,0,1652752
86,000488,2017-09-20,0.027267668336115936,0.018920422927100722,0.34316648572458164,49288.5,441152.02400657255,2744,188024909,252101210,1070296,1358580,10129572,12088638,15186745,15950982,26263389,29455286,18015493,19428133,15602370,17432300,17162038,12244297,84595006,144142994
87,000498,2017-09-20,0.014035087719298067,0.012865497076023358,0.181589154619322,9526.0,57890.85582593802,2221,28571809,36144781,2285511,1833614,7969724,9351439,6107713,6641251,5719635,7080195,2483900,5612623,1711141,3041005,1771917,805616,522268,1779038
88,000501,2017-09-20,-0.00222717149220486,-0.0033407572383075124,0.450920577248756,8940.0,97451.15610540679,1586,35067031,26798724,2384074,894357,6150424,4749362,5681503,5166014,5319079,5551170,4279507,2580494,6071394,2707245,1878904,483499,3302146,4666583
89,000502,2017-09-20,-0.011235955056179803,-0.009630818619582704,0.436436713200729,12290.0,55125.44919865531,815,14758654,11686945,882415,579919,4109265,3152643,2898814,3047557,3705672,2806115,1755999,230945,1002806,1355983,403683,0,0,513783
90,000505,2017-09-20,0.0027198549410698547,-0.01359927470534894,0.30757469576119184,19656.0,121882.05500734468,1287,50385886,23474509,742586,1031392,5792368,5771508,6474745,3985147,11815675,4767518,6809503,2401493,2690546,2718891,3543505,1272792,12516958,1525768
91,000507,2017-09-20,0.013220018885741425,0.0047214353163362865,0.23467419980234447,18037.0,105433.36787212857,2037,49187642,46545597,1210364,1527944,10703313,9279570,9320548,7938982,10028128,9929103,5184869,4978535,2888400,3951446,1332632,853462,8519388,8086555
92,000510,2017-09-20,0.034895314057826754,0.03688933200398803,0.23955219439421319,17722.5,121419.85862492159,1754,36602363,51628002,1417140,1091978,9284468,6748835,7663082,7021019,8450146,10399033,5299773,5234175,2352812,3359104,0,944725,2134942,16829133
93,000513,2017-09-20,-0.004273504273504258,-0.004884004884004978,1.2084048960602003,14682.0,111773.90151485684,1655,42240876,33721053,2138797,2539215,4818108,9174004,6650399,5918377,8309072,7255847,3428359,2849234,3167554,1307430,3396094,962330,10332493,3714616
94,000514,2017-09-20,-0.0024038461538461453,-0.007211538461538547,0.18138712818922487,18106.0,102785.15193970795,2107,60487767,39271942,1846285,1596604,11362621,8420814,11743607,8011511,13974632,8719763,5781814,4011947,4427173,3662877,1838615,1332607,9513020,3515819
95,000516,2017-09-20,0.007590132827324458,0.00569259962049351,0.16828076495649036,15900.0,135154.1697807128,981,26644236,23567535,487632,709290,3929019,4852924,3458502,3559769,4113070,3119263,4079498,4615359,1706481,1432277,0,1478292,8870034,3800361
96,000517,2017-09-20,0.0,-0.008869179600886956,0.11609425000853717,9889.0,133262.93126361034,1514,41170835,25879545,1617449,1365620,6605566,5021703,4643663,3280042,7055725,3782709,3379033,1346645,3310817,3083826,4578214,834615,9980368,7164385
97,000518,2017-09-20,-0.013123359580052618,-0.019685039370078816,0.2507787307905123,7600.0,100595.4990555732,923,20046142,8857863,624230,1319135,3318735,3549281,2883872,1544688,3458034,907433,1427771,227100,2505061,0,415147,0,5413292,1310226
98,000519,2017-09-20,0.0044802867383513245,0.0035842293906809264,0.2640201915056385,15638.0,116512.07292866333,1787,43903416,33741110,1114809,1351819,9580784,8261756,7199287,6048891,8371490,6539876,5339842,4063301,323640,2296473,1377674,459610,10595890,4719384
99,000520,2017-09-20,-0.005555555555555647,-0.0018518518518519933,0.16676420552712287,5390.0,98089.33744719846,1049,20758473,9249184,1223733,844744,3598478,2156699,2822270,1557088,2475599,1945482,3616864,1391174,1045396,617184,908144,0,5067989,736813
100,000521,2017-09-20,0.0016750418760469454,0.0016750418760469454,0.21037197798557122,5960.0,59473.84922453661,805,9479885,8701442,528846,1154070,2044029,2730806,1379581,1540915,2239680,939781,1195885,1427899,620224,374850,476800,0,994840,533121
101,000523,2017-09-20,0.005192107995846129,0.006230529595015355,0.438244552726389,15938.5,70355.18754924575,482,9221414,7863805,390289,617048,2378041,2405744,2355372,1620563,1998873,596655,697549,1019761,626890,322344,0,0,774400,1281690
102,000524,2017-09-20,-0.0022288261515602814,-0.006686478454680622,0.34568711414667946,5368.0,43367.84762388548,1517,17331149,9005594,4060136,854444,3887311,3369831,2610828,2458457,1908909,926803,2162854,260130,1651967,0,0,473925,1049144,662004
103,000525,2017-09-20,-0.005512172714745134,-0.0022967386311437687,0.6945484505784819,15113.0,99403.20803390021,982,23645593,23568561,437216,1330263,4070721,5012190,3284340,2432391,3229021,4668596,4671211,3956332,2105038,2405823,2194740,1385352,3653306,2377614
104,000526,2017-09-20,-0.004243281471004168,-0.0033946251768035562,1.7590655060043876,17675.0,50017.17430575895,403,7870208,5260342,222776,275601,2160386,2433213,2312596,848600,1241636,672543,1257904,1030385,674910,0,0,0,0,0
105,000528,2017-09-20,0.013468013468013407,0.011223344556677839,0.1654154550411101,5394.0,54363.03558758567,2906,19533816,34318971,1709249,4799300,5921005,11543149,2987865,5475411,3568907,5672979,1460877,1824163,0,719564,466360,1770861,3419553,2513544
106,000529,2017-09-20,0.0035211267605634866,0.0035211267605634866,0.3654021547204651,4250.0,51111.11883739381,543,4090800,4475012,577148,881751,1346491,1080747,552000,671428,900441,485798,203520,499288,0,0,0,0,511200,856000
107,000530,2017-09-20,-0.005148005148005064,-0.005148005148005064,0.30346113902513533,13806.0,58260.483469157734,655,10833377,9523708,626112,587853,3081804,3347875,2399114,2245244,1729543,2060303,926756,536489,0,745944,856302,0,1213746,0
108,000531,2017-09-20,-0.0011261261261262812,-0.0022522522522524513,0.3678504499702261,5304.0,72191.6248489709,582,7970383,6373894,585416,311863,1791775,2280334,2241033,708074,1087998,1583243,289624,213165,0,725860,0,0,1974537,551355
109,000532,2017-09-20,0.008982035928143839,0.01272455089820368,0.5515641880680401,14756.5,66693.06021604392,586,8097632,13003486,348405,484002,2464354,3455399,1661553,3003209,1930639,3599101,678873,670257,300384,395843,0,0,713424,1395675
110,000533,2017-09-20,0.0066225165562914245,-0.004730368968779652,0.42063571821493845,12708.0,185294.24103874026,631,15832782,17683280,357075,471759,3080443,2704189,2682733,1747205,3588454,2192640,931538,1287823,328650,742315,0,0,4863889,8537349
111,000534,2017-09-20,-0.02058640049906435,-0.014971927635683224,0.4983610587284725,16060.0,274239.2488852314,1036,29489550,29867225,1054592,777334,6826602,2820851,6584162,2941434,5214235,2764392,2836321,3227486,1344728,1387694,1843585,1276068,3785325,14671966
112,000536,2017-09-20,0.008665511265164794,0.006932409012131657,0.18640557838459534,11640.0,106590.45599990556,958,18613717,24839690,586187,944383,3710133,4094867,2847165,2721897,2604501,3353787,2998114,3437578,2073540,2820825,855479,1798333,2938598,5668020
113,000537,2017-09-20,0.016666666666666607,0.015789473684210575,0.2098300714218775,42735.0,397102.54855552275,2965,212748668,241190880,1271248,1389926,10324249,12489452,16149442,16311709,22294059,26484523,21788233,21006567,13621331,14998669,14032486,12119481,113267620,136390553
114,000538,2017-09-20,-0.007274826789838262,-0.002309468822170757,1.9079463788085664,25917.0,164120.65304851523,2061,52608634,66159303,1562188,1713679,11627269,15633420,7362030,8751383,6758980,9326534,4222091,5451854,4097687,3515541,1739823,3530421,15238566,18236471
115,000539,2017-09-20,0.0,0.001890359168241984,0.23295174845472988,1058.0,60885.3427886824,515,4047652,3100876,374225,227585,1236737,960819,788542,386255,870518,377177,211600,0,0,0,0,0,566030,1149040
116,000541,2017-09-20,0.008724100327153872,0.009814612868047856,0.24058140436931388,10098.0,153344.1374963269,1453,21206709,36203007,1198902,1564045,5589469,5942623,3494343,4977012,5602217,5393165,2689337,3680257,1052906,1934867,0,909738,1579535,11801300
117,000543,2017-09-20,0.006993006993007089,0.006993006993007089,0.14568696186027416,21850.0,349082.9177537104,1543,48628936,102072880,661694,1299393,4492755,8648047,5391519,9589132,8922808,13038544,3853989,5401375,1002184,4370027,1728174,3150119,22575813,56576243
118,000544,2017-09-20,0.004065040650406582,0.004065040650406582,0.6193940992149389,17175.0,96818.29064986607,772,15662174,18512922,476466,904133,3080050,4259363,2444641,3400245,2020540,3374684,1786571,2383967,2110233,1661026,445899,920076,3297774,1609428
119,000545,2017-09-20,0.04146730462519943,0.03987240829346095,0.13263504863464,24687.0,217096.4600431802,2239,68927839,119511896,1567856,1561984,9933259,9223925,10671041,10938511,15549183,17859295,8986595,12689953,5533614,9124058,2861611,7258112,13824680,50856058
120,000546,2017-09-20,0.02129169623846705,0.009936124911284594,0.3351128320534936,26989.5,174644.5357288071,1776,78851265,70729179,1058593,863352,7836186,6164580,9094736,6190081,11999017,20955025,8068858,8398631,9022068,4763256,7641223,3990580,24130584,19403674
121,000547,2017-09-20,0.011304347826087024,0.01043478260869568,0.24882542597413426,25608.0,140534.50839921142,2137,76378725,79056347,1051924,1268130,11191504,9954807,10358761,10809301,16576473,16531477,9074576,10742340,7337524,6856611,3873937,1350995,16914026,21542686
122,000548,2017-09-20,0.004938271604938427,0.0024691358024691024,0.17431811880412298,4059.0,70846.82648088652,2161,26989668,19796440,2566359,1273787,6866734,5517113,4991190,4083850,4658056,4512787,2700686,1233264,1084446,1010184,409442,0,3712755,2165455
123,000550,2017-09-20,0.021967526265520343,0.02148997134670494,0.47499596271918726,27826.0,180565.78353963062,1944,55965652,87726809,1022458,959489,9439042,10696175,8170819,10457489,11898501,15821203,6703717,12042288,4627817,8894756,4383316,4807455,9719982,24047954
124,000551,2017-09-20,0.014705882352941346,0.0126050420168069,0.30749882672378503,16362.0,95791.08176742472,958,24756284,21825751,1262598,859500,3769651,4528847,4315479,4246582,4366962,5176260,3015208,1481713,992963,2378956,854254,1431609,6179169,1722284
125,000552,2017-09-20,0.014669926650366927,0.012224938875305513,0.08070192561206505,2898.0,71376.36109728905,2583,19497582,28411650,1442305,3310938,4557671,6910093,2003700,4095842,2772508,3487876,2799521,1621198,0,1674286,883588,1643261,5038289,5668156
126,000553,2017-09-20,-0.0014482259232441175,-0.0007241129616220032,0.5111955988035061,13780.0,67420.62732983542,729,13983121,9869276,781328,592078,3211939,3552505,1774545,1580792,2807725,2111379,2840249,965876,337452,398242,457828,0,1772055,668404
127,000554,2017-09-20,0.015228426395939021,0.0030456852791880262,0.25779350983615223,19560.0,99183.09989711385,1460,38743873,32557102,1547202,1560225,7738556,6346178,5885224,6245937,6266455,7020134,4347161,5411480,4126342,1948731,1784910,1767080,7048023,2257337
128,000557,2017-09-20,0.010582010582010692,0.0017636684303350414,0.1586178951567398,11300.0,149507.43173353147,1279,27055340,24458128,933532,1403318,5514906,5097691,3339401,3524459,4167206,3343236,3686118,2467160,634503,0,888615,418616,7891059,8203648
129,000558,2017-09-20,0.0,-0.0043604651162790775,0.16035135078407642,13700.0,122946.73246606975,1843,48119412,32834330,1306281,1949870,8558224,7881604,8499798,5572033,7309850,6356352,4322162,4097150,3944864,2723765,1868732,403025,12309501,3850531
130,000559,2017-09-20,0.00519031141868509,0.019896193771626214,0.20654372138544885,57379.0,296286.6846308283,3137,203371731,244185386,888279,1004586,13673905,14054930,19736251,21374995,34585798,35125497,24171896,24784854,23529322,18567866,11611809,16328483,75174471,112944175
131,000560,2017-09-20,-0.008976660682226356,-0.00987432675044897,0.22894214676217622,30954.0,150916.48084188966,2372,115607865,67745651,1233935,1233532,11280332,10043689,15713667,10826193,25348316,13509611,22218527,9661469,9598708,6025945,4975945,6196928,25238435,10248284
132,000561,2017-09-20,0.032835820895522394,0.021890547263681448,0.23727555378874812,9225.0,112996.6343293699,1795,27387081,35643427,3138594,877616,7628406,5768355,4772865,5225337,5722949,5045515,2385484,4079897,1057741,635281,857888,1359732,1823154,12651694
133,000563,2017-09-20,-0.007092198581560294,-0.00886524822695034,0.12336836672704132,16800.0,192159.13307115936,2095,92815054,44914160,1556742,1335075,9609405,7259627,10815728,8075681,14616535,8132609,7575630,4851628,3992816,4330900,7062867,4446158,37585331,6482482
134,000564,2017-09-20,0.004573170731707377,0.004573170731707377,0.24525015457634727,6600.0,48067.63798342456,715,7523082,9634754,632933,765110,2935469,2413549,1407573,1856044,1906053,928456,641054,1577773,0,1278931,0,814891,0,0
135,000565,2017-09-20,0.0030991735537191367,-0.0010330578512396382,0.34514283640830834,9640.0,59477.78343969501,786,11879314,10221986,733094,1583171,2433235,3190313,2249615,1875466,2144328,3097780,1609338,475256,1222038,0,0,0,1487666,0
136,000566,2017-09-20,0.006230529595015577,0.0007788161993769194,0.5350555118454006,18004.0,211045.03427028254,575,19427829,24083285,340739,534307,2232833,2786328,2138546,2110085,4414924,2483796,2036596,478684,1415338,1348327,1711844,1335141,5137009,13006617
137,000567,2017-09-20,0.04134114583333326,0.01236979166666674,0.6796975169855606,34078.0,278746.64861330163,2047,117485321,102816609,1304243,1020025,10588784,8040702,11977933,10786166,17732171,14506686,11465435,9072274,9507022,9360565,7238188,5779428,47671545,44250763
138,000568,2017-09-20,0.0016207455429497752,0.0019809112191608858,1.1059403221575186,49999.5,335850.0204081934,2522,166580498,202551578,606771,768107,10797970,12948177,12933109,16417906,23507638,22896283,14860284,16931962,12518622,16501037,9042556,10785145,82313548,105302961
139,000570,2017-09-20,-0.0013986013986014845,0.0,0.2765332036873379,7130.0,89026.64387079129,668,14236154,7260675,473358,564871,1904654,2770995,1708732,1847046,2254520,1334898,1933587,432710,1022121,310155,1415732,0,3523450,0
140,000571,2017-09-20,0.0,-0.0026881720430108613,0.19312480042928679,8928.0,76221.79176416637,1485,23975193,21867547,696593,1340308,4064633,7040375,4293400,3474992,4112707,4023903,3688942,2575954,2418568,1415011,958300,878334,3742050,1118670
141,000572,2017-09-20,0.0018832391713747842,0.005649717514124353,0.11882640617836605,16523.0,178091.97373923814,2001,64471894,64653392,1466939,1423118,8896844,7604994,8170619,8949943,10761541,10448310,9050363,7220806,5791611,4232573,1768197,3945295,18565780,20828353
142,000573,2017-09-20,0.004636785162287493,-0.004636785162287382,0.15934427966039086,10880.0,79690.43481192004,1651,33867066,23891956,1492060,1195823,6669406,6004616,6620723,5384993,7567346,5457418,3808616,1173052,1678506,1662265,480525,417960,5549884,2595829
143,000576,2017-09-20,0.0,0.002418379685610539,0.8062105431643133,13259.5,108024.52957988995,420,5862999,12644235,351081,351379,1930698,2203382,1016431,853611,931862,551557,495175,1769110,641552,683915,496200,2104390,0,4126891
144,000581,2017-09-20,0.006578947368421018,0.00164473684210531,0.49647563971793557,12170.0,97483.03778916413,2400,49644062,48708168,3633162,2399608,9948803,9744436,6642015,7053422,11360405,8730319,6424716,4350703,4514629,3081030,2669479,4086469,4450853,9262181
145,000582,2017-09-20,-0.0016299918500407573,-0.0008149959250203231,0.3827668501187621,17108.0,87947.37816132997,1027,27741002,17439580,846217,680837,4988498,5636162,3566168,4738292,5969906,3043386,3408342,1654743,3399953,329402,1362428,0,4199490,1356758
146,000584,2017-09-20,-0.009046624913013113,-0.008350730688935215,0.5153691412365922,21375.0,118671.81435096606,777,27546178,17054015,568093,531003,4812304,3074683,3315058,2526230,6768570,4399540,1571528,3650193,2690132,731914,1709610,1286052,6110883,854400
147,000586,2017-09-20,-0.005502751375687787,-0.018509254627313565,0.9258865824921769,13779.5,108092.67320356343,466,12658802,8211981,231249,624086,1261540,2166134,2016430,1722651,2469016,831718,1374738,0,1124052,357113,916184,439979,3265593,2070300
148,000587,2017-09-20,-0.005161290322580614,-0.007741935483870921,0.28382886110363686,8503.0,153546.4799531309,745,23069985,11764673,516070,830152,2098001,3087276,2110839,1823340,2659675,1668234,3198180,754033,4205119,2164707,1835527,805193,6446574,631738
149,000589,2017-09-20,0.00355239786856143,0.005328596802842034,0.24168036333177642,13536.0,60035.808297738426,542,8034458,10187946,446404,333053,2672644,2232134,2447067,1582423,1356452,1148297,770150,3053560,341741,1438459,0,400020,0,0
150,000590,2017-09-20,0.0025078369905957576,0.0006269592476491059,0.8639097495475564,11210.5,81776.97484573949,340,7355598,5232973,154881,388132,924498,1377218,1029861,1479673,1721630,936882,759480,237655,957200,330165,413660,483248,1394388,0
151,000591,2017-09-20,0.01757188498402562,0.02396166134185318,0.12006968647977287,17307.0,195477.4749507807,2728,86413009,114195087,1699779,2288099,8588579,11164770,11687032,14156358,14302723,17412553,9250727,11723708,8895777,10037248,7141878,2232555,24846514,45179796
152,000593,2017-09-20,-0.0054102795311091745,-0.0027051397655545317,0.5154857968135648,11050.0,89576.81098222864,462,8651075,10795312,257917,260801,1141503,2001663,1366344,1519959,3032676,2135755,907004,1647085,653765,1356949,429000,458575,862866,1414525
153,000595,2017-09-20,0.005649717514124353,0.0018832391713747842,0.16051160517755864,7980.0,45836.64865221051,1095,11715372,13378320,937978,1189972,3566074,4501636,2487938,2737438,2307333,2917890,1249506,819908,311520,666540,855023,0,0,544936
154,000596,2017-09-20,0.015186297015715944,0.008476072752957808,1.1033836132776185,59150.0,478918.6373797467,2639,227971337,246884728,809960,812896,11513276,8831193,24546847,13974076,26899650,20868118,22742899,16454949,18488418,13079051,13038770,14889809,109931517,157974636
155,000597,2017-09-20,0.004420866489831976,0.009725906277630259,0.3219007311414554,11320.0,104649.9538481889,1235,26983980,23648611,1482128,521388,5074783,4172894,4112294,2944966,6605959,4454075,2068381,2331861,689448,1643112,1351751,2715356,5599236,4864959
156,000598,2017-09-20,-0.0017301038062285112,-0.0034602076124568004,0.13259756941284315,8050.0,146074.6248107338,1903,53433387,28399414,2704318,1139700,7152388,5177620,7034633,4455245,8993516,5920039,4481544,1546408,939476,727119,2762788,437184,19364724,8996099
157,000599,2017-09-20,0.006116207951070374,0.004587155963302836,0.2453399606472997,13100.0,119975.1177511654,710,18483542,13098122,590725,664215,2794423,3332538,3081742,2399786,1681379,2988731,1641017,1126826,1009809,1059085,0,415829,7684447,1111112
158,000600,2017-09-20,0.022907488986784186,0.022026431718061623,0.21800083675216475,33900.0,210758.6135263549,2713,123342320,148290665,1276958,1400081,12670438,12791560,13917666,15310263,20770324,23728887,14384509,12524009,8899127,13829396,8096388,10252393,43326910,58454076
159,000601,2017-09-20,-0.00654450261780104,-0.007853403141361182,0.27707969467684934,11407.5,124794.46235974393,760,25772764,12005315,596084,935378,2439835,3164558,2914389,2408765,2356952,2051773,3399037,1640605,4162281,613094,2308730,0,7595456,1191142
160,000603,2017-09-20,0.03556485355648542,0.03486750348675027,0.3472987806840749,14530.0,103330.79356133692,1705,29715002,51725264,1276812,2030029,6334675,7859437,5089214,7407893,6716711,8945124,3711341,8216199,1320100,3575268,2819254,3820710,2446895,9870604
161,000605,2017-09-20,0.030490158240061627,0.027016595908915475,0.5548268608326223,34411.0,176154.01403132104,2181,78713959,116797720,963214,759803,10912841,10473159,12547915,13435657,17354025,19906930,10670769,14290606,6648047,10722225,4087831,6019514,15529317,41189826
162,000607,2017-09-20,0.006281407035175768,0.011306532663316604,0.20462179214485027,16079.0,81461.6433540256,1514,29257002,36408527,1413592,1199754,6808857,7565590,4798881,6730144,5673446,7377494,4942925,5551244,1957842,1688290,3082699,1799709,578760,4496302
163,000608,2017-09-20,-0.02595797280593326,-0.027194066749072876,0.21414129621121472,12965.5,139915.23094883017,1430,34163155,21912711,1423131,1046807,7654939,4806858,6880639,3502995,6859879,4339313,2786149,1334176,2058666,0,1796711,407493,4703041,6475069
164,000609,2017-09-20,-0.007736943907156624,-0.007092198581560294,0.4402688505890576,18468.0,103536.87407417542,1241,35128331,20394922,689884,1040285,6826149,6603017,6613893,4056653,8493053,5265434,3803165,245686,2095943,607860,1380487,1781875,5225757,794112
165,000610,2017-09-20,-0.01062215477996964,-0.012898330804248848,0.3573002033770659,13090.0,207052.36697458813,1361,28307961,48588537,1116676,994480,6294258,5677909,4198118,7296078,7351996,4186337,4066594,1690444,2097847,960082,408096,0,2774376,27783207
166,000611,2017-09-20,0.009955752212389646,0.006637168141592875,0.29810486397304153,14191.0,103434.2088306518,920,18385501,22207681,866079,832329,3657304,4234632,3143562,3409496,4497998,3322838,2658969,2770480,356000,2156562,1864427,1348500,1341162,4132844
167,000612,2017-09-20,0.05616942909760603,0.05156537753222845,0.21987354759279265,33570.0,259989.61804500213,2452,109671746,159460624,1029560,1198620,8693077,11782376,10142056,13349608,16738119,24673564,13295057,17079481,16523114,12931733,10402706,11208667,32848057,67236575
168,000613,2017-09-20,-0.00886699507389166,-0.002955665024630627,0.31211929835396796,13169.0,76538.34597555111,1057,22787311,11412435,837803,652622,6515558,4135318,4728955,2201907,3818944,2544646,1701189,1008121,2031600,370845,0,498976,3153262,0
169,000616,2017-09-20,0.004319654427645814,0.002159827213822796,0.13739524531519698,10164.0,162748.05116181166,1137,30155922,27877905,1242765,822902,5260222,3712748,3356204,2325135,5135021,3339014,4002343,3408853,1677695,681358,1312149,2215427,8169523,11372468
170,000617,2017-09-20,0.004103165298944944,0.004689331770222793,0.5173207226307117,3420.0,61928.25621538915,1087,8957581,12832826,343330,1824666,2078035,3049750,1817966,2278654,2255730,2698168,1285592,443866,0,302847,496928,902075,680000,1332800
171,000619,2017-09-20,0.0071721311475410054,0.0051229508196721785,0.37629833085775843,13664.0,202228.62000375064,672,20287722,21313504,823299,790307,2556148,2468686,1727846,2923858,2189729,3418426,1136134,1908224,0,2014037,1396841,1412730,10457725,6377236
172,000620,2017-09-20,0.0013071895424836555,0.002614379084967311,0.20951767105710034,2299.5,41532.74453646384,1336,12596474,9772984,904372,1239701,2877479,4474829,2353211,1897655,3031765,1159827,1019018,1000972,1817829,0,0,0,592800,0
173,000622,2017-09-20,0.0032626427406199365,0.0016313213703098572,0.2861843790762408,6710.0,54877.3374549666,458,6734198,3957705,850481,262269,1594624,1560902,990528,374021,2018585,621744,0,293627,658800,392262,0,452880,621180,0
174,000623,2017-09-20,0.001322168356103992,0.0008814455707359947,0.5383133399771476,22660.0,149684.08559760495,1776,55517116,44896023,1376133,1276553,10170964,9693793,5286023,6326424,8335103,8384190,6104883,7163652,3355488,2876251,5865418,2188854,15023104,6986306
175,000625,2017-09-20,0.013629842180774787,0.013629842180774787,0.2581557265804979,42360.0,456545.7751962966,2917,176735571,216258820,995735,1808623,11568316,14813588,17269618,17623989,26212130,28111749,15696656,18077116,15606492,19863151,13281427,14606794,76105197,101353810
176,000626,2017-09-20,-0.015902712815715647,-0.013564078578110372,0.6034500327029364,21020.0,135006.38770707333,1255,48452507,26508537,685202,1033229,6253875,5815659,6600255,3786725,8575201,4038292,5205746,3637476,2312453,1363149,4828953,937623,13990822,5896384
177,000627,2017-09-20,-0.015991471215351827,-0.018123667377398678,0.17653475275150368,29439.0,193591.3040076948,2827,141309557,103411392,1489996,1781149,13106793,13312639,16720084,16072096,24834035,18849181,15838299,14461474,9229227,9093362,8824489,7996204,51266634,21845287
178,000628,2017-09-20,0.0037209302325580396,-0.01023255813953483,0.3222393069729813,14826.0,98677.46029776546,1113,26183459,14127132,853877,782939,5632594,5428429,4781416,3522495,5683615,2074119,1519047,1361994,1001775,957156,428085,0,6283050,0
179,000630,2017-09-20,0.01967213114754096,0.013114754098360715,0.05599339394751953,15938.0,349666.9177778884,3004,109978472,172272256,1537470,2689468,10569947,14304084,8489581,14506188,13313948,18330077,6146866,8879770,8738780,13254430,3619470,11335307,57562410,88972932
180,000631,2017-09-20,0.016826923076923128,0.012019230769230616,0.10863672550117012,8320.0,100024.38574908713,1471,30748955,25586832,1447103,815185,4748082,6149787,3744030,3887255,4830017,4048753,2655393,3498481,2897942,1784013,2716696,1783557,7709692,3619801
181,000632,2017-09-20,0.06037151702786381,0.07120743034055721,0.1413800374946017,23852.5,156691.35797709864,2094,62859403,94130274,1393564,1437729,9597262,7944775,9776992,9916207,15427502,14729805,8838412,14200127,4561983,8478088,3542515,5828123,9721173,31595420
182,000635,2017-09-20,0.006948156066274747,0.003206841261357507,0.49139486586388353,18750.0,98070.6517927463,1450,28963087,36106030,1001547,1692869,6409728,8619286,5011764,7730555,5511673,5703194,2942383,2543078,1429182,2060207,1360281,905673,5296529,6851168
183,000636,2017-09-20,0.033542976939203495,0.03563941299790363,0.19137319594752525,29853.0,231781.9691260498,2488,96405491,137547209,1660320,1752009,12093816,12552915,11732824,13991064,17497142,19375527,10921860,16439573,7247878,11840879,9163748,8011089,26087903,53584153
184,000637,2017-09-20,0.004225352112676051,0.004225352112676051,0.23956632991053545,5684.0,84189.78422913769,878,13394580,8616385,836593,750606,2801803,2082194,2047474,1988779,2635530,2339948,469206,454961,360778,314704,914970,0,3328226,685193
185,000639,2017-09-20,-0.014965986394557929,-0.018594104308390036,0.707831323619842,21390.0,72747.10354691287,970,26211400,15957880,355240,881275,4085458,4591780,8550177,2643700,4924687,3716739,2869941,2732699,1608140,330000,1418965,404107,2398792,657580
186,000650,2017-09-20,0.001686340640809636,0.001686340640809636,0.19210103662996436,5346.0,57730.53958512353,953,9205132,10056866,468005,1560771,2830389,2579551,1919254,2490208,1687319,1367461,689898,731456,367067,377148,0,428739,1243200,521532
187,000651,2017-09-20,0.011497326203208535,0.010962566844919808,0.6249025372236856,169132.5,721090.1724967054,3582,581202503,649128792,67731,196144,5751187,8066575,19376723,20789491,59253709,62677229,59347356,58894872,51214097,48277331,39384858,41369230,346806842,408857920
188,000652,2017-09-20,-0.0018867924528301883,0.0018867924528300772,0.15927252334733544,6896.0,72420.33075104779,1108,22540895,10899839,975911,802277,4707177,2471215,3906585,2594517,4462211,2203164,1931791,954268,1762049,953258,921033,409160,3874138,511980
189,000655,2017-09-20,0.03322259136212624,0.03875968992248069,0.2024736639684757,23100.0,164599.07695027257,1991,56814737,75061855,1425925,1745264,9425729,9685996,9700216,9501006,10956560,15364606,9049673,8840353,2128077,5945805,3484025,5849430,10644532,18129395
190,000656,2017-09-20,-0.005357142857142727,-0.017857142857142794,0.09958982403973864,42350.0,418829.32788130286,3175,244870933,227067170,1449994,1470328,12297889,14845773,14626179,21015457,27345000,30838536,22133336,27136408,15836178,16582004,9623797,16478668,141558560,98699996
191,000657,2017-09-20,0.03803997421018712,0.03803997421018712,0.27428348613478554,63837.0,301239.45368948125,3203,202886919,252444831,1014869,887559,14196926,12676380,22284273,22668563,37082820,39422950,27798084,33062671,20879034,20741415,16755419,17510596,62875494,105474697
192,000659,2017-09-20,-0.0050000000000000044,-0.0024999999999999467,0.1500272308182868,11970.0,106060.66001579181,711,16085130,13999728,439724,646582,2561503,3171167,2797745,2965245,4280107,2658809,1974567,990884,717140,1111700,441936,805568,2872408,1649773
193,000661,2017-09-20,-0.008561403508771881,7.017543859633157e-05,4.286823421164629,28852.0,266854.45080634824,1105,46293741,81955657,20337,2139,4736323,6253993,3601003,4620672,10201313,14360000,4686636,9226848,5251169,6780249,3110080,3003272,14686880,37708484
194,000663,2017-09-20,0.024623803009576006,0.010259917920656614,0.5666406089743486,14750.0,60721.25309618609,665,8895614,14007120,632786,488395,2982490,3342645,2278466,3294817,1594710,3525959,484218,1467712,317952,327450,0,822642,604992,737500
195,000665,2017-09-20,0.0016393442622952836,0.0016393442622952836,0.4428916686095045,10998.0,88627.89341232902,758,10804725,14800048,321200,1031411,1872622,3945298,1188922,2444510,1626656,3504696,1905445,211752,1098610,1411720,480246,466804,2311024,1783857
196,000666,2017-09-20,-0.012446146481570164,-0.014360938247965582,0.48047253462291983,22660.0,97697.94807300798,1890,59523873,37582626,1004935,848987,14609644,8314727,8177507,6278949,10741748,6958311,9344272,3682709,4707691,1644113,4749828,827314,6188248,9027516
197,000667,2017-09-20,0.008450704225352101,0.0,0.07907607411642327,10943.0,181785.50977496445,2027,64602183,45844764,1293541,2038239,8893745,7308720,7623888,4415800,7920461,6976975,6452624,5202523,5993263,3219781,5845952,1751411,20578709,14931315
198,000668,2017-09-20,0.0005757052389174788,0.0011514104778354017,1.141217464716828,15552.0,87749.63869811663,231,5108747,3264334,84869,181899,1075839,836736,1012249,1019665,901924,295798,260850,232892,735016,697344,0,0,1038000,0
199,000669,2017-09-20,0.0012224938875304847,0.0,0.5229227379150581,16300.0,87000.39292200825,978,21667390,15098346,819749,876928,5639549,4526793,5728212,2913185,5489698,2515706,1149591,681201,325600,1057694,1343797,462705,1171194,2064134
200,000670,2017-09-20,0.047945205479452024,0.0657534246575342,0.12483612795205781,68301.5,349272.81136274297,3438,210898117,301880844,1086309,982087,13228252,13854864,20815613,24692938,41739104,46906333,28275817,39273416,24823636,32636441,14973118,16693445,65956268,126841320
201,000671,2017-09-20,0.023690773067331916,0.01371571072319222,0.14676958770552778,40800.0,431585.5689764586,2998,258026221,240622210,1720070,1692041,12301308,10378570,15264470,12828732,25797351,20413691,27454874,19297131,16976007,12639191,29498619,20815115,129013522,142557739
202,000672,2017-09-20,0.0038461538461538325,-0.0019230769230769162,0.2049058954535142,21756.0,99300.25543741797,2578,78334524,56520901,1348227,1711050,13337262,13492544,15327659,11209951,17349650,11514684,10482212,7131560,7534453,4090354,4991822,1848021,7963239,5522737
203,000673,2017-09-20,0.007500000000000062,0.010833333333333472,0.38940642171540296,17970.0,219179.9982327532,949,21116216,43693551,725820,685187,3966715,5378076,2724946,3222529,5392358,5234060,2914797,3001788,1492478,1426305,484400,3212550,3414702,21533056
204,000676,2017-09-20,0.026874115983026803,0.0021216407355020284,0.4888487622041762,12645.0,51521.572088080466,836,9279172,13933907,623742,878354,2739308,4320292,2419622,3140555,1831545,2341569,717165,1428056,353910,1414731,0,410350,593880,0
205,000677,2017-09-20,-0.0020618556701030855,-0.0020618556701030855,0.20043694252920316,9620.0,70906.7446311026,585,11985286,6851141,666746,540788,2644502,2260751,1940866,1006971,1980558,1153745,1445707,0,1342628,398314,1332245,962434,632034,528138
206,000678,2017-09-20,0.002355712603062443,0.0011778563015312216,0.36339740218270494,10140.0,58765.57147229348,545,9620653,4875110,573141,548689,2792879,2225866,2012658,938773,1312827,401882,1103934,0,382500,0,917089,0,525625,759900
207,000679,2017-09-20,0.00746268656716409,0.006396588486140553,0.46369283720985704,12298.0,115572.23813953786,409,5536340,8038532,484681,414403,2119428,1879594,1824472,1105921,660775,765717,0,757112,0,0,446984,474000,0,2641785
208,000680,2017-09-20,0.0,-0.0016694490818029983,0.14481286938450869,13156.0,135125.86377009057,1713,49635621,30206612,1466862,1356374,8241572,6476751,7936469,5778832,10640420,5625113,4714542,2290011,3086878,998543,4397825,494913,9151053,7186075
209,000681,2017-09-20,-0.005458515283842891,-0.008187772925764114,0.441997219826734,12691.0,98303.49512069517,1722,33416081,25061467,2254398,833603,11971235,6211321,5138777,3718699,4976610,4050786,2638268,1655390,2877812,689953,850190,939491,2708791,6962224
210,000682,2017-09-20,0.02230483271375472,0.01115241635687747,0.1802249065146929,9702.0,70842.09635346183,891,13303110,12930194,683176,774772,3625579,3134025,2902090,2483165,1644252,2635991,1282621,1754270,1129528,0,407700,1335389,1628164,812582
211,000683,2017-09-20,-0.005988023952095856,-0.014970059880239472,0.05903042652337874,73260.0,182640.04399276304,3241,241414859,141951324,1549408,1376575,8674395,10732588,25592317,16654375,72276013,40361851,45537818,24678948,24277538,13047933,13133255,6723059,50374115,28375995
212,000685,2017-09-20,0.0045620437956204185,0.005474452554744325,0.32089584176764513,10990.0,99089.64224460574,1166,17165138,19836270,658512,1244236,3741053,5002738,2408134,4028537,2927724,2515330,2764314,2006782,379088,673322,916869,957430,3369444,3407895
213,000686,2017-09-20,0.005681818181818121,0.004734848484848397,0.2759833468003352,21180.0,118164.06389016654,1464,51114721,38397805,800184,986021,5841278,8645318,5884326,6408347,7768279,6155758,7088508,3859807,8765458,3667160,4440769,3139028,10525919,5536366
214,000687,2017-09-20,0.017215568862275488,0.02020958083832336,0.3640994493419694,21408.0,157295.37198905696,1346,45070415,45395243,818159,977971,6820390,5527643,6821552,6440217,8486174,9275091,6751747,7495699,2702607,2455377,3560934,1666403,9108852,11556842
215,000690,2017-09-20,0.01098901098901095,0.006105006105006083,0.24718296741112766,20487.5,112204.75604916691,1098,32758490,32284073,754078,1092385,4332254,5630440,4070269,6897645,7244151,6793006,3936991,1248286,3031870,1015490,5327999,2337062,4060878,7269759
216,000691,2017-09-20,-0.0037688442211055717,-0.0037688442211055717,0.49470906052348446,11095.0,43590.21453554119,258,3943141,2659411,258371,233376,1045643,1344006,650854,667809,1107744,175120,261159,239100,619370,0,0,0,0,0
217,000692,2017-09-20,-0.0028328611898016387,0.0028328611898018607,0.3158464984868173,5648.0,64006.30045622346,499,8241327,4259055,449194,480478,1461475,1438181,1432084,1026635,883450,743361,852304,263097,1007945,307303,979902,0,1174973,0
218,000695,2017-09-20,0.008474576271186418,0.005084745762711673,0.4993277234273627,7131.0,62978.29752839373,558,6164188,6584268,267619,834543,2393953,1792745,1160089,1124045,1809166,936173,232456,213480,300905,0,0,0,0,1683282
219,000697,2017-09-20,0.008543833580980653,0.010772659732540824,0.5231785689503154,48402.0,215898.76084356845,2650,134167086,167363836,991846,1029577,9605965,12597964,15332477,18175485,23090026,29099173,20877354,21052934,11773270,18436087,8504028,12568201,43992120,54404415
220,000698,2017-09-20,-0.00291545189504383,-0.001457725947521915,0.22775101557702335,13680.0,120949.03657925974,907,24409560,18281060,621892,1149952,3390357,4522604,3291915,3666605,3869840,2149000,2098164,1200784,2061150,1018636,439890,0,8636352,4573479
221,000700,2017-09-20,0.001386962552011095,0.0,0.22845497110767646,14400.0,79768.48689351689,996,24385832,12241695,577378,1214085,5327022,4489147,5621437,2546163,3366949,1088365,1954037,767571,2109276,695364,1271311,0,4158422,1441000
222,000701,2017-09-20,0.009419152276294973,0.011773940345368938,0.39663906117965747,15264.0,113290.62937019086,1031,21278710,25753372,576167,1021221,4599496,5242251,3773885,3304810,4264598,7036641,1852724,2394500,2249864,1494031,0,1386514,3961976,3873404
223,000702,2017-09-20,0.018681318681318615,0.009890109890109855,0.24767472684046848,13725.0,76527.46105730774,1350,22231095,27078656,1434949,1191811,5951387,6805209,5225500,4241455,3842992,5312615,2415924,2654386,2003533,366400,456885,1681751,899925,4825029
224,000703,2017-09-20,0.007416563658838138,0.011124845488257096,0.36194579221938217,9828.0,84596.42370759319,1999,27082450,30116840,2133416,1673674,5884812,11362441,4241529,5812709,4394017,4089310,1787588,2389571,1378305,639960,483782,1851399,6779001,2297776
225,000705,2017-09-20,0.040737148399611955,0.007759456838021261,0.31162516062934603,4148.0,45250.14905343233,1095,5596501,11358376,977423,1538992,1944457,3871930,1122933,1251035,1344488,1981735,207200,936972,0,647550,0,0,0,1130162
226,000707,2017-09-20,0.0013736263736263687,-0.0013736263736264798,0.26881985297642286,14500.0,81453.25118293926,733,14802761,14197187,641522,515008,3848123,3254905,2556613,2795390,1668322,2749401,1442841,1133115,1467131,678268,1290797,881600,1887412,2189500
227,000708,2017-09-20,0.014534883720930258,0.011627906976744207,0.30502747940759406,15229.5,115358.43555258383,2036,47314954,59047591,1006164,2311262,7082778,10142994,6720348,8513744,10837685,12686031,5716487,6563590,4096599,6379642,4079189,3194764,7775704,9255564
228,000709,2017-09-20,0.002178649237472685,-0.002178649237472685,0.07913704115155469,54153.5,395728.0538811686,3386,246682997,274195817,1140627,1588608,12992975,14690720,23819179,26145785,36034686,34358296,26714663,26444931,18071340,18142769,12758815,22222293,115150712,130602415
229,000710,2017-09-20,-0.02132352941176474,-0.0133823529411764,1.3842831534679734,46893.0,229926.51555706473,2416,149315995,102075091,894534,1142054,11356457,11349915,15044641,15709119,25036418,20045128,19248928,13000544,19614557,10741487,8433870,7097713,49686590,22989131
230,000711,2017-09-20,-0.0032938076416336726,-0.006587615283267456,0.3705247622236156,15060.0,61640.42846897033,1679,33333080,25591021,1253247,1599267,10106099,6346537,6483361,4644059,8023001,7861444,3820090,1382141,938924,1606532,1267058,1452301,1441300,698740
231,000712,2017-09-20,0.005002501250625402,0.005502751375688009,0.4834116916773465,24120.0,154543.59037854327,1710,66470642,63029555,624627,952687,8266127,8941992,6146377,7584876,10747695,13455106,10192130,9615679,5671259,4689848,4274549,3393708,20547878,14395659
232,000713,2017-09-20,0.0011764705882353343,-0.0023529411764705577,0.22771684188241909,4255.0,47125.42394470454,1394,19233054,9739041,2883722,730416,4503412,3420711,4420046,1742367,2086131,2057854,2060984,774880,1119405,1012813,2159354,0,0,0
233,000715,2017-09-20,0.007060900264783676,0.007060900264783676,0.39462269175852,7976.5,63856.23499987862,824,10650922,11868328,757489,461060,3020960,3020756,2854426,1521481,2182851,1895621,490372,1484126,323192,357339,455200,1354809,566432,1773136
234,000716,2017-09-20,0.0,0.0,0.21060022427298294,12749.0,74896.01656079496,1015,19955293,15193314,842801,1017329,4681480,3912143,4006375,2610663,3372522,2049721,2136533,765688,2108314,4388202,901150,449568,1906118,0
235,000717,2017-09-20,0.01585365853658538,0.0,0.1396639936705151,91425.0,555327.7989975279,3457,382115063,439304635,814172,807756,9686018,13538747,21171456,23516635,38206299,53504940,32182287,41910151,24948848,31636708,23625789,36562214,231480194,237827484
236,000718,2017-09-20,0.006825938566553003,-0.0034129692832765013,0.1401599291033076,21497.0,203916.3261809768,1753,89284301,61475799,1132230,1202450,7478076,6045092,8694244,6492510,13017896,10608898,9672125,7509460,6102632,4878973,5397469,2758297,37789629,21980119
237,000719,2017-09-20,0.0,0.0,0.37251450964500804,14092.0,51769.19120047007,856,11898665,8486787,543642,774811,5389688,3267558,1462706,1980130,1683261,1022064,1198544,542974,637080,0,438744,0,545000,899250
238,000721,2017-09-20,0.009138381201044377,0.005221932114882533,0.2424494889492412,10808.0,60193.26215661632,998,13643970,13803788,1071911,978560,4606002,4233556,3658152,2235359,1715840,2288249,961508,722752,1028417,387000,0,406875,602140,2551437
239,000722,2017-09-20,0.008354218880534559,0.0025062656641603454,0.3883251771560742,17842.5,154570.72891301618,950,45068295,22821001,393179,906123,3263707,4931692,3229740,3311896,7342293,3478712,7256664,2233015,6754352,0,3168110,474400,13660250,7485163
240,000723,2017-09-20,-0.028669724770642224,-0.022935779816513846,0.18471846908820894,17430.0,219375.41386653404,2232,88718500,85569222,900225,2263737,5498308,11819785,6436374,13967943,10727631,14853339,10030762,11374067,5275813,5289186,3160036,2234790,46689351,23766375
241,000725,2017-09-20,-0.004975124378109319,-0.004975124378109319,0.06825935122533455,63358.0,1286278.0420050903,3499,806166943,674900594,1684936,812736,17597327,9622467,23557609,15933506,38050367,26129772,30503467,21227634,26804473,24553599,25949348,18132995,642019416,558487885
242,000726,2017-09-20,0.013190436933223193,0.01483924154987637,0.2945105740339832,5095.0,51791.928823066184,1697,14128656,23522205,1459874,1617000,3501389,6848041,2426314,4455924,2973069,5321999,2269665,2567796,0,1028293,409923,415395,1088422,1267757
243,000727,2017-09-20,0.014084507042253502,0.010563380281690238,0.0596852820927733,14400.0,325250.276125291,2291,78596275,119501881,1098982,1615973,9713454,9110467,6460076,8697329,10152488,12067548,6377701,10425335,2626240,5057579,3978801,6087367,38188533,66440283
244,000728,2017-09-20,0.0,0.004854368932038833,0.2753357239932984,43425.0,191018.87164562495,2744,162442404,136868856,1017963,1108973,12107090,13679842,16673849,15783417,32408535,28117950,20006042,19883271,15753485,15467838,12194497,12308681,52280943,30518884
245,000729,2017-09-20,0.003072196620583778,0.004608294930875667,0.17857253723438984,5895.0,114058.61211059733,1330,17766069,23057546,1013090,1735430,3274251,5080023,2039923,3238731,2884752,2057103,1112639,701106,1446757,2400026,886691,447336,5107966,7397791
246,000731,2017-09-20,0.006880733944953921,0.006880733944953921,0.24713894049456406,17520.0,100521.16626575674,1245,35435776,26000654,1180655,1282647,6010597,5449651,6996919,4426210,6865229,5162133,4743585,3655609,3302132,999874,2694480,854615,3642179,4169915
247,000732,2017-09-20,0.007194244604316502,0.005138746145940232,0.42937130258246325,19310.0,374571.3687501441,2058,110968561,78128849,2595999,1360808,7655703,7403944,8138691,7995642,11400864,15310160,9054561,8094586,4969877,6224376,2232539,6215834,64920327,25523499
248,000733,2017-09-20,0.030970815961882003,0.03513996426444321,0.3710264133757256,33680.0,225075.64835655395,2048,61755332,114284454,1116649,951810,9869435,10863301,9461396,13827215,16240886,19390310,4986915,12918556,7942225,9365152,2710268,7201965,9427558,39766145
249,000735,2017-09-20,0.0013440860215052641,0.0013440860215052641,0.1672323180309,20007.0,218626.69799111472,1982,78264431,65313893,1845317,1094487,10688548,6414746,11840133,7885630,12297444,9190640,4721985,5542048,9173208,8503952,903340,3964689,26794456,22717701
250,000736,2017-09-20,-0.011282051282051175,-0.01025641025641022,0.36051262564048325,57043.0,423031.721803798,2959,203205132,210373699,823017,1452627,9775008,13212711,16782883,19726445,33737696,29870247,21142162,20158809,14883092,19059869,15045285,14425534,91015989,92467457
251,000737,2017-09-20,0.043847241867043696,0.04667609618104662,0.13013037810502337,35583.0,256400.80482398265,2964,125352267,146638720,1573943,1420127,13910241,14224684,16765390,18645698,26140141,27867400,19328676,16883758,11658555,13943040,6508011,9014304,29467310,44639709
252,000738,2017-09-20,0.010499999999999954,-0.0010000000000000009,0.46867929901177174,19890.0,147912.59946788603,1821,58848898,49070798,2569597,838322,8653153,6159605,8426372,7034532,10426989,9590710,9394132,6467264,2812527,4598676,3509729,3040565,13056399,11341124
253,000739,2017-09-20,0.0,0.0026631158455392434,0.2969468166005075,8261.0,54931.804248055276,639,6593507,9553387,476470,942465,1827714,3367336,1153966,1352807,2014190,1393307,764371,525500,356796,691173,0,0,0,1280799
254,000750,2017-09-20,0.0033222591362127574,0.0033222591362127574,0.1487030435876608,13288.0,145285.88871560027,1641,40534862,36154438,1092740,1766221,5901262,9162295,4806422,6355213,4776219,7416512,2968085,2544478,2233254,3354837,910098,1370845,17846782,4184037
255,000751,2017-09-20,0.0365079365079366,0.023809523809523947,0.10861931256332086,61370.0,327993.7010047832,3375,221837309,274127482,1092426,1094264,14124652,15304765,21696828,27848608,34304912,44656583,23829985,31904229,17939621,28589216,21409420,14878520,87439465,109851297
256,000752,2017-09-20,0.013717421124828544,0.02400548696844984,0.32534696522481277,22410.0,162347.23546955013,2010,44080355,61708707,1328195,1302298,10674146,11402526,8676053,11653381,10475149,11908516,4721385,7860811,3756682,2066157,851111,2621191,3597634,12893827
257,000753,2017-09-20,0.00843881856540074,0.00843881856540074,0.1713648891763658,11924.0,79728.46484988338,765,14661441,14655422,762611,691089,3440067,3689417,2660137,1432484,2240743,3239239,1607512,2633472,1129178,1753304,1868241,427025,952952,789392
258,000756,2017-09-20,0.014677728142948432,0.014677728142948432,0.4829565429162316,15870.0,137404.82674722746,1053,17736305,33553440,607207,1555288,3458306,4524694,4269541,6967078,3739174,5055698,0,2226951,983862,2386452,973368,2651950,3704847,8185329
259,000757,2017-09-20,0.005625879043600568,0.002812939521800173,0.29812795726083086,8556.0,50907.98566227646,568,9613765,4182368,917716,527906,2358197,1506926,2108287,909726,1717530,787194,1097122,0,369138,0,0,450616,1045775,0
260,000758,2017-09-20,0.028241335044929317,0.025673940949935803,0.1484487746922199,27720.0,217026.43468243128,2758,103391255,157462321,1448342,2077142,12155730,14295405,14397657,15077597,15830973,21760076,12453191,14990724,7641526,14859468,7171805,7991911,32292031,66409998
261,000759,2017-09-20,0.023354564755838636,0.028662420382165488,0.20664787688545166,19480.0,148911.61519792408,2080,59444101,70111803,1900153,1715869,10110786,10304549,8575396,10658664,9060347,12433707,5856851,8386258,4148553,3208617,5023851,3682665,14768164,19721474
262,000760,2017-09-20,0.04081632653061207,0.04285714285714293,0.23643607989392915,23490.5,212887.59495608375,1720,52813637,87026673,1011597,1026630,6800865,8681465,7892089,9019547,9756572,12197198,6647970,11458317,4058979,7041157,2670382,3607593,13975183,33994766
263,000761,2017-09-20,0.022471910112359605,0.014446227929374,0.1318615125694572,16821.0,209984.5391367491,2237,69025326,89556849,1382423,2293177,8182214,9800728,9468419,8611861,12350046,13348252,8093337,6480531,7627771,9790046,3859701,4064441,18061415,35167813
264,000762,2017-09-20,0.04094827586206895,0.0474137931034484,0.3895187838378619,278880.0,1174450.7134192733,3567,965710957,1325967366,186263,218213,4169600,5109331,14065322,14224740,37670923,43570212,35479443,54719419,40986267,43612945,36917142,40465655,796235997,1124046851
265,000767,2017-09-20,0.005586592178770999,0.0027932960893854997,0.14700934497368026,5026.0,66597.01526260994,593,8980013,6501786,497691,422015,2359281,1673357,1633197,543902,1489196,1183337,463968,502600,358358,1715978,426492,460597,1751830,0
266,000768,2017-09-20,0.0069038767923528255,0.005310674455655917,0.3630037656118268,39858.0,428951.4456940516,2691,202257653,236177324,1825990,1355739,12068713,12404966,12275751,11881835,23494256,24133684,20185052,19649198,9250765,18207181,13323674,15120426,109833452,133424295
267,000776,2017-09-20,0.0047518479408659164,0.0047518479408659164,0.3663004464256759,51232.5,408434.63439993886,2674,194659614,211097762,817880,1114707,9616747,15261692,15511823,20763057,26405840,29991235,14040389,19080403,12794501,15098048,9799645,17675975,105672789,92112645
268,000777,2017-09-20,0.008417508417508435,0.004489337822671136,0.589502415207959,14256.0,81710.331314093,913,15257150,17925874,822630,898671,3756173,4452379,3883120,3534727,3582658,2947421,540042,2461890,669004,356200,444772,403636,1558751,2870950
269,000778,2017-09-20,0.007739938080495223,0.004643962848297267,0.11992265864906103,27216.0,239756.75722400704,2909,123835110,130642245,1407885,2103394,12579184,15753303,13382290,18512002,17302508,22811383,8553161,11829073,8209205,9481980,9215071,9377841,53185806,40773269
270,000779,2017-09-20,0.03612040133779271,0.028762541806020225,0.4642164471503713,15380.0,85190.15987223166,1037,19635937,26591033,977550,774604,4235171,5130730,3906120,4180515,2724524,6323327,2561358,3105412,2082854,2544810,1831015,1391327,1317345,3140308
271,000780,2017-09-20,0.017142857142857126,0.00952380952380949,0.24702269789087752,10540.0,71417.78113043035,451,7255857,8723606,365046,381144,1505442,1837809,1476257,1063756,1790695,2138830,1311690,696871,315000,1513708,491727,0,0,1091488
272,000782,2017-09-20,-0.006116207951070374,-0.0020387359836901986,0.3860451523901229,14655.0,55245.08717985833,645,12422276,8889907,715305,605534,3933086,2522968,2738319,1597136,3754511,1645925,454920,1355268,397232,754272,428903,408804,0,0
273,000783,2017-09-20,0.004028197381671816,0.0050352467270897705,0.2576059336761322,19920.0,203630.2413602234,1486,52934067,56058497,1254898,1411839,6283171,8085340,5795285,7475409,7214192,7041488,6385521,3963490,2827274,3831318,4587990,930759,18585736,23318854
274,000785,2017-09-20,0.0096916299559473,0.007048458149779835,0.508160239494156,11420.0,81729.38816702132,498,8991531,13075824,301577,584872,1664660,2010487,741666,1657256,2903038,3856706,2400471,1761868,0,999365,980119,861390,0,1343880
275,000786,2017-09-20,0.0012499999999999734,-0.00187499999999996,0.31115134538626693,35123.0,224327.9460110223,2646,125525463,129301960,1381086,1359385,14899675,11731055,16565959,14906449,22217043,19905385,14886917,15619165,10442854,8779620,7654578,7639066,37477351,49361835
276,000788,2017-09-20,0.003910068426197455,0.0009775171065493637,0.40666614241413784,10240.0,69568.37529424584,632,10772823,9118100,308812,538454,1845377,2903258,2699051,2430054,2148405,1551068,1274262,871470,0,311296,849886,0,1647030,512500
277,000789,2017-09-20,0.004813477737665384,0.0072202166064980755,0.17741140758924964,14832.0,92217.19202180162,2198,43489541,51327968,2149520,2007134,8036697,12345694,7724037,9207437,9251579,11692300,4493641,6483926,3699802,3385983,1693445,841883,6440820,5363611
278,000790,2017-09-20,0.003988035892323216,0.0029910269192423566,0.5126087398621965,10050.0,63398.088508556735,382,5902219,6761772,230928,326528,1489173,1536578,1788286,414896,1621758,2215773,772074,709796,0,0,0,461754,0,1096447
279,000791,2017-09-20,0.007290400972053357,0.002430133657351119,0.2703860898040711,8250.0,52003.6607005722,926,12468427,11074584,1103945,726424,3940570,3018297,3049229,2075281,1998063,1878682,655850,1931969,1720770,348975,0,472152,0,622804
280,000792,2017-09-20,0.11177170035671824,0.11177170035671824,0.3446645029874622,329386.0,4208331.209505385,2388,1585313812,1579477529,1897581,0,9671640,0,10802061,237912,15890817,1777014,16483899,5196592,12226486,5455944,18166458,8019511,1500174870,1558790556
281,000793,2017-09-20,0.01745877788554795,0.0,0.30440478438640123,10300.0,193054.02832776372,1147,33334063,36339516,381218,1609451,2363372,4454869,3217710,2936377,4834764,6353221,3683589,2740343,2139737,2357685,2240540,2310072,14473133,13577498
282,000795,2017-09-20,0.021765417170495738,0.0096735187424426,0.1434246865789628,54021.0,229087.5521346219,3332,183911976,187374249,1112194,1161371,14823378,16313165,25863315,25951046,36479284,43757084,23178224,25787174,16957363,12434902,13397559,14855031,52100659,47114476
283,000798,2017-09-20,-0.003061224489796066,-0.005102040816326592,0.4095317700266452,10757.5,49355.83516570906,572,10165354,5860808,677501,520462,2711231,2146713,1965352,1075734,2931822,1530150,1333595,285768,0,301981,0,0,545853,0
284,000799,2017-09-20,0.010254596888260137,0.004950495049504955,0.5075265313209414,57060.0,288159.0401561185,3108,240576043,213457927,966545,1209710,11392533,14811559,18375790,20689348,27089552,32335669,22999273,26295923,20423963,18433453,15106753,17578161,124221634,82104104
285,000800,2017-09-20,0.02035398230088492,0.02123893805309729,0.2320865617399211,34200.0,318900.6316858123,2373,137819680,146239703,1268866,832313,11846455,10536751,11214648,11724651,17511145,19664094,15288024,15089279,9277013,12145149,6850854,8488599,64562675,67758867
286,000801,2017-09-20,0.0012135922330096527,0.0024271844660193054,0.24165653380355742,16580.0,79226.30189973826,1163,26867499,20796501,951708,1148286,9275054,4471421,4881586,4717923,3982586,3428117,2543868,2167848,1421058,697949,2209015,1702657,1602624,2462300
287,000802,2017-09-20,0.004819277108433662,0.004819277108433662,0.37913587174999186,19800.0,117655.0285765821,1917,48304669,46377717,1552469,1499872,10990473,9332928,9852462,9340022,10486439,10659379,5588618,4481677,2430451,2843715,3850131,889513,3553626,7330611
288,000807,2017-09-20,0.10074880871341074,0.10006807351940106,0.24598401042807921,260064.0,1179130.2997941328,3577,711411157,1096994248,111076,123519,4916193,4918257,14211441,13708148,50269803,43505928,54249737,59539794,55775777,62555885,48513155,55491097,483363975,857151620
289,000809,2017-09-20,-0.0024390243902439046,0.0,0.18290220072031083,13838.0,107899.10246757897,502,9977952,12004382,310662,445220,1746755,2980137,1928962,2040783,1418728,2271962,504855,1977525,732248,640590,0,421652,3335742,1226513
290,000810,2017-09-20,0.03285968028419184,0.023090586145648295,0.2744675187584599,20898.0,84833.77400222681,1684,34467254,51514651,985959,1033057,9384054,7629512,8877865,7118031,6957371,11249741,3362181,10490011,2473980,6411368,1289817,3036319,1136027,4546612
291,000811,2017-09-20,0.0010101010101009056,-0.005050505050505083,0.31574356296123784,17784.0,246470.68948824122,983,49035022,17127263,569872,1314728,6684589,3786770,2639176,2981239,4040607,3551415,1608678,1207012,1394870,990774,410435,883634,31686795,2411691
292,000812,2017-09-20,0.003351955307262733,0.004469273743016755,0.3299716348977665,10740.0,56948.890633317256,735,12495362,8859363,859875,822199,3766097,2698927,3183788,1876763,2241509,1746865,1183556,515530,333529,325215,927008,0,0,873864
293,000813,2017-09-20,-0.0059880239520956335,-0.0011976047904190823,0.27035013124732965,7460.0,42809.9909224911,954,8531344,9105348,909419,1259602,3181126,2920286,1787732,1804346,1703721,1508729,949346,287526,0,0,0,0,0,1324859
294,000815,2017-09-20,0.00854139290407363,0.009198423127463773,0.4214025214493796,18000.0,65284.90545621311,1305,27300605,23007157,849050,955015,6786540,7317433,6078423,6243663,6004724,4283692,2444380,2935117,773191,303810,1729802,450000,2634495,518427
295,000816,2017-09-20,-0.026499302649930168,-0.034867503486750384,0.1321948963503058,41460.0,235681.68992593334,2951,191325990,85511799,714662,1112637,25992559,9374057,36758667,12569063,24470628,14811192,14744533,10079222,12596930,8338381,10466475,3617703,65581536,25609544
296,000818,2017-09-20,-0.0034752389226758718,0.0017376194613378804,0.37557697593531236,11550.0,131068.5142342025,939,22711390,18429047,849201,760058,4631452,3686916,3456619,2233428,4420846,2658057,2306558,1015381,1704768,332564,1819838,1385922,3522108,6356721
297,000819,2017-09-20,0.013536379018612488,0.006768189509306355,0.6678941116291196,14429.0,48026.88554250583,704,11082511,9258963,513425,818182,3370761,3945310,2449966,1815989,2471781,1811425,1353520,543915,0,324142,923058,0,0,0
298,000821,2017-09-20,0.009767092411720357,0.010518407212622094,0.3294713651307446,13280.0,86610.05517043106,1632,30363357,39486845,1220995,1344024,5888903,8167956,3963006,4491740,8778483,9893630,6012780,3906716,2429035,3515124,875260,1795085,1194895,6372570
299,000822,2017-09-20,0.03918228279386704,0.014480408858603022,0.23422496895469258,30419.0,255632.37452014582,2516,109634383,109050310,1286852,1241091,11703116,13617737,13373692,12781797,18159738,20635333,10247116,12735938,8702476,9678824,7646138,5726932,38515255,32632658
300,000823,2017-09-20,0.013121546961325947,0.007596685082872812,0.34067619513220565,24055.0,124898.48061301601,1809,59509004,47335148,1208085,759544,13287767,7184629,8272298,6240261,9680406,6714228,4857207,9081034,4327123,5861116,2724174,3230198,15151944,8264138
301,000825,2017-09-20,0.013618677042801508,0.013618677042801508,0.09654953838484114,18648.0,311880.9088386931,2845,92775485,166820084,1422296,2504523,8750317,15358658,9347733,16205469,10227111,19341059,6677192,10364699,3460738,4692846,3980935,7428457,48909163,90924373
302,000826,2017-09-20,0.009324667985306512,0.010454930771404358,0.754967269150226,42612.0,280743.5006071506,2197,117778188,168178726,606175,857590,10699001,12308030,11285182,12935164,18113480,25937953,12412014,16043087,9829865,12153276,7705028,10436027,47127443,77507599
303,000828,2017-09-20,0.0015860428231564416,0.003172085646312439,0.490886401731924,18840.0,93591.56155284884,659,20785391,13783183,448318,437298,3547225,2513619,2786051,2373310,4582352,3819232,2355555,2736745,2069686,1399379,2139473,0,2856731,503600
304,000829,2017-09-20,0.0009310986964619072,0.0027932960893854997,0.3447301644461861,10750.0,86730.90137078166,970,17692780,14960191,703503,1221190,3882988,4159067,2427633,2612011,3827685,3619692,1159781,1955184,723732,1393047,0,0,4967458,0
305,000830,2017-09-20,0.01853759011328515,0.01853759011328515,0.18904024501433822,32158.5,242888.73058385882,2642,126897538,143052611,1814422,1740915,10810382,10828544,16257001,12688891,28488692,17186674,13674379,15034694,10018852,9025403,12949132,10380052,32884678,66167438
306,000831,2017-09-20,0.0429371499688862,0.03733665214685766,0.2794920649958304,75878.0,436623.98869150545,3310,255775396,372101592,816615,857321,14042871,12366634,23191492,20976126,40131946,44166431,34074660,34044741,23066275,31461603,18001965,15685124,102449572,212543612
307,000833,2017-09-20,-0.0011614401858304202,-0.00464576074332157,0.23257874706422915,15426.0,120162.76378553605,1371,37471829,23192752,1280414,1308024,6697041,6041950,5876432,4551965,6574124,4845842,4003989,1996053,3128703,332128,1780329,499631,8130797,3617159
308,000835,2017-09-20,0.002024291497975561,0.0010121457489877805,0.32335338311990497,12792.0,57616.912805699794,933,15935374,11435910,778879,1294979,4010404,5081402,3529682,2651029,3517014,2192348,1152804,216152,319150,0,432971,0,2194470,0
309,000837,2017-09-20,0.010471204188481575,0.007853403141361293,0.26704055518626957,10780.0,85163.10667733963,818,14976322,13010661,878461,861238,3720826,2785744,3461929,2101051,3157574,2294403,1405419,668280,307600,1988405,437013,0,1607500,2311540
310,000839,2017-09-20,0.015254237288135464,0.023728813559321882,0.19800195009764052,231083.0,910539.1730628497,3557,800157735,1021680381,197727,137669,6103390,6064657,15582096,15903784,48881874,52334864,55446187,44311326,48771080,50718443,46037097,48715708,579138284,803493930
311,000848,2017-09-20,0.009513742071881603,-0.0010570824524314126,0.28037983714384074,11322.0,82537.95842027338,1138,23244874,18197050,1150135,1322206,5105318,4923062,2874733,3251281,5054238,2696650,3372682,1513120,1314857,0,1825695,1356937,2547216,3133794
312,000850,2017-09-20,0.0018382352941175295,0.0018382352941175295,0.2409580802348408,10860.0,73617.06435973801,509,9564995,8951779,257827,716873,1840659,1696779,1398530,1644949,2386463,1608796,2056173,443059,1081343,1249220,0,0,544000,1592103
313,000852,2017-09-20,0.021877205363443952,0.017642907551164377,0.27401208322691367,31317.0,158169.1545334361,2676,106626840,105812041,1449017,1503968,12793641,13161995,16693224,13859392,23681142,23271801,17763747,11043807,7886692,5879351,7188314,4954091,19171063,32137636
314,000856,2017-09-20,0.0991253644314869,0.09329446064139946,0.5089822384692279,68781.5,1639709.3843039277,2914,651854335,382915968,805891,840868,11213874,11622201,15475830,16559128,32297736,28184972,28001552,24409154,23376267,17950690,20044283,15610086,520638902,267738869
315,000858,2017-09-20,-0.006154387198874511,-0.007736943907156624,0.9988835043878505,84622.5,635835.366610863,3242,413651746,424627993,550296,493595,11860019,9037356,26500791,20163741,36861327,39138444,28548084,26939596,23139936,23733781,23052422,19908991,263138871,285212489
316,000860,2017-09-20,0.0,0.001489572989076482,0.5527430549202148,26325.0,121032.4747836422,1327,45765675,42593631,579248,732975,6214744,5995496,8397226,5770472,8535443,9153625,5348451,5714511,3564058,2311415,6112960,4880716,7013545,8034421
317,000861,2017-09-20,0.002590673575129543,0.002590673575129543,0.10588130665925757,11610.0,86401.47539431976,1333,24923303,23429270,1124336,1082716,5909356,5268271,4002177,4094129,4936893,5553241,996037,2825689,2754936,2531333,918040,918330,4281528,1155561
318,000863,2017-09-20,-0.00952380952380949,-0.008163265306122436,0.2683272658527269,9135.5,53982.56874435374,750,10740113,8064370,551834,762280,2994844,2498929,2133489,1929798,2696808,1121126,1016559,1023509,787516,0,0,0,559063,728728
319,000869,2017-09-20,0.06447963800904977,0.07211538461538458,0.7242238283428282,49270.0,294531.26727561286,2386,126217752,189180686,963411,782026,12206645,9440631,15376159,13254377,23562289,25125997,18247807,16815549,13168268,16601838,8000294,11272310,34692879,95887958
320,000875,2017-09-20,0.001984126984126977,-0.001984126984126977,0.19731127870309745,10080.0,150371.2230849595,652,16504828,8288941,547399,542274,2967078,1926398,2623553,1419685,2798208,1470484,1790498,591286,666792,300888,0,869696,5111300,1168230
321,000876,2017-09-20,-0.00669344042838016,-0.004016064257028051,0.1667477195792966,14840.0,291216.6131176819,2009,82999216,54061805,1465588,2013913,6615778,9613053,6892841,11246218,9850476,8609512,5455757,5720808,5906826,2710357,2249958,3087064,44561992,11060880
322,000877,2017-09-20,-0.010228166797797034,-0.011801730920535047,0.23173317093946394,31400.0,185227.74155435569,3010,137191364,100233932,1074530,1548412,13850219,17667999,19001622,17653776,25516718,25138433,17876384,11202281,11098758,10373124,3602442,3441116,45170691,13208791
323,000878,2017-09-20,0.03107734806629825,0.025552486187845336,0.25825305052635716,62436.0,264752.21355054714,3147,220795179,226104611,775783,878139,14428732,12943086,27984526,21944259,34299747,33495670,24628505,27560691,20106739,16368130,15976492,18044462,82594655,94870174
324,000880,2017-09-20,0.0008764241893075564,-0.00262927256792278,0.4568401622213128,11350.0,37893.244430533974,623,7953193,6467584,328885,585551,2346901,2645580,2709210,1931803,1397959,755944,862924,238260,307314,310446,0,0,0,0
325,000881,2017-09-20,-0.0036363636363635488,-0.001818181818181941,0.48665016812091183,6580.0,72792.11994288443,1149,19034381,9498399,596779,1711460,3722396,4642220,2563216,2140961,3597470,1003758,1002015,0,1641559,0,443627,0,5467319,0
326,000882,2017-09-20,0.008174386920980936,0.005449591280654031,0.11702087343944806,9882.0,126127.62541514849,985,18582691,19038348,923664,917266,4885121,3655449,2294234,2096321,3593983,3351277,2742249,2128351,1446144,683112,1409714,0,1287582,6206572
327,000883,2017-09-20,0.0,0.0039447731755424265,0.1606022827405948,5610.0,69496.24938643399,997,13107970,16568218,464865,755458,1635435,4244161,2166621,3692059,4310251,3317217,2192994,1960481,732530,361390,0,907478,1605274,1329974
328,000885,2017-09-20,0.004451038575667754,0.001978239366963619,0.406135985760042,28322.0,104122.71620143838,2479,79777338,73207179,932439,1323177,11829271,14301250,14611734,13686098,21869668,16811682,10273890,10635083,6087573,4519293,4864047,4711380,9308716,7219216
329,000886,2017-09-20,0.0,-0.005970149253731294,0.1814897751990212,24383.0,153271.8563081817,1365,48523015,35620431,982473,804392,8086802,5268372,6364065,5343599,7832500,6172996,5206700,3451475,5810141,4247673,4436044,2652066,9804290,7679858
330,000887,2017-09-20,0.0013934045517880467,-0.00510915002322343,0.5032980195999086,29939.0,279501.04758899193,1830,100604013,87720520,854762,912350,9429868,9204470,9914497,7094802,15671024,13009519,11576493,9573070,6099106,3737229,6984490,3904260,40073773,40284820
331,000888,2017-09-20,0.0008568980291345785,0.0008568980291345785,0.3618010830119764,21033.0,116351.77970062596,1040,36392870,19187320,765334,673055,4635981,4965922,6281605,2672294,4562491,4431363,3842140,1318959,5210546,1756677,1856236,981640,9238537,2387410
332,000890,2017-09-20,-0.004895960832313251,-0.012239902080783294,0.22659400763446946,12059.0,145250.23038531872,1301,34304960,16602554,1233481,1066356,6340900,5151762,3967895,3759741,3568842,3134365,2245339,2401278,1357988,643844,3066556,445208,12523959,0
333,000892,2017-09-20,0.0012391573729864103,0.0024783147459725985,0.32706845588249894,8039.0,57047.85152700498,608,8910987,7784722,393345,641064,1800758,2545912,1755635,1970059,1753419,2046786,985211,270206,663703,310695,869942,0,688974,0
334,000893,2017-09-20,0.03242147922998995,0.03647416413373872,0.19649571822205517,25907.5,136224.5698731925,2530,71614216,92685473,1641099,1574304,13401877,12394884,13357268,12010411,15789493,17522687,10438479,9863675,3844339,5128338,3080296,4961357,10061365,29229817
335,000895,2017-09-20,0.015066724063710568,0.01980198019801982,0.4710748938711888,23390.0,444223.3666335345,2434,115986525,146791689,1900224,1544701,12985705,9810060,11304579,10103459,17266383,11631068,12017769,9125813,4143524,4138843,6440520,4643036,49927821,95794709
336,000897,2017-09-20,-0.006637168141592764,-0.008849557522123686,0.1124469994884216,9812.0,157473.96588911733,1620,47017513,24914211,1491839,1665345,6865192,5239546,6104076,4167554,6199784,4696087,3278902,3340216,1717513,1851089,1342894,1745451,20017313,2208923
337,000898,2017-09-20,0.02690582959641241,0.02690582959641241,0.12668450908188467,20550.0,305156.4952710973,2794,90800923,166355911,1040473,2480580,8063412,14178536,8483924,13018009,12565684,25284555,11029991,15175868,7049540,11287825,5702385,8041483,36865514,76889055
338,000899,2017-09-20,0.002702702702702675,0.0013513513513512265,0.32967282645039536,12597.0,70836.72112533225,503,8001273,10140671,346577,648731,1768993,3205576,1259803,1816290,2034623,1258837,736957,1438782,697140,621371,0,0,1157180,1151084
339,000900,2017-09-20,0.004909983633387682,0.004909983633387682,0.17811237599406796,7344.0,70029.28253882652,1177,12504055,17309613,641241,2732896,2608119,4149899,1897589,2897936,1510052,1914421,467931,970164,1046960,2164002,2250521,459750,2081642,2020545
340,000901,2017-09-20,0.004126547455295837,0.005502063273727709,0.7559719068152609,23376.0,94448.20299486855,1479,40545907,38392524,1010235,949900,7739078,7482294,6615250,8279417,11297979,9357397,4531158,3414879,2133244,3220730,1330572,2236064,5888391,3451843
341,000902,2017-09-20,0.008105369807497542,0.007092198581560405,0.27294584781711645,9935.0,116061.58288071763,1308,30016515,32673184,1716936,1136577,4761278,4204060,5532632,3513647,6496998,6164164,3975251,4822582,2633291,3127692,1851973,2302152,3048156,7402310
342,000903,2017-09-20,0.0,0.0,0.1305469818081094,7935.5,73127.86764309024,978,16292267,12967066,839507,849432,4048108,3642156,2355124,2143216,2589274,3630872,1857863,688017,1456301,399024,0,461538,3146090,1152811
343,000905,2017-09-20,-0.024561403508771895,-0.01824561403508773,0.32580945033915565,20985.0,138003.84392946848,1913,63610898,47705655,1115734,1569130,9817129,9712090,8834716,8864864,14288044,9328544,8082434,4055976,4151747,4690847,3061245,1706046,14259849,7778158
344,000906,2017-09-20,0.01273885350318471,0.00849256900212314,0.3541201179253894,9450.0,67333.58817944898,707,9627411,12756124,483129,1309572,2261226,3255127,1558126,3267754,2011909,1887281,987719,2148704,374400,381167,456513,0,1494389,506519
345,000908,2017-09-20,-0.0013175230566534468,0.0,0.34364756853865636,9828.0,39890.88705478949,487,5841564,4692097,471976,386372,1786751,2949059,1036916,389290,1269024,354588,641377,267140,635520,345648,0,0,0,0
346,000909,2017-09-20,0.0029476787030213725,0.002210759027265974,0.4336458175983177,13620.0,57852.19844067539,979,16754401,12339738,761401,755029,5810988,4323751,4029505,3266876,2634287,2218563,904259,476919,736858,724880,817663,0,1059440,573720
347,000910,2017-09-20,-0.004649000464900133,-0.002324500232450011,0.6409290562760419,10765.0,72972.58119612242,1126,20308425,18217202,825063,1107522,3084003,5082950,6971516,3069684,2977923,4197631,1591019,3281407,1760060,343520,942203,430600,2156638,703888
348,000911,2017-09-20,0.004918032786885185,0.0057377049180327155,0.34267791882706966,13420.0,71280.03677463887,1267,25742481,22298599,862674,1326645,6534676,6069750,3834137,4051449,5207231,5079336,1394319,2682119,3886237,1055238,1751394,1408598,2271813,625464
349,000912,2017-09-20,0.006185567010309256,0.01030927835051565,0.19644740659941384,20391.0,84851.20965524191,2441,56228245,58017679,1867050,2041968,12817742,11591905,13045514,12684815,11729491,11850272,6855624,6711571,2686617,3144533,3514995,3096554,3711212,6896061
350,000913,2017-09-20,-0.011314655172413701,-0.020474137931034475,0.8456837507639378,16407.0,93855.99702796088,481,11208913,5756663,465680,397843,2757926,1939812,2422805,985290,1299618,1282228,1006294,228750,1084590,0,0,0,2172000,922740
351,000915,2017-09-20,-0.022368798394034828,-0.013478634929738997,0.8559354540642471,33875.0,166597.24017208346,1660,77025051,58365051,554042,791309,7937250,9045667,8258569,10940314,10945608,11418836,10217840,3757365,8668683,5305883,6147393,3442931,24295666,13662746
352,000917,2017-09-20,0.008249312557286892,0.008249312557286892,0.27249765093277845,15260.0,144809.26981019086,1603,46154188,41940819,1270389,764046,6977629,6443383,6417021,5884757,7114816,5913967,6443121,5983997,4735974,2353513,2179978,1378965,11015260,13218191
353,000918,2017-09-20,-0.012499999999999956,-0.009722222222222299,0.2009036747917716,14260.0,104169.93158319594,1285,34299471,18541734,1083745,1076838,6436443,6142975,6435456,3569568,6767094,2425976,3694066,1156309,1683225,998559,954185,1258642,7245257,1912867
354,000919,2017-09-20,0.006578947368421018,0.0028195488721804995,0.3684952475674337,17024.0,68507.04897414654,833,20080713,13054509,342715,608374,5209163,3463786,4354680,2744198,4748027,3290929,1935713,648780,1432265,681423,891541,488686,1166609,1128333
355,000920,2017-09-20,0.0,0.0,0.4985541394922851,12740.0,838851.3099008249,652,64628450,0,953040,0,5955950,0,5611970,0,6964129,0,1690598,0,2745470,0,940212,0,39767081,0
356,000921,2017-09-20,0.0022058823529411686,-0.0007352941176470562,0.31592101273802414,17719.0,82983.765396916,1854,43381356,33794694,1691257,1261563,10397202,8788902,9928815,7880310,8815116,6451087,5182092,3801512,2012725,1448346,2618409,1382422,2735740,2780552
357,000923,2017-09-20,0.036260220405261334,0.0383931745467474,0.6485110420324546,32032.0,244176.17497542826,1884,80206046,109070761,1177964,1016866,9435481,7821177,10712293,8345959,13097696,13622523,8562662,15256541,7734212,8555870,3016349,8525480,26469389,45926345
358,000925,2017-09-20,0.004645760743321903,0.005807200929152323,0.6826538225529433,13752.0,217970.7550240298,636,20815322,10845477,479445,631716,2494298,3348386,1792755,2025468,2056928,1790671,2045532,648146,1369908,1362109,1244890,423821,9331566,615160
359,000926,2017-09-20,0.0038699690402477227,0.004643962848297267,0.2706150441600953,20752.0,149562.12882281703,2282,60758820,91552043,939444,2695562,5863124,13224605,7529528,15734928,11535998,14412997,8856815,10058204,4363409,10000736,2165255,2612470,19505247,22812541
360,000929,2017-09-20,0.00823353293413187,0.006736526946107713,0.7355469490219511,6710.0,55285.6455576814,329,4426292,3485325,217000,447345,904671,1356522,557070,866030,929628,507628,523437,0,361260,307800,933226,0,0,0
361,000930,2017-09-20,0.010981468771448233,0.019903912148249825,0.24777648759208828,124441.0,522007.31641220226,3462,498216674,474750449,568050,463786,10953259,9018042,22162707,18611045,48238748,45300068,46851142,41418680,32385514,38911728,33296483,29330291,303760771,291696809
362,000931,2017-09-20,0.011795543905635641,0.010484927916120546,0.22987323498192105,14535.0,79157.52013089648,1102,18298783,19379102,1047565,969867,4914052,5893338,4010756,3342392,3346023,3221472,2750927,528270,1019710,1595269,448750,1335624,761000,2492870
363,000932,2017-09-20,0.005701254275940704,-0.0022805017103761926,0.15865205930012038,51801.0,346506.6889116366,3070,257249526,213255279,1607028,1248865,11862049,11624498,19420930,15286659,40860800,33650432,20947839,19222666,15405924,15788125,14674601,10625281,132470355,105808753
364,000933,2017-09-20,0.08500772797527056,0.06646058732612059,0.22639056647717848,79620.0,618417.1960770534,3272,322155604,430601915,877466,857753,11921439,10998444,18683820,24396290,38312843,38267980,31646555,32102304,27415975,26769712,23514972,16384885,169782534,280824547
365,000935,2017-09-20,-0.04351145038167936,-0.041984732824427384,0.44424805975435355,93312.0,400737.87426277436,3481,346574921,275140732,438418,478594,9568944,13363933,23774081,25704434,56994519,54946113,37894667,38642264,32232869,30047845,23068821,20620309,162602602,91337240
366,000936,2017-09-20,0.005457025920873049,0.004092769440654953,0.2396799662092447,7330.0,81373.54360775102,935,13723279,12839764,576809,1015495,2944968,3803312,2409437,2729692,2625312,2266103,219000,705395,1042155,1748631,895232,0,3010366,571136
367,000937,2017-09-20,0.01865136298421799,0.017216642754662947,0.13825241332910332,18187.0,183947.38319176927,2546,67216382,112618982,1144385,2310254,8161567,14610092,7311164,13268356,11389522,14997077,7336953,9912946,7634299,6112928,2714734,6629454,21523758,44777875
368,000938,2017-09-20,0.05485232067510548,0.06012658227848089,1.0716405727338403,70524.0,328368.96455426514,2818,183835221,301323992,702744,620730,10435052,10565213,15742961,19369629,29999665,33075522,27259492,23654499,16305841,27884010,12143194,22902101,71246272,163252288
369,000939,2017-09-20,0.005434782608695787,0.010869565217391353,0.12260562015597176,21840.0,152432.85820041219,2039,62765663,63203261,1115228,1508796,11110885,8619811,11009411,8155933,11770910,9510742,9215200,9337993,5574874,4554732,2487159,4414784,10481996,17100470
370,000948,2017-09-20,0.028029678483099785,0.028029678483099785,0.30724808044336893,6110.0,64362.1505450051,1559,13256229,27157722,735204,2472232,4299956,6079596,2304913,4477309,2461366,6285725,1127789,2695543,707020,979860,0,1385922,1619981,2781535
371,000949,2017-09-20,0.004357298474945592,0.002178649237472685,0.1893859543183333,8226.0,87401.50091384206,587,9227971,8763141,454494,670992,2281421,2138384,1487637,1127528,2311740,2014073,0,1374495,0,0,0,459999,2692679,977670
372,000951,2017-09-20,0.0016741071428569843,0.006138392857142794,0.413270996839637,10722.0,65441.15407867356,1881,29227276,29252968,1576203,2385698,7590116,7715891,5233164,6243739,6223728,5378756,3877066,2766127,1751752,1837746,1303021,854066,1672226,2070945
373,000952,2017-09-20,0.010037641154328814,0.008782936010037545,0.4564338049097693,19248.0,115578.48946310033,1219,32544009,39426029,1121085,999582,6317580,5384907,5674766,5657609,7427207,8065033,3137944,2772183,3762109,6742881,2891443,2702553,2211875,7101281
374,000955,2017-09-20,0.00454545454545463,0.01060606060606073,0.25437741102045575,13240.0,126011.31795497696,673,15017028,16919713,558691,708539,2884006,2929820,3898662,1489339,2989711,3060204,2436407,2250266,1291342,1035766,958209,470400,0,4975379
375,000957,2017-09-20,0.04679972470750182,0.04955264969029605,0.24539626429716063,143152.0,593952.8228198062,3523,462803306,524190912,396575,301400,8785194,8806547,21844583,21696690,43368178,49823723,51306950,50986380,41270135,44154796,36769147,34055271,259062544,314366105
376,000958,2017-09-20,0.017587939698492372,0.011306532663316604,0.1631919420747151,24150.0,138921.03345025118,2382,71805967,96206273,1585744,1925418,11287912,12248181,11392444,12697111,11829689,17301976,10849943,13586307,6035679,8875422,5552713,5158646,13271843,24413212
377,000959,2017-09-20,-0.008391608391608463,-0.008391608391608463,0.15017524654056438,11900.0,104254.10525061413,2271,53243956,34562457,2365801,1896783,11012975,9727750,6652299,5700681,7346435,6611094,4177605,3503014,5748498,2373936,2580800,2157509,13359543,2591690
378,000960,2017-09-20,0.07089297886843915,0.05521472392638049,0.26112364765659635,76925.0,513769.0774571764,3160,282181268,374715386,769142,893176,11759705,11905602,22462047,19166094,35590795,34506277,31279525,30918259,25932582,32953072,18354406,31433439,136033066,212939467
379,000961,2017-09-20,-0.03248587570621475,-0.029661016949152574,0.13854267828608702,34650.0,298686.54438866064,2619,203711736,111373083,1206971,1510642,12120262,11466747,14319970,15806897,21703792,18467234,13316494,15567170,13119023,10721252,8054178,6608484,119871046,31224657
380,000962,2017-09-20,0.1044921875,0.1044921875,0.21339858123122146,33930.0,414599.9204806741,2306,187513155,117307741,1165454,813405,13685298,8512979,15021257,8216125,21164894,16305169,12298585,12934597,11718614,7109536,9225846,4415913,103233207,59000017
381,000963,2017-09-20,-0.00877756369085858,-0.009633911368015502,1.1535583945868482,27756.0,192674.42630163574,1639,77457742,58942828,1424757,1690982,6207035,7804533,15181822,7670113,8796746,9670324,6636359,7783258,4464963,4339911,6845438,4085347,27900622,15898360
382,000965,2017-09-20,0.007936507936507908,0.005291005291005346,0.19370134962361293,17549.0,223229.3762078773,1525,54261811,35161664,1206868,1338835,8559085,6257852,8114115,5742728,8350830,7118737,4716529,5032294,3212782,2550668,1730208,452288,18371394,6668262
383,000966,2017-09-20,0.0020661157024792765,0.0020661157024792765,0.18489594858020714,9660.0,75105.41315707224,685,12722380,7859607,826786,605714,3379948,2287419,1442991,1155856,2742437,1548193,777617,922487,634662,709438,484000,0,2433939,630500
384,000967,2017-09-20,-0.014042126379137487,-0.014042126379137487,0.30535565606478515,13734.0,108804.11586120781,1066,26838895,15347802,1008161,1848742,4882036,5073395,4251801,3809747,5135315,3255314,3452105,0,1634295,1360604,0,0,6475182,0
385,000968,2017-09-20,-0.01979565772669223,-0.02171136653895278,0.4697603252840899,18384.0,111065.5896626517,1112,27768632,20558211,814150,906349,6273863,6893036,4598652,3412085,4437362,2909699,2149376,1435337,2021168,665481,1732202,0,5741859,4336224
386,000969,2017-09-20,0.0035874439461882623,0.0035874439461882623,0.23657078521957786,27060.0,159661.5063119309,2224,86528779,86988800,1091671,1078254,13081676,8824129,12790194,9780174,16418827,17992064,10486467,8771215,6905954,8754031,3705304,8040962,22048686,23747971
387,000970,2017-09-20,0.04776739356178594,0.04049844236760114,0.3238532377722616,202359.5,1008609.4193658115,3542,737558202,845239073,243613,328043,6137349,7281646,18002896,15423686,48723893,47490057,45680377,48052534,48383112,39639694,45713617,48673127,524673345,638350286
388,000971,2017-09-20,0.0030284675953966556,-0.0012113870381589287,0.6250036105855048,9906.0,77557.60352262187,697,14074866,9245210,576185,1004331,1755473,4053531,2149259,1821665,2627787,1183272,1852435,449811,1770012,315150,407550,417450,2936165,0
389,000972,2017-09-20,0.004728132387706863,0.0023640661938533203,0.2372721442470019,8904.0,58989.509518454695,317,5855233,3736490,321422,296879,1267489,1318451,829176,842791,755519,839029,1095846,439340,738935,0,846846,0,0,0
