,code,date,pchange_whole,pchange,change_std,amount_median,amount_std,length,sumsell,sumbuy,sell_vol_0,buy_vol_0,sell_vol_1,buy_vol_1,sell_vol_2,buy_vol_2,sell_vol_3,buy_vol_3,sell_vol_4,buy_vol_4,sell_vol_5,buy_vol_5,sell_vol_6,buy_vol_6,sell_vol_7,buy_vol_7
0,000001,2018-03-05,-0.005867560771165126,-0.005867560771165126,0.2073687389232465,74970.0,516627.8457747555,3313,337378201,335374994,1046665,888942,10894058,12685959,23880422,21600757,42443862,37361629,38134687,29402276,31926151,24822584,22982301,14910529,166070055,193702318
1,000002,2018-03-05,-0.009541397353031722,-0.007694675284703023,0.5504196769270548,106920.0,594025.9344063341,3485,458221118,492436247,672322,775505,10505704,11188386,22287249,22609242,40432301,44364320,37793367,31142189,35927811,34830031,27142367,28493098,283459997,319033476
2,000004,2018-03-05,-0.018352941176470572,-0.015529411764705792,1.219290523623269,10460.0,32108.22096032049,303,3455096,2114381,257661,320808,1801082,874126,615700,318686,264318,391361,516335,209400,0,0,0,0,0,0
3,000005,2018-03-05,-0.00520833333333337,-0.00520833333333337,0.1795439709929873,6096.0,36465.1022264896,457,5467191,2893990,566550,360570,1757671,1168229,1410284,372111,853486,780375,228600,212705,650600,0,0,0,0,0
4,000008,2018-03-05,-0.006578947368421018,-0.010526315789473717,0.1869896995841607,6008.0,111964.5527303773,1653,33280105,18059313,5441964,779978,2869360,2943203,1745477,1449918,2515119,1310663,2282955,984819,1637186,1003200,2621084,925964,14166960,8661568
5,000009,2018-03-05,-0.00666666666666671,-0.00666666666666671,0.15711585058416333,11940.0,131281.607495449,1460,35135976,25330781,1528336,1066744,7317594,5696400,4147709,4600396,5371017,3708191,2697405,2685226,1467984,3047876,1798890,864888,10807041,3661060
6,000010,2018-03-05,-0.017021276595744705,-0.008510638297872353,0.12669289508152162,9807.0,69875.64478209396,1379,24768365,19591538,1268994,1411449,5867069,4778097,4618778,4411952,4661511,3482535,2931050,1912216,1648962,1088098,1333698,0,2438303,2507191
7,000011,2018-03-05,0.0,0.009554140127388644,0.4280399158602191,11091.5,53870.8011181769,1346,20947360,16307889,1591072,937143,6852933,4703940,5239256,2968237,4071302,3299231,1505759,1384887,981466,1827531,0,0,705572,1186920
8,000012,2018-03-05,-0.0025220680958385477,0.0012610340479193294,0.2260349186870908,7950.0,73679.60907229039,1231,20310251,14889631,1115972,1297525,4033155,4782118,3396158,3201520,3379186,2819548,1008242,217056,696110,1453502,1810813,442456,4870615,675906
9,000014,2018-03-05,0.012287334593572785,0.020793950850661602,0.32022105319226796,11858.0,60590.667545499724,1093,19157584,14873827,886871,1018729,5137918,5055982,4511020,2971672,4296364,2592420,2101187,696542,1340165,332770,884059,0,0,2205712
10,000016,2018-03-05,-0.001686340640809414,-0.001686340640809414,0.20351250204522833,7140.0,109710.08678464477,849,22149877,12509184,619526,1053649,2285635,2730967,2117720,2414058,2437592,2431198,5560477,1259458,1472704,636154,885100,0,6771123,1983700
11,000017,2018-03-05,-0.009225092250922495,-0.005535055350553542,0.24523394237382068,5400.0,33928.34770735878,488,4348171,3124047,369164,463868,1713168,1355847,1095699,801316,331160,503016,0,0,0,0,838980,0,0,0
12,000018,2018-03-05,-0.0017301038062285112,-0.0034602076124568004,0.17093991143937357,6341.0,63384.65101594698,1144,16583070,11745284,953864,860600,4384932,4034168,2779854,2794522,2427368,2181009,1796435,1422673,1038391,0,0,452312,3202226,0
13,000020,2018-03-05,0.013066871637202215,0.023827824750192184,0.33102736327954685,13140.0,121325.53795825917,1551,30713033,32666731,1040790,1438150,5649655,8060761,5060118,4550727,5761216,7568823,2844825,3021051,648932,1122950,883897,459550,8823600,6444719
14,000021,2018-03-05,0.012471655328798015,0.007936507936507908,0.1774689985784245,21287.0,175397.39156625778,2473,79164383,89449338,1718556,1942154,10621061,11478619,11994895,14358209,16622682,13330075,10793258,8971391,7173915,6271804,4070923,6712366,16169093,26384720
15,000023,2018-03-05,0.014444444444444482,0.011666666666666714,0.4502328183358161,9235.0,82759.28438859002,1605,27530777,27778275,1871815,1113746,5367492,6553841,4267837,5114886,7767436,5619744,1439747,4036745,2233390,378547,1294498,844280,3288562,4116486
16,000025,2018-03-05,-0.05927835051546382,-0.010051546391752542,0.7550118512810496,42042.0,351781.1459637456,2653,163980569,160302807,1054506,1275092,10533076,12657551,14113379,15848924,22336688,21960053,15313518,14466664,18302437,11002378,8355894,10788235,73971071,72303910
17,000026,2018-03-05,-0.004873294346978474,-0.0029239766081871066,0.602535528504234,7182.0,37715.81169886524,289,3812500,1749798,361286,198486,1132141,932869,800522,351203,662953,267240,487082,0,368516,0,0,0,0,0
18,000027,2018-03-05,0.005291005291005346,0.007054673721340388,0.18217766772898267,4536.0,53617.25197354804,969,9048837,11924629,728936,961514,1854542,2245824,1894024,2357999,1418227,3560909,1360205,743423,1792903,1042062,0,457600,0,555298
19,000028,2018-03-05,-0.0038474991255683655,-0.01521511017838395,2.084469736268957,5720.0,63482.763670265624,752,12789946,4656837,1471016,470970,3837782,1751039,1544428,677562,1610675,708546,1251611,281650,1075814,0,450400,0,1548220,767070
20,000030,2018-03-05,0.007978723404255428,0.007978723404255428,0.20605991329013892,2274.0,24952.392619453753,1333,6386098,7630292,1231863,1196043,2272320,4193460,774011,1391508,1187799,341792,542605,507489,377500,0,0,0,0,0
21,000032,2018-03-05,0.008423586040914532,0.010830324909747224,0.2882189845623119,9207.0,49390.00826860906,832,11905399,7975114,683842,933734,3618212,3119766,2548035,1798733,2433664,1222132,942686,241766,1039984,0,0,0,638976,658983
22,000036,2018-03-05,-0.017429193899782147,-0.0010893246187363426,0.2724482133444249,14624.0,106172.76107898855,1135,34198879,20614345,1337578,1158474,5625095,4431252,5656596,3084129,5980144,3981156,3785095,3687165,1957322,1860648,1745766,914263,8111283,1497258
23,000037,2018-03-05,-0.004950495049504844,0.0,0.25010334661459943,2670.0,29967.117900576464,587,5126549,2637288,520594,285435,1800613,1109523,1665632,226967,927910,438490,211800,576873,0,0,0,0,0,0
24,000039,2018-03-05,-0.009693053311793154,-0.009693053311793154,0.3815214404039047,14944.0,113427.88104494341,2371,65959973,42356284,2171742,2079844,10586330,9685439,10642546,9553051,11119682,8500993,8790197,2682244,3180415,2821419,1854455,2786154,17614606,4247140
25,000040,2018-03-05,0.02184466019417486,0.01941747572815533,0.296316181147406,4876.0,63169.09288109493,1743,11203826,16238616,1001045,3343666,2875117,3162485,1568269,4474044,2761270,1611315,1466316,664756,366000,380520,403820,0,761989,2601830
26,000042,2018-03-05,0.010645375914837052,0.0139720558882237,0.8412763100996291,6248.0,44367.59283375329,319,3302658,3257339,630797,165088,1211061,1280896,761224,385857,109550,428407,286750,539891,303276,0,0,457200,0,0
27,000043,2018-03-05,-0.021668472372697867,-0.023835319609967542,0.36792815241345006,9140.0,79331.80411159572,629,16763917,3247090,471317,385071,3202882,1463589,1126213,501272,3312970,375298,3636139,521860,684477,0,1823166,0,2506753,0
28,000045,2018-03-05,0.0,0.0037174721189590088,0.25107457142188305,4077.5,37460.17212598585,1034,9643721,7959949,775052,1833439,3361561,2772438,2356723,1512314,1296098,786298,297344,648914,344250,0,1212693,406546,0,0
29,000048,2018-03-05,-0.005248284214775856,-0.006863140896245401,1.0627223847971525,12470.0,42280.825146503215,543,8142363,6050117,474455,597575,2918531,2592696,1804705,1711767,1682748,599591,429540,548488,395200,0,437184,0,0,0
30,000049,2018-03-05,-0.005359661495063617,-0.0014104372355431272,0.9887389988999202,17685.0,108641.48008568515,1285,31405325,23505982,1115534,747424,6567382,6889158,6222962,4787722,6694484,3734664,2215080,1742717,2626945,3172675,459030,959646,5503908,1471976
31,000050,2018-03-05,-0.0022766078542970636,0.0017074558907228532,0.33146130552686964,31716.0,205353.9157403766,2811,144340245,129902194,2628673,851891,13776187,9519038,15820886,14924552,27193286,20626085,14326603,11536333,12607694,16154580,7889702,10095938,50097214,46193777
32,000055,2018-03-05,0.004819277108433662,-0.006024096385542244,0.16628249430465333,23072.0,126618.10792315507,2495,80644306,66840541,1941044,1606302,14177565,11109945,13226859,11653910,19248344,12423317,9998588,7239959,4545388,4819107,4583243,3978007,12923275,14009994
33,000058,2018-03-05,-0.0046224961479198745,-0.007704160246533087,0.24182924926995314,7409.5,44400.0154518283,720,10593231,4850789,742964,878262,2626107,2181188,2136291,923421,2536873,574254,1044907,293664,1092009,0,414080,0,0,0
34,000059,2018-03-05,-0.010482180293501009,-0.009433962264150941,0.26062189737339825,19060.0,155443.4699659331,1340,44553188,30491657,934190,1214564,6847737,6974793,6382316,5416672,7746430,5812085,3101752,3542372,3933012,3284136,3587192,0,12020559,4247035
35,000060,2018-03-05,-0.012935323383084674,-0.003980099502487677,0.2018008461408938,18054.0,149734.51090181907,2482,87155989,71376264,1155990,2124717,9706561,10732706,10865059,9556540,13684014,12473963,8045827,7999420,9413025,3344849,6324050,4938816,27961463,20205253
36,000061,2018-03-05,0.004511278195488577,0.0,0.2518125201715239,6650.0,38520.409977821044,697,7699982,6290245,1027008,514882,1934762,1828170,1866748,1673651,1894415,1436934,645049,502108,332000,334500,0,0,0,0
37,000062,2018-03-05,0.01160443995963667,0.009586276488395606,0.6403211826387945,9995.0,36777.214126565435,958,8567448,10043877,719999,1276045,3188670,5083124,2215949,1232231,1333937,1013571,508893,1438906,0,0,0,0,600000,0
38,000063,2018-03-05,0.011006289308175932,0.005660377358490454,0.5432574667309036,105534.0,681924.5975980847,3427,563958330,563757059,966920,772393,11140004,10283013,21202364,20278082,35026173,38328446,31625617,42391548,31456245,26009242,31386480,23822546,401154527,401871789
39,000065,2018-03-05,-0.0038885288399223006,-0.004536616979909258,0.4726992412070324,4614.0,33798.68413122154,1065,7447937,7887191,648499,1840245,2613774,2966255,1743584,1911620,1251590,705871,0,0,622540,0,0,463200,567950,0
40,000066,2018-03-05,0.04245973645680823,0.04685212298682284,0.12636073439400122,37800.0,246182.4972075423,2929,152870386,185583423,1640518,1312473,13590817,11895978,16399294,15205406,30453910,24493348,19388708,22192234,13590217,19449101,8519225,10704643,49287697,80330240
41,000068,2018-03-05,0.008620689655172376,-0.004310344827586077,0.19166228168448646,2290.0,38776.1499396062,586,4236540,3501006,289466,668376,1617178,1771531,546969,532393,244854,528706,260253,0,627460,0,0,0,650360,0
42,000069,2018-03-05,0.010701545778834642,0.009512485136742077,0.15451996601162477,24563.0,211216.94916966913,2968,127285256,139902604,1099570,2050120,14363395,11517199,14150253,12981053,13369655,26564668,15041560,16871907,15276657,8080437,9689996,16709871,44294170,45127349
43,000070,2018-03-05,0.005482456140351033,0.002192982456140413,0.2944496799408205,9070.0,35941.62206911098,959,9279018,9704638,864213,1273430,3973267,3286651,2325420,2395108,953356,1488086,1162762,410187,0,396676,0,454500,0,0
44,000078,2018-03-05,0.0071428571428571175,0.005357142857142838,0.12839675061186742,4496.0,47886.34690738051,1907,14703548,19759713,1144666,2871004,2942568,8643585,4265509,3308442,2045171,2272474,1563832,688641,714993,669407,0,0,2026809,1306160
45,000088,2018-03-05,-0.028535980148883477,-0.026054590570719682,0.2291371116922157,14886.5,106387.92644332224,1238,26738116,24616600,1179843,925161,5924407,5468245,5132401,3681542,6629654,4138676,2407002,3261104,2069154,1739595,891772,1333649,2503883,4068628
46,000089,2018-03-05,0.013986013986013957,0.004662004662004504,0.3149022423484898,9454.5,94235.31724373724,742,16476589,11584735,824884,491855,2890329,3200299,2445050,1510241,1861198,3301591,2415896,240800,658512,1300020,4032705,0,1348015,1539929
47,000090,2018-03-05,0.0020429009193054792,0.008171603677221695,0.26776567650482686,9880.0,81226.93014038248,1337,25635713,25012016,1048324,1608719,5702594,4464833,5180133,3194408,4000503,5256559,4608587,3116039,1063903,1685017,2203254,2866445,1828415,2819996
48,000096,2018-03-05,0.005939123979213035,-0.0014847809948033142,1.0068328187105957,4020.0,23827.750354083568,178,1369035,755699,187667,151611,464151,436063,270771,67150,446446,100875,0,0,0,0,0,0,0,0
49,000099,2018-03-05,0.014669926650366927,0.009779951100244544,0.25352739083588405,3308.0,39418.07866565612,1041,6187904,10300136,703496,1594206,2479314,2896900,1335224,1895540,497067,1884745,723169,486684,0,1039688,449634,0,0,502373
50,000100,2018-03-05,-0.013698630136986245,-0.013698630136986245,0.0665783960700956,34272.0,401779.44199797674,3033,212973744,199306856,1235818,1965395,8613938,15348843,19712651,22058855,18514979,21873883,11037206,16384137,7769933,12372838,6701966,10720805,139387253,98582100
51,000150,2018-03-05,-0.007218975592987342,-0.009281540048126535,1.932354028178713,8671.5,34561.82369742287,226,3347900,896542,459903,182139,987873,518019,433441,51984,1194929,144400,271754,0,0,0,0,0,0,0
52,000151,2018-03-05,0.009560229445506607,0.008604206500955947,0.3751160327379481,8448.0,40468.46115156714,777,7679337,10029074,433304,1055502,2079317,3157618,2597327,1475964,1546375,2865126,707114,1136724,315900,338140,0,0,0,0
53,000153,2018-03-05,0.0027063599458727605,0.0013531799729364913,0.3723833614461776,5180.0,27451.430127131538,393,2574741,2483259,163059,1131871,671909,856226,662554,281132,540196,214030,537023,0,0,0,0,0,0,0
54,000155,2018-03-05,0.007610350076103556,0.019786910197869156,0.12869248157694682,36294.0,307242.74131612625,2614,128168383,150222336,1222480,1692414,9971738,10836419,14791331,15056942,21637162,24310063,17948032,20912923,13105154,13335894,9569485,8666092,39923001,55411589
55,000157,2018-03-05,0.0023529411764704466,0.0023529411764704466,0.09816530896888902,3825.0,64985.04047594171,1882,25141005,17122606,1423779,1577937,5943307,4566649,5377817,3798793,4209985,4000384,1208150,1487593,335750,317796,1322750,1373454,5319467,0
56,000158,2018-03-05,0.024421593830334043,0.02185089974293053,0.21755337535963698,12800.0,68667.94272222574,1280,16881541,21180846,1268958,990661,4480719,7378575,4830678,4039012,2554497,3794064,1313989,1579603,649078,1790932,0,0,1783622,1607999
57,000159,2018-03-05,-0.0022172949002217113,-0.0044345898004433115,0.23025393328718122,4490.0,35154.400592078026,383,4177619,2209868,650451,303250,928692,1158834,853036,245620,986718,245336,758722,256828,0,0,0,0,0,0
58,000166,2018-03-05,0.00401606425702794,0.002008032128514081,0.14061476453795724,8483.0,157951.61838855146,1256,26413857,20722012,1040290,1648917,3963691,4989152,3459376,2671464,4812176,2721041,1906589,1823380,1378676,300897,0,1369256,9853059,5197905
59,000301,2018-03-05,-0.012232415902140636,-0.00917431192660545,0.15150045679376414,22715.0,131226.5337185787,1867,67438076,47187662,1513452,1200165,9385986,8331235,11190643,7629795,13345889,9183684,8220906,8602566,6509823,4255812,4886584,1865768,12384793,6118637
60,000333,2018-03-05,-0.0016039921582604588,-0.007128854036713594,0.9551580851840802,111620.0,495153.4660719302,3454,469835058,404413586,343991,226974,10851319,8610273,22001775,19627284,51292906,45941456,40661126,31693812,38548799,30766023,34194593,29956753,271940549,237591011
61,000338,2018-03-05,-0.016786570743405393,-0.014388489208633004,0.14888058637994153,32214.0,233899.52882817277,3144,145560692,121420787,1829705,2184576,15414151,14631718,24365558,16570980,20462202,23885992,11983249,11304580,7584508,7300528,8484274,8611020,55437045,36931393
62,000400,2018-03-05,0.0025929127052721768,0.006914433880726101,0.2650437817550428,9240.0,64222.983164584366,1907,25838960,26345232,2357036,1983479,6719124,8944365,4595715,3420966,4393167,3669992,943644,3825159,2727716,367720,2183412,1402879,1919146,2730672
63,000401,2018-03-05,-0.010064701653486718,-0.014378145219266614,0.26305929951776097,42625.0,260448.5949926188,2799,198725337,126903229,1318877,1179078,11890978,12709505,18989138,16752649,28243516,22890353,22246375,18332417,12751034,10198281,9798880,7129254,93486539,37711692
64,000402,2018-03-05,0.0038722168441431837,0.0009680542110357404,0.23392446615015716,8280.0,104823.66144888781,1951,42224963,27211979,3129657,924894,7963121,5663515,7953548,2760671,6112686,3966715,4007573,2888809,2020390,1437916,885780,1302850,10152208,8266609
65,000403,2018-03-05,-0.01460338533023553,-0.014271490209093907,1.58643586381549,20856.5,56004.157516518295,360,7992584,5677731,135805,300535,1286821,2233602,2049671,1649962,2519431,1044672,1289006,448960,303850,0,408000,0,0,0
66,000404,2018-03-05,0.005597014925373012,0.0,0.27759803989574566,5350.0,62657.105323072516,372,5200929,3105898,513768,199947,987688,767190,676678,811758,814287,735741,205671,268462,367392,322800,913210,0,722235,0
67,000407,2018-03-05,-0.026711185308848084,-0.02003338898163609,0.20034019614259113,5890.0,53905.609987566866,894,11965042,9850517,505386,1177195,2534549,2703989,2754868,2506766,2357688,2456360,1138705,1006207,1281508,0,0,0,1392338,0
68,000408,2018-03-05,0.001201201201201485,0.003603603603603789,0.5845105068421024,18491.0,185179.75232873583,811,21514420,30828464,591775,480169,3748453,3965431,3832379,3978171,5436124,3500899,2236474,1856699,2357303,1066204,0,857436,3311912,15123455
69,000409,2018-03-05,-0.01590106007067138,-0.017667844522968323,0.2127534604177402,6708.0,58911.07784237039,708,12481924,5806826,538059,840004,2427921,2054224,2152532,1189629,3430762,660884,2682356,202720,679200,0,0,0,571094,859365
70,000410,2018-03-05,0.0156895127993395,-0.004954582989264988,0.20735904757019633,85072.5,1717737.0281878866,3430,553399219,723270154,679129,1189361,10318602,14721719,15108170,19549647,31697286,38881811,30083024,35297529,27654125,31097851,23471010,30129670,414387873,552402566
71,000411,2018-03-05,0.05928085519922277,0.03304178814382919,1.0823632151930593,21000.0,121038.85219587319,361,3775501,11486203,149669,208609,1073461,2074923,1069380,2258762,1019738,2905523,463253,822441,0,674985,0,440960,0,2100000
72,000413,2018-03-05,0.001223990208078396,0.0,0.16064148459519764,18848.5,129838.6750446855,2590,84855346,70132504,1819656,2111277,11168319,12364120,11665568,12275570,14954679,13097075,5577825,8424605,5840323,3749632,7818021,4094688,26010955,14015537
73,000416,2018-03-05,0.0053956834532373765,0.014388489208633004,0.21182266668111274,8430.0,30742.753723855716,689,6153940,6757295,620384,793070,2492962,2703950,1272588,1734749,1282507,1090476,485499,435050,0,0,0,0,0,0
74,000417,2018-03-05,0.003896103896103842,0.0012987012987013546,0.21702593317143978,5362.0,21901.2746817634,1260,6464370,5925985,2369134,1618995,1352004,2348042,1377983,1391850,757083,296410,289926,270688,318240,0,0,0,0,0
75,000418,2018-03-05,-0.036928915486790226,-0.032987884980294924,1.554372751850556,26988.0,87368.26842248318,1946,49319825,52184245,978216,1575925,8872123,11911509,12506978,12205264,10979366,11836866,5442283,5406748,2847129,2973835,2243774,1384148,5449956,4889950
76,000419,2018-03-05,0.0,-0.00545454545454549,0.3264336275708355,12034.0,64882.80367060982,283,6921718,3323914,215719,271537,1389564,992031,1383201,510796,780792,987570,2059442,239250,654600,322730,438400,0,0,0
77,000420,2018-03-05,-0.0033333333333332993,-0.0033333333333332993,0.1571111044343388,3893.5,40920.84119723441,364,3972540,2463334,325515,326008,1353015,663941,720415,588895,848823,537990,0,0,724772,346500,0,0,0,0
78,000421,2018-03-05,0.020560747663551426,0.016822429906542258,0.16394465162925084,4272.0,35518.56584255351,1067,8505448,8255090,1061289,1089418,2586881,2060960,1947471,2162418,1493936,1322440,1095005,910078,320866,709776,0,0,0,0
79,000422,2018-03-05,0.0714285714285714,0.0714285714285714,0.08487345750861175,16905.0,266699.5952738744,1445,96785841,33579185,2027209,94408,9254859,1768725,7617543,3543741,10098147,5048396,6670983,2514565,6170853,1711491,7499741,927645,47446506,17970214
80,000423,2018-03-05,0.006331222925691327,0.0014995001666111563,1.0488291579350084,17985.0,121876.06070077865,3276,104320764,63242847,872036,270290,34406689,7877507,12767461,8633620,15357407,8846365,7383135,4958852,5238912,10693486,8281596,10499117,20013528,11463610
81,000425,2018-03-05,0.004750593824228044,-0.0071258907363420665,0.07845707978026907,13827.0,189481.101773767,2896,96218592,98490329,2408397,2110506,12555417,11077952,10169627,11436746,13842392,13628072,9569827,11151869,7651651,3773212,4951415,6924172,35069866,38387800
82,000426,2018-03-05,0.007421150278293043,0.002782931354360141,0.2085122138800351,17296.0,141011.58052295572,2677,77732794,73944444,1241587,2411251,11488597,13677292,8495886,11106549,10742493,14793060,14012550,7219441,7047419,9717031,5286053,4478406,19418209,10541414
83,000428,2018-03-05,-0.0052631578947368585,-0.010526315789473717,0.2501471929633591,6220.5,42248.75695649268,230,3110077,1660937,302513,132618,677346,497095,423812,276776,934752,754448,771654,0,0,0,0,0,0,0
84,000429,2018-03-05,-0.005069708491761693,-0.005069708491761693,0.2520078956852611,3940.0,33361.36484716844,980,6580418,6339751,886481,1383625,1776757,2263640,1268381,1719378,937751,469674,281746,503434,1429302,0,0,0,0,0
85,000430,2018-03-05,-0.007453416149068359,-0.008695652173913104,0.4175340091930636,4794.0,37285.36149962343,371,3955653,2587849,326059,383802,1319602,848715,500028,196317,1250744,1159015,207220,0,352000,0,0,0,0,0
86,000488,2018-03-05,-0.0359085963003265,-0.030467899891186034,0.3410449738836754,45038.0,284815.5680920866,2906,206857948,143687412,1298170,1332253,13156337,12728362,20338417,15947695,26519527,28197823,20103907,15087740,17555781,12023322,13039448,10507250,94846361,47862967
87,000498,2018-03-05,-0.0015313935681471325,-0.004594180704441064,0.21870905130729085,1962.0,35817.52769656703,891,8729678,4623921,1141696,279178,3119723,1030595,1574208,1133012,1522694,1121467,716806,1059669,654551,0,0,0,0,0
88,000501,2018-03-05,-0.0018656716417908559,-0.004975124378109319,0.40448050186140416,8010.0,50023.103447860594,1581,19973302,10908339,3940353,1350018,4237833,4601168,2945201,1214039,3813091,2060932,1274100,469080,1576290,324614,813379,0,1373055,888488
89,000502,2018-03-05,0.024193548387096975,0.018433179723502224,0.4115784721418535,6170.0,70529.91308877886,444,2434794,7751765,326126,687547,1084142,1945021,416438,1375893,608088,958304,0,507048,0,0,0,0,0,2277952
90,000504,2018-03-05,-0.0147117296222663,-0.021868787276341783,1.1024335238717176,24710.0,188981.9936438339,520,30685761,7742562,418327,368641,2409752,2113833,3567847,1527365,7112980,1002537,4670820,458920,1054517,384846,1828091,1354844,9623427,531576
91,000505,2018-03-05,0.006142506142505999,0.006142506142505999,0.26661108358057206,13136.0,44943.14001545562,932,13997822,13511812,789598,942956,4829624,3831644,3869487,3429038,2389591,3946222,968328,1361952,624379,0,0,0,526815,0
92,000507,2018-03-05,-0.008602150537634468,-0.005376344086021612,0.19193024962171654,23325.0,157495.09411544097,2351,80517568,92662047,1783722,1830427,10766944,9911038,12413921,10643803,17779972,14692791,8324925,11123916,9186511,9995438,4429468,4639042,15832105,29825592
93,000510,2018-03-05,0.0014084507042253502,-0.00422535211267594,0.3555500720943803,7788.0,29718.02979347292,398,4623098,2824151,474012,493728,1598471,1147172,1526429,860956,786336,109895,237850,212400,0,0,0,0,0,0
94,000513,2018-03-05,0.004832977967306418,0.005685856432125158,1.5227433527315297,28352.0,115650.70523003773,2136,56843824,69074289,1705585,1511225,11518291,12003856,10791259,11121843,12966384,17921747,7725359,9867972,1354416,7922819,1812298,3493600,8970232,5231227
95,000514,2018-03-05,0.011456628477904962,0.004909983633387682,0.26397016773510756,9792.0,37185.34839067103,535,4858911,5543169,494148,483509,1993225,2939993,1042146,632183,390486,731650,446246,448834,0,307000,492660,0,0,0
96,000517,2018-03-05,-0.006711409395973034,-0.01118568232662187,0.08264355037464073,25694.0,127062.68879913526,2943,106771562,79630479,1852474,1872271,16129551,12456297,18758088,13698351,24114277,19076033,17687148,9599433,7287310,7132966,5262509,3495064,15680205,12300064
97,000519,2018-03-05,-0.008515815085158196,-0.008515815085158196,0.17874004607735144,18768.0,231715.96858083273,2120,76840787,57022768,1386359,1897994,10993699,9389646,8864462,8358930,12380045,9271386,8953328,6425965,7228827,4426862,3116339,3084823,23917728,14167162
98,000520,2018-03-05,0.003012048192771122,0.0,0.1347744542530654,4316.0,42561.1007939215,607,6037488,5283975,601354,609027,1525433,2012905,1150187,955734,1651310,1249349,447204,456960,0,0,0,0,662000,0
99,000521,2018-03-05,0.004672897196261516,0.002336448598130758,0.19345245503550948,7704.0,53673.86725351122,489,6900644,5022452,594765,432819,2067511,1433218,1344844,674393,1357318,915046,213572,208068,0,1358908,1322634,0,0,0
100,000523,2018-03-05,0.011412268188302432,0.009985734664764712,0.41599586719738346,14140.0,46167.06010821511,283,3702015,4245930,145427,268351,1476832,1414313,1046135,993366,822454,624329,211167,434410,0,0,0,0,0,511161
101,000524,2018-03-05,0.044731610337972016,0.029821073558647937,0.3003091698704261,3090.0,36312.83786309156,1123,4268570,9219386,676847,1834971,2096090,2696258,917168,1047093,337465,1387318,241000,1029186,0,313540,0,0,0,911020
102,000525,2018-03-05,0.01183932346723049,0.01183932346723049,0.5112653542455613,28440.0,189514.4844447709,2141,76897874,101540336,1219089,1279074,9972532,9653094,9315462,10690157,16419760,18836795,14319566,11837053,8127072,7636156,5378558,7234201,12145835,34373806
103,000526,2018-03-05,0.04058078927773634,0.04020848845867464,1.6440755448223578,16260.0,45250.02638990482,266,2626220,5354302,184488,153349,948711,1501193,722834,1799678,0,1528347,770187,0,0,371735,0,0,0,0
104,000528,2018-03-05,0.014893617021276562,0.010638297872340496,0.17351655287844786,42120.0,159490.36986801142,2940,140627891,129737916,1559159,1302462,12080721,12701118,23501560,16225668,35228033,33375388,20254968,17650589,13479831,6758489,4902990,8215706,29620629,33508496
105,000529,2018-03-05,0.008064516129032251,0.011290322580645107,0.2707174359322073,5665.5,66212.84377840279,524,4898524,3251301,1502805,238372,1503821,910313,965225,493756,926673,171360,0,0,0,0,0,0,0,1437500
106,000530,2018-03-05,0.008179959100204526,0.002044989775051187,0.2214554161421839,7410.0,70307.96749281319,487,7745628,6166926,655946,432486,2086725,1328694,1477305,657264,1381326,1563103,1312110,246000,303316,0,0,486554,528900,1452825
107,000531,2018-03-05,-0.0014064697609001975,0.00421940928270037,0.32665134453335143,10024.0,42626.631881920315,473,7618729,3959235,477295,422937,2252296,1890712,1981420,997831,1644671,219867,416751,427888,393464,0,452832,0,0,0
108,000532,2018-03-05,0.06451612903225823,0.061491935483870996,0.2831260290550186,12516.0,65282.30293116002,1236,21010360,20841666,869375,1159300,5111028,5585511,3750438,4418283,5499609,5444164,1847843,2002597,995032,1081371,1356846,0,1580189,1150440
109,000536,2018-03-05,0.0024038461538460343,0.0,0.12755685691795424,3708.0,62794.390877072816,1065,12371460,10007014,898488,1215058,2597960,2217064,4593703,1591612,1991509,2497887,1307654,484390,0,0,416882,0,565264,2001003
110,000537,2018-03-05,-0.03435399551904417,-0.004480955937266606,0.36301268429703937,16104.0,130928.94809039129,1361,39306399,34152965,1001741,1029113,5984012,5707753,6867978,5328998,7508041,8366293,3828761,3853080,2846996,2053647,2194114,931465,9074756,6882616
111,000538,2018-03-05,0.006444906444906362,0.005717255717255787,2.0762036835732194,19302.0,144166.73197252463,2147,68166696,53381422,6101278,1566267,11544829,8743466,9510361,8136242,9431043,9059002,7089056,5228190,4672241,3124531,5401014,1433672,14416874,16090052
112,000539,2018-03-05,0.0,-0.004395604395604269,0.24433104994383012,7701.0,63687.0429140213,346,5185825,3242032,480176,201398,1014873,1600457,757522,670494,834978,542683,519572,227000,681130,0,0,0,897574,0
113,000541,2018-03-05,0.0011441647597254523,0.0022883295194506825,0.21614821470645956,2625.0,33132.546446161825,1637,10059276,11338428,1461068,1986114,3043258,3099721,2414175,3301309,1252357,2138195,714852,0,307013,393750,866553,419339,0,0
114,000543,2018-03-05,-0.0021739130434782483,-0.004347826086956386,0.17107093721100886,5967.0,77509.96592571655,723,12072744,8628117,941784,561685,1982974,1836702,1636899,1329387,2419911,1195089,1908498,219402,1739978,694228,916000,0,526700,2791624
115,000544,2018-03-05,-0.005307050796057644,-0.0015163002274449777,0.6157325856695887,6590.0,38850.82323776224,458,5449149,4883285,238023,594442,1610119,1760375,1701287,762981,1038738,1765487,418202,0,0,0,442780,0,0,0
116,000545,2018-03-05,0.008528784648187626,0.006396588486140553,0.10932406211204306,14280.0,127295.20144451896,1846,43720103,53279026,1528284,1926072,6562086,9205201,6016999,7257611,8115594,10537680,5021797,6363396,3706763,2844102,3157826,6233982,9610754,8910982
117,000546,2018-03-05,0.010996563573883122,0.0068728522336769515,0.40373037164852793,11568.0,63187.38808579149,1299,18315663,18735926,1002278,1397742,5910080,5597630,4724467,3659271,3723671,2013047,623564,1407094,1086397,1002959,0,1396886,1245206,2261297
118,000548,2018-03-05,0.003231017770597644,0.0,0.311920928366518,10540.0,81081.992228993,393,7674975,3955387,396388,342770,1773412,1379472,1028295,736043,2205760,938702,217000,248400,719240,310000,0,0,1334880,0
119,000550,2018-03-05,0.029197080291970767,0.01564129301355588,0.4866478986702886,21296.0,119069.80103316541,1553,36998846,47023244,1240092,1499506,7626462,7451051,7169681,9678386,9240539,9412909,4629554,5314498,3608533,2136553,939185,2731682,2544800,8798659
120,000551,2018-03-05,0.014265335235378096,0.007132667617689048,0.34011042997029906,5624.0,31744.306853140195,424,3807859,3533823,435695,290048,1508886,1152723,1235019,957194,628259,643849,0,490009,0,0,0,0,0,0
121,000552,2018-03-05,-0.0028011204481792618,0.0,0.08686509615626228,3222.0,47889.251900473275,1697,20742383,9193351,2049823,1540809,5730448,2346109,3548278,2196038,4403580,1995770,1436648,407029,1069000,707596,462536,0,2042070,0
122,000553,2018-03-05,-0.004184100418410108,-0.004184100418410108,0.3963257703683593,4293.0,30204.783182032163,1309,12091222,8023832,954191,1410224,3988809,3112339,3623243,1399312,2940075,1894885,279888,207072,305016,0,0,0,0,0
123,000554,2018-03-05,-0.005908419497784201,-0.002954209748892156,0.31102902715438807,10080.0,70139.12138731744,473,9410671,7395260,474651,448265,2232036,1358649,2048732,1332231,1876557,915984,967946,1102368,369600,1341351,856509,896412,584640,0
124,000555,2018-03-05,0.050380228136882144,0.050380228136882144,0.24055108499575317,20729.0,91755.29093407452,1915,40034282,49893726,1220054,1106502,9713074,9531506,8471694,9055409,8653185,10072182,4345182,5495792,3764485,3870078,436240,3036827,3430368,7725430
125,000557,2018-03-05,-0.0045977011494251485,-0.0022988505747125743,0.19197995464113973,5208.0,34690.551626972556,513,5059139,3754760,679773,511701,1520705,1485771,923012,1073912,943993,401926,652998,281450,338658,0,0,0,0,0
126,000558,2018-03-05,0.011820330969267046,0.004728132387706863,0.13478019456259663,8925.0,79436.93772824138,986,12870266,17913837,819614,1156979,3370089,4682192,2300403,2983953,3041621,2790926,1040761,2652660,300543,354040,881504,821950,1115731,2471137
127,000559,2018-03-05,0.0022099447513812542,-0.0044198895027625085,0.21846024922255008,9000.0,74955.71901914098,1717,30582729,24176892,1801976,1457412,7165677,4657780,4722527,4128922,4604787,5129951,3831610,2624965,2012432,5350692,2262382,0,4181338,827170
128,000560,2018-03-05,0.007151370679379987,0.010727056019070202,0.2801060123911795,11037.0,128230.80979285338,898,18702363,16428757,825230,937280,4273018,3501692,2719260,2699714,1796389,2935406,1718806,1623302,332670,1586612,827935,431800,6209055,2712951
129,000561,2018-03-05,0.0,0.0,0.24093333978377532,3520.0,38635.728381772824,856,7286705,4672756,1190162,585785,1953788,2100779,1463903,1212116,943737,258290,658420,515786,309495,0,0,0,767200,0
130,000563,2018-03-05,0.019704433497536922,0.017241379310344973,0.09216026417729138,4956.0,116643.66315319248,1950,24641313,37379991,2273455,1936229,4658098,6540645,2790804,5285485,3847556,5676089,2697384,3915313,2336292,2329675,1713331,2213840,4324393,9482715
131,000565,2018-03-05,-0.006399999999999961,-0.0048000000000000265,0.2848509357262679,3100.0,33451.766974341,481,4115855,2270511,409506,452355,1077339,1004762,579735,496534,1194646,316860,454109,0,0,0,400520,0,0,0
132,000567,2018-03-05,0.0043222003929273,0.0043222003929273,0.8918453961388203,12750.0,81741.3267782461,814,11818081,14528124,701960,618285,3315160,3121305,2639017,2533484,2200314,4259441,1742911,2711799,382500,306960,836219,466650,0,510200
133,000568,2018-03-05,-0.026160337552742607,-0.02514767932489459,1.1099062445768282,34764.0,236848.0679629251,2852,161614825,112812560,1510835,952929,12007160,19637711,13429474,15699359,25953534,18302392,14377714,13789633,11016682,9063963,9743044,5873771,73576382,29492802
134,000570,2018-03-05,-0.0039999999999998925,-0.006000000000000005,0.30387872328224763,3240.0,33245.699829120305,270,2865959,1347855,245731,197976,1083291,843663,464452,157116,728460,149100,0,0,344025,0,0,0,0,0
135,000571,2018-03-05,0.008368200836819994,0.010460251046024993,0.1644416474778522,2892.0,24943.801805735402,845,4361607,5978920,407739,1597146,1425816,1763051,1752710,923060,775342,1256559,0,439104,0,0,0,0,0,0
136,000572,2018-03-05,0.005181347150259086,0.007772020725388629,0.11760609393183662,9129.0,102094.64392203279,1080,18376042,18459819,1162391,759810,3709460,5093919,3123527,3066648,3378263,2704118,1879818,1964059,355546,1135521,1845877,1397694,2921160,2338050
137,000573,2018-03-05,-0.0020876826722338038,-0.0020876826722338038,0.27802275730460435,7199.5,46413.86646294578,296,4000604,2601045,336578,349533,1158022,966707,873213,369750,676409,385807,479383,529248,0,0,476999,0,0,0
138,000576,2018-03-05,-0.0037771482530688516,-0.019830028328611804,0.5333977010726857,18652.5,58048.092985831776,1578,31394631,29225632,1333477,976312,7869771,7521604,7599723,7574406,8301331,7101740,4125632,3435698,314650,1751092,1338687,864780,511360,0
139,000581,2018-03-05,0.006802721088435382,0.009778911564625847,0.5066764249143193,16527.0,153977.75514779842,2155,52041296,67695209,2307079,1754281,8152448,10614238,8246699,8458314,10169614,10168089,8080776,6290395,3597117,4168202,2756769,2327311,8730794,23914379
140,000582,2018-03-05,0.0,-0.001122334455667784,0.35977785205475304,10656.0,71596.41655715324,613,10809257,9565876,533945,782290,2202987,2940440,2209409,1172498,2232831,1987681,1366061,1236321,0,356000,1375224,0,888800,1090646
141,000584,2018-03-05,0.00657894736842124,-0.0006578947368420796,0.42166015420972064,29070.0,68468.10334489743,1299,35517243,27752101,794854,590016,10772089,5185328,8676850,6528966,8595410,10117056,2491817,2689321,2010852,1534644,433200,497250,1742171,609520
142,000585,2018-03-05,-0.011695906432748537,-0.011695906432748537,0.13906842773880634,5408.0,49136.296852098254,605,8207058,3924932,556956,552810,1871517,1712306,1596774,572033,2145037,862747,514936,225036,337000,0,0,0,1184838,0
143,000586,2018-03-05,0.010302640051513157,0.012878300064391501,0.6479574342791121,10997.0,74998.18842434931,574,7899710,10809423,576775,608615,2102882,2608380,2572873,1462664,1534272,1482905,692192,1006836,0,1026640,420716,932920,0,1680463
144,000587,2018-03-05,0.01744186046511631,0.007267441860465018,0.14701250233978713,20490.0,159601.50214241585,2194,81527631,63348954,1670555,1209926,10588490,9346070,10751079,10763321,15251791,9143992,9559522,8223366,5699940,4596737,3194803,1764355,24811451,18301187
145,000589,2018-03-05,0.002331002331002363,0.0,0.2323914692554332,8540.0,34450.10253618209,340,3612973,3518681,491716,225933,1525619,952493,725156,889954,870482,1220251,0,230050,0,0,0,0,0,0
146,000590,2018-03-05,0.01941747572815533,0.008826125330979595,0.9939083795577491,10287.0,28112.00487008845,129,776937,1291468,111642,42186,474303,704630,54432,197842,136560,107818,0,238992,0,0,0,0,0,0
147,000591,2018-03-05,0.003960396039603964,0.0,0.12882369895473358,4545.0,33332.001970326324,1540,9797808,9341338,1107284,2604080,2331572,3085458,1575306,1960727,2149558,1421100,883060,269973,713422,0,423526,0,614080,0
148,000592,2018-03-05,-0.0045977011494251485,-0.0045977011494251485,0.12938087340238436,11258.0,93281.99379991769,1133,25111278,19123983,1067094,876095,4159306,4588819,3760781,3166880,4938501,3704974,1792414,2351741,2504002,714168,3110750,3179506,3778430,541800
149,000593,2018-03-05,0.007062146892655274,0.007062146892655274,0.2819433876190776,6426.0,28898.301465562952,630,4548707,4764176,533171,1410131,2295152,1078192,961553,896514,516011,626660,242820,752679,0,0,0,0,0,0
150,000595,2018-03-05,-0.011363636363636576,-0.011363636363636576,0.19362428899170378,8650.0,38977.80635194643,516,6912666,4366857,512311,439280,2240653,1701367,1455095,993959,1479682,823383,1224925,408868,0,0,0,0,0,0
151,000596,2018-03-05,-0.003574329813159971,-0.0021121039805035435,1.6172396946686323,12344.0,65381.81803825679,1450,27389889,23696004,1185943,1954634,6221876,6494690,5602750,4960929,4727295,4545384,3797108,3517912,2548013,608923,2147940,472492,1158964,1141040
152,000597,2018-03-05,0.01680672268907557,0.017857142857142794,0.3075548385233695,5771.0,114611.83811671416,959,16167911,16477023,668607,1265212,2597763,2835515,2746995,2533640,2274559,2466120,2466411,2605153,0,344396,830404,909214,4583172,3517773
153,000598,2018-03-05,-0.0059880239520956335,-0.007984031936127733,0.14326096068763067,5467.0,247953.5675254685,1225,34019475,19923848,1315609,1705502,3192121,3948270,1957751,2209034,2183681,1686935,1860355,1810291,619374,2074529,1875289,0,21015295,6489287
154,000599,2018-03-05,-0.0301659125188537,-0.034690799396681626,0.18419617514927572,14720.0,169129.70509954344,1298,43563526,38087559,814845,1364770,4425517,6516322,4572605,4629965,5676431,5899038,3927055,4093437,5303255,2613909,4101937,408958,14741881,12561160
155,000600,2018-03-05,0.002971768202080227,0.002971768202080227,0.17218311452052845,4050.0,60343.66636041452,1529,16862212,19875480,827378,1962379,3546708,4437665,3055641,3437012,3315255,3507202,2951901,1596147,1347728,1697797,1298526,1867584,519075,1369694
156,000601,2018-03-05,-0.008746355685131268,-0.010204081632653073,0.3241984051451105,4074.0,40748.337667365566,447,5143656,3459508,278745,522480,1414848,1062617,849362,1022471,1395286,309040,867519,203400,337896,339500,0,0,0,0
157,000603,2018-03-05,-0.0016597510373445035,-0.0008298755186723072,0.45749714387649654,12080.0,63883.33097607031,693,11191855,11356357,461707,664968,3063797,3101960,2451721,2456645,2409038,2093473,913958,1677677,1409234,0,482400,428623,0,933011
158,000605,2018-03-05,-0.0018292682926828174,-0.004878048780487698,0.507980640556926,14787.0,62528.801634967036,1042,19586510,15175579,915096,1083019,5202743,5019433,4260832,3335415,3924714,3179935,2245396,733595,667647,367250,0,902904,2370082,554028
159,000607,2018-03-05,-0.013011152416356975,-0.02230483271375472,0.2698665978509078,5340.0,53614.61536334194,397,6933175,1673562,324671,423803,1198738,912194,1003001,337565,1876921,0,1186395,0,395249,0,423200,0,525000,0
160,000608,2018-03-05,-0.007163323782235054,0.0,0.22051920416937024,14080.0,57822.050786348904,1002,17304743,15384148,913848,849188,4866469,4044022,4369832,4498109,3767812,4183032,1440938,212585,664000,0,0,897212,1281844,700000
161,000609,2018-03-05,-0.003260869565217317,0.0,0.4149650124086432,9150.0,44436.42777547297,491,6357519,4747098,564175,486139,2384658,1677088,1073308,1041514,1446477,509038,200910,211819,687991,366000,0,455500,0,0
162,000610,2018-03-05,0.001974333662388972,-0.001974333662389083,0.5830966848731961,3045.0,18416.879207138012,301,1511470,1228743,402589,165389,618385,531975,185196,531379,101500,0,203800,0,0,0,0,0,0,0
163,000611,2018-03-05,-0.013235294117647012,-0.016176470588235237,0.3246906399898276,8111.5,49105.79158791757,438,5807083,5056123,473363,247354,1071971,2666259,1274603,1187281,971143,955229,418670,0,1041393,0,0,0,555940,0
164,000612,2018-03-05,-0.0024968789013731785,-0.0074906367041197575,0.18975840026979482,4794.0,26683.12185142894,1788,11694213,8775007,2535858,2592034,5267715,2886940,2145360,994362,884812,742047,464177,997524,396291,0,0,0,0,562100
165,000613,2018-03-05,0.009944751381215422,-0.020994475138121693,0.3001547891940927,10710.0,59174.454649767635,910,16909624,11745140,944479,1047006,3574923,3571270,4600446,2030982,3705694,2291133,1725070,1650838,1325452,0,0,423576,1033560,730335
166,000615,2018-03-05,0.009564293304994642,0.007438894792773709,0.20762236642720677,23438.0,93306.93065547758,2056,58876712,51721662,1678981,1435837,10039859,10507390,9825231,11083235,13981855,13873215,9786473,6139737,5694535,3424244,1801439,1738712,6068339,3519292
167,000617,2018-03-05,0.03563474387527821,0.029695619896065173,0.4807465450924017,8340.0,57478.106141808814,785,9686560,12807643,527437,1033142,2595498,3334246,1976058,2625730,2450149,2848367,1434588,678981,702830,952529,0,0,0,1334648
168,000619,2018-03-05,-0.00969529085872567,-0.0041551246537395725,0.49136190907472865,2157.0,41670.270877163995,215,1956077,1174632,168681,175423,365416,560532,556154,310873,130494,127804,258476,0,0,0,476856,0,0,0
169,000620,2018-03-05,0.0016313213703098572,0.004893964110929794,0.3129082203729189,9210.0,47898.04415919014,383,3492681,6400466,266136,393470,887434,1368727,1136557,3024033,943490,438900,259064,272785,0,359775,0,0,0,542776
170,000622,2018-03-05,0.0023474178403755097,-0.004694835680751019,0.2872727253532543,4708.0,23222.194189480848,219,2107805,982465,135328,210777,979435,500963,562989,133875,430053,136850,0,0,0,0,0,0,0,0
171,000623,2018-03-05,-0.0014471780028944004,-0.0004823926676315038,0.5947702894814291,12459.0,105270.00548730731,1214,31575412,20949332,578859,1341538,5251221,5137127,4517733,3926449,5940108,5382568,3700392,2050739,2357817,639308,1322136,1279421,7907146,1192182
172,000625,2018-03-05,0.004166666666666652,0.004166666666666652,0.25262587785766155,20485.0,161275.1571734447,2257,63931080,77221255,1238745,1817682,8880602,10933094,10562785,12165849,15359127,13957532,6805926,8162965,3777855,4580221,2698161,2687845,14607879,22916067
173,000626,2018-03-05,0.005357142857142838,0.008035714285714368,0.4040535673796591,8976.0,46242.26187375977,768,11208688,6647254,920240,388129,3451706,2297317,1916231,1216863,2243707,1839120,1401436,905825,686248,0,0,0,589120,0
174,000627,2018-03-05,0.008000000000000007,0.006666666666666599,0.19257178554057605,5264.0,56393.523205368096,1518,17697297,19564619,1148059,2208088,4359020,4630392,3590769,4245319,3870260,3152116,1356691,2822867,1738032,689460,407584,0,1226882,1816377
175,000628,2018-03-05,0.022546419098143256,0.021220159151193574,0.3074611503771723,9906.0,39839.49828379486,601,6765252,7926527,605256,564077,2297430,2617861,1863626,2141585,1492633,1507094,506307,715410,0,380500,0,0,0,0
176,000630,2018-03-05,-0.0036496350364964014,-0.0036496350364964014,0.060656979610958846,6552.0,150288.0304475559,2065,37606062,36953447,1696766,1957367,6143052,6904767,4888367,4290076,4433505,3839342,1552130,3555876,1039038,1668381,1289688,411000,16563516,14326638
177,000631,2018-03-05,0.004842615012106588,0.002421307506053294,0.11269060728266779,3725.0,29523.95897040096,1348,6750580,6689499,2189181,1416970,2294592,2327043,677364,555374,558822,1011704,661399,770546,369222,0,0,0,0,607862
178,000632,2018-03-05,-0.03071672354948818,-0.03071672354948818,0.23822162651028086,8535.0,54865.183314800204,605,6821314,1660785,2210986,286935,1125256,612014,600024,415716,913260,346120,0,0,396900,0,436888,0,1138000,0
179,000633,2018-03-05,-0.00969696969696976,-0.010909090909090868,0.46419897602472543,10608.0,35276.43538638314,315,3937860,1560485,409775,245663,1886628,672461,999221,175125,399366,0,242870,0,0,0,0,467236,0,0
180,000635,2018-03-05,-0.008000000000000007,-0.008000000000000007,0.48365325495881006,6780.0,33192.67690244734,808,9906844,5258475,1383628,526396,3267652,2030330,1977968,1223647,2802980,888609,474616,232037,0,357456,0,0,0,0
181,000636,2018-03-05,0.007114624505928813,-0.006324110671936722,0.23709548366121697,47994.0,234665.74603478593,2851,184667109,165783723,947478,886682,13562276,11794694,18171042,14130302,29132779,32376511,22642859,24160658,19832545,14789356,12439456,9249317,67938674,58396203
182,000637,2018-03-05,0.009416195856873921,0.005649717514124353,0.3392864546469645,10660.0,21991.517298872855,244,2344720,2177248,201661,165399,1225704,1156168,810755,520129,106600,335552,0,0,0,0,0,0,0,0
183,000638,2018-03-05,-0.030601092896174964,-0.024043715846994607,0.2671749074438552,9943.0,53825.33629042932,1174,19539275,11337803,1209736,1201608,6460580,3927027,5197488,2419291,2911793,1529274,661187,567513,1991680,343120,489159,0,617652,1349970
184,000639,2018-03-05,0.006203473945409321,-0.0006203473945410876,0.5510784256433952,3200.0,46398.1191963729,855,6434210,7047353,698682,1061377,2263544,1641705,1298356,1449444,1094852,1209577,697738,0,381038,320000,0,0,0,1365250
185,000650,2018-03-05,0.004089979550102374,0.006134969325153339,0.1772930909950736,5379.0,32077.72421322399,761,3734478,4677708,1445248,827284,1265875,1740291,215097,552531,590968,342099,217290,245000,0,0,0,970503,0,0
186,000651,2018-03-05,-0.01600914808461973,-0.01600914808461973,0.877047246984765,197144.0,973330.7327808578,3579,860328569,697928143,124328,62107,6032030,5396006,20180939,16581758,58180402,53599988,51362282,56343992,45415222,47269315,46393863,39951409,632639503,478723568
187,000652,2018-03-05,0.0092592592592593,0.006944444444444198,0.15354566965525476,7428.0,95954.18710778726,792,13675286,12375758,931354,568509,3295092,3134327,1876130,1680788,1100640,1332046,1248919,2501310,321348,999056,915116,891792,3986687,1267930
188,000655,2018-03-05,-0.007532956685499026,-0.007532956685499026,0.16086640498408608,2640.0,35273.318087794156,1090,10641833,4291968,1257761,543710,3309175,1698833,2528888,926993,1515158,650881,1017745,471551,0,0,414736,0,598370,0
189,000656,2018-03-05,0.00588235294117645,0.007843137254901933,0.15497478569846396,8216.0,128231.85346207336,1084,23786249,20410487,1357371,601011,3837959,2837518,3067299,2700815,3172488,2490893,1421469,1960096,1434034,2830451,0,417508,9495629,6572195
190,000657,2018-03-05,0.011343804537521818,0.011343804537521818,0.330838278615432,9272.0,28735.272987960667,1200,9320599,12396690,715905,1494849,4478647,5339625,2337519,2957442,1559728,1740651,228800,500104,0,364019,0,0,0,0
191,000659,2018-03-05,-0.022222222222222254,-0.01666666666666672,0.15593624855139834,10770.0,80148.03422313218,533,12117003,7024877,435364,462981,2656048,2136731,1575769,1109855,1923253,1190200,2894716,215280,1064485,1379355,0,0,1567368,530475
192,000661,2018-03-05,0.00030921459492905257,0.0017316017316018062,4.141192864388125,32460.0,233784.69351544842,1525,71327005,53697849,10391,9699,13710754,10792568,8178930,8331148,8295443,8609826,2899474,3732514,4196971,3765494,1829350,3972387,32205692,14484213
193,000662,2018-03-05,0.0,-0.0017094017094017033,0.36935635002414846,6990.0,51642.04382918563,1003,15081553,9540407,1114845,917511,3606488,3090340,2596771,1848849,3615030,1557337,1923239,1186574,1823128,373120,402052,0,0,566676
194,000665,2018-03-05,-0.0010427528675703845,-0.002085505735140769,0.404601974390403,11496.0,81391.45528454697,561,12391844,10599739,371404,687433,1651394,3180281,2188978,1805560,2202356,2028843,1224157,723923,1794465,1091022,1795320,466040,1163770,616637
195,000666,2018-03-05,-0.012138728323699444,-0.014450867052023142,0.4596919487279147,8560.0,78332.95924412906,1417,29910110,16497888,906684,1618017,6431310,4683903,7822701,3634301,4804848,2179283,1070770,998831,2821404,1101336,2240836,0,3811557,2282217
196,000667,2018-03-05,-0.0033222591362125353,-0.0033222591362125353,0.10386995777481528,4816.0,36664.818533603655,842,7238890,5288667,1161490,928495,2158344,2124591,1548185,1179377,957277,616444,0,439760,0,0,849821,0,563773,0
197,000668,2018-03-05,0.0014858841010401136,-0.004457652303120341,0.9616027739176134,6680.0,46063.20689810005,195,2028055,1592251,210058,125731,443656,730630,451665,418574,388676,317316,0,0,0,0,0,0,534000,0
198,000669,2018-03-05,-0.005922165820642977,-0.006768189509306244,0.456066892073664,5895.0,73047.02924704122,671,13278947,5684747,445334,612551,2118695,2076031,2140956,1918192,1442899,871349,992307,206624,1709955,0,1350575,0,3078226,0
199,000671,2018-03-05,-0.01097560975609757,-0.01585365853658527,0.1571711354611349,24780.0,213242.1433515724,2731,120149497,121902673,2434831,1651857,9583417,10805348,15095775,12523952,18096153,18934676,16533606,21085611,12823317,7554323,8398432,9081084,37183966,40265822
200,000672,2018-03-05,-0.033992094861660105,-0.04268774703557321,0.2180922352331623,66528.0,275933.7317682507,3371,274547691,205460336,663630,1012312,11829002,15778651,22759280,28295341,42459421,41429164,34871175,26073973,23491773,22020926,24650303,14056018,113823107,56793951
201,000673,2018-03-05,-0.0033333333333334103,-0.005333333333333301,0.6397177825243713,14840.0,190091.40636380785,549,9908493,16342499,557738,410336,2552972,2051448,2061011,1944637,2021586,1961376,809275,1449152,348975,0,423852,887500,1133084,7638050
202,000676,2018-03-05,-0.008583690987124415,-0.006008583690987113,0.379796768540362,11520.0,76903.03387365729,941,13185443,14301975,848656,755383,4382413,4318201,2435685,2958733,1233229,2211578,2515709,950836,307932,0,895855,840255,565964,2266989
203,000677,2018-03-05,0.0030487804878049918,-0.0030487804878047697,0.18736874170246878,6076.5,69858.15702901546,306,4291508,1174535,324520,345840,1157560,767252,751177,61443,362570,0,231785,0,336896,0,0,0,1127000,0
204,000678,2018-03-05,0.0062208398133747345,0.0031104199066873672,0.20115656023332182,9002.0,74893.48998498077,1023,16622154,12970747,1022565,1068139,4062057,3766830,2452563,2537873,3247550,1893005,1462300,0,1393793,688773,473699,0,2507627,3016127
205,000679,2018-03-05,0.00995024875621886,0.008291873963515828,0.3711755211154341,1827.0,54482.654789985834,263,1525641,1973729,276523,96119,619267,448223,629851,450115,0,135807,0,0,0,0,0,0,0,843465
206,000680,2018-03-05,0.0,0.0,0.1551875143503762,5352.0,38826.44706104796,830,7353029,7570524,837968,890226,2970424,3106227,2121117,1039032,580178,1094752,502778,211030,340564,650496,0,0,0,578761
207,000681,2018-03-05,0.03908918406072104,0.014421252371916493,0.5220407871055326,34632.0,267579.63783820346,2557,128288176,140235350,1056970,1158674,11376049,11069292,13027469,14289742,21420540,22711300,15756386,16350840,10509183,14247455,5046799,7129057,50094780,53278990
208,000682,2018-03-05,0.02262443438914019,-0.009049773755656076,0.23402385859807578,6139.0,54109.11699514821,356,5496191,2190449,327108,435002,1464541,1054262,570554,317844,1192541,383341,484857,0,0,0,894710,0,561880,0
209,000683,2018-03-05,0.0035087719298245723,0.007017543859649145,0.06544341833286164,7776.0,125302.75462921053,1912,20677646,36563111,1305413,1931023,4116220,11888912,1952289,5210984,2638100,3978440,1004493,2494518,306375,316744,1332760,1790284,8021996,8952206
210,000685,2018-03-05,0.0,-0.0020661157024792765,0.3442832933209602,8676.0,66608.79593094322,790,11519125,6614000,1153040,490055,4200204,2574414,2410001,1547565,934229,1130344,505056,502814,368427,368808,401988,0,1546180,0
211,000686,2018-03-05,-0.0012437810945273853,-0.004975124378109319,0.24196027077146373,10413.0,168626.77294804598,1104,32607747,15746381,1334168,1059434,3874516,4810138,3559324,3275670,5402903,2325751,2659853,716109,1917395,348935,4186087,425605,9673501,2784739
212,000687,2018-03-05,-0.008955223880596996,-0.009950248756219082,0.37080003940557155,11940.0,48833.388722153686,734,14115279,7645001,685799,761984,3744308,2774147,3236091,1931747,4613796,1491602,499815,685521,396800,0,402000,0,536670,0
213,000688,2018-03-05,0.004127966976264386,0.002063983488132193,0.29118753394657604,6797.0,270445.9286243262,1107,28620960,30853208,1444143,1193076,3368063,3704444,3433651,2551299,1378077,2840673,2238683,1918156,1549055,329888,1468659,1729206,13740629,16586466
214,000690,2018-03-05,-0.005006257822277815,0.0,0.27793472970283795,11130.0,113165.39559061108,826,20656911,13548497,901342,648836,2910416,3084880,3384040,2545296,3130003,2380875,2258465,972280,3281198,318795,476205,498042,4315242,3099493
215,000691,2018-03-05,-0.0033112582781458233,0.004966887417218624,0.2271724776795238,7223.0,47671.734385996315,707,7693971,7699147,842637,686824,2395166,2235157,1789367,1044281,985865,2430249,0,983505,1079936,319131,0,0,601000,0
216,000692,2018-03-05,0.005037783375314797,0.005037783375314797,0.25850268440613694,3970.0,24672.17646410038,235,1933055,1407569,162853,169639,1093050,728401,258916,220407,418236,289122,0,0,0,0,0,0,0,0
217,000695,2018-03-05,0.006479481641468832,0.005399568034557323,0.6332306685496145,6517.0,22764.3277509535,213,1440130,1211773,209231,339528,701683,724637,140388,147608,153285,0,235543,0,0,0,0,0,0,0
218,000697,2018-03-05,0.005285412262156397,0.00845665961945019,0.63435724179858,11424.0,70637.90738466615,889,13657744,18195971,797827,1164753,3323108,3384404,2902675,4934186,2889562,4124673,1809362,750581,1097010,2081897,838200,0,0,1755477
219,000698,2018-03-05,-0.005464480874316946,-0.005464480874316946,0.2583089252576148,7672.0,70265.45873803251,451,8188875,5549815,394335,668641,1436158,1497371,989856,975083,1845978,951397,1230834,910323,1032714,0,440000,0,819000,547000
220,000700,2018-03-05,-0.0019920318725099584,-0.007968127490039723,0.22550010943946,4970.0,89880.37623333957,495,10597414,3690610,599741,423467,1480335,1270379,1217239,590724,1987960,884187,838348,521853,698968,0,491533,0,3283290,0
221,000701,2018-03-05,0.013317191283293006,0.010895883777239712,0.20377950985707072,5796.0,50021.52999651033,1644,15016731,18295667,933974,3144812,4052149,5095833,2879801,3734909,3618202,2618903,864641,1639726,952811,744713,887678,0,827475,1316771
222,000702,2018-03-05,0.0015974440894568342,0.0031948881789138905,0.19898267330366726,8086.0,55706.449428192675,990,12092435,12005631,583476,3230233,2738760,2531729,2072793,1411147,2091352,2724423,1491414,1046780,932000,648311,940736,413008,1241904,0
223,000705,2018-03-05,-0.0026917900403767847,-0.0053835800807536804,0.4291254653405541,5920.0,18066.649573633702,299,1364218,1118822,336537,606591,382475,286452,321676,225779,112176,0,211354,0,0,0,0,0,0,0
224,000707,2018-03-05,0.09975669099756668,0.0948905109489051,0.09431513430915328,10790.0,81946.31054208458,1911,28596055,37022417,1090771,2451768,6551298,9411339,4574362,7209034,7161930,7160467,2725940,2869979,1012190,2433715,1387276,1336590,4092288,4149525
225,000708,2018-03-05,-0.0108108108108107,-0.011711711711711592,0.3711706652510668,4448.0,62408.868383267756,894,14041142,5761260,1171989,380920,2147118,2099300,2813868,1029998,4110639,1115053,1167740,267120,333000,314979,0,0,2296788,553890
226,000709,2018-03-05,-0.007792207792207906,-0.0025974025974027093,0.07524266778439022,7720.0,209895.5718011504,2636,71805851,56420640,2808194,1681342,11604636,7039463,7651370,4935156,8433195,6502696,4785209,3226675,5823229,3366240,2574257,1786986,28125761,27882082
227,000710,2018-03-05,0.02920486037092318,0.033894691963334056,1.0613273074206144,23025.0,109016.43014784918,1956,52697590,51390299,1772689,2146177,8864855,11261980,9738970,7139865,9686524,10269022,7927854,6113679,3118376,4042098,3077329,3218706,8510993,7198772
228,000711,2018-03-05,-0.0023809523809523725,-0.0071428571428571175,0.43110642009735906,12480.0,77120.83882665796,854,15459881,9683396,726983,1107317,4150353,3447296,3388114,1901801,2908169,785489,1276291,931103,0,362695,0,0,3009971,1147695
229,000712,2018-03-05,-0.0181290790427846,-0.013052936910804891,0.43775381357923915,12235.5,96791.57650054406,992,23416397,15594935,585093,1298363,3492723,4238832,3530953,2305227,5833329,2941894,1273630,1320388,1074621,350972,1299879,1235589,6326169,1903670
230,000713,2018-03-05,0.019548872180451093,0.021052631578947212,0.1659143191228341,10260.0,46866.45909884905,1609,15837274,22718144,1343336,2022829,6449360,7370571,3359926,4110813,3128879,3387368,228480,2386576,1327293,1031811,0,1733176,0,675000
231,000715,2018-03-05,0.0035714285714285587,0.005952380952380931,0.5552766464784432,3381.5,33235.671871300656,228,1819432,1684280,219854,192790,565831,536399,386181,404332,417132,303175,230434,247584,0,0,0,0,0,0
232,000716,2018-03-05,-0.0019157088122604415,0.0019157088122607746,0.24671673034779584,5250.0,32354.028300880178,447,4366815,3457559,422133,291096,1557048,1313234,815152,914693,1040732,938536,200168,0,331582,0,0,0,0,0
233,000717,2018-03-05,-0.006561679790026198,-0.001312335958005173,0.13940785749039392,30205.5,222373.51354113966,2998,133451245,136911102,1424932,1558116,11952102,21154040,14035951,17938462,19286909,25826126,11325038,14357711,9264292,15344259,8866071,6234592,57295950,34497796
234,000718,2018-03-05,-0.0023474178403755097,0.0,0.12912106127171513,5970.5,65418.176573897945,1090,15215644,11735394,1151582,872769,3809691,3355615,2598611,2001268,2354740,3250939,1511161,1058501,311138,0,0,0,3478721,1196302
235,000719,2018-03-05,-0.0011587485515645035,-0.004634994206257348,0.2556333270363217,863.0,22715.260391386622,1140,3416993,4603559,571417,1168845,1245059,2138447,633071,427447,466946,172000,500500,268320,0,0,0,428500,0,0
236,000720,2018-03-05,0.006993006993007089,0.00932400932400923,0.19945986568800497,6912.0,48902.75030386888,462,4819078,5898780,635223,342016,1837502,1315362,1167391,526468,961620,1294911,217342,932748,0,1060976,0,426299,0,0
237,000721,2018-03-05,0.0,0.004073319755600657,0.21101013160840876,2440.0,29464.855199593516,541,3852826,2282141,626425,328170,1567940,886737,936759,377950,721702,200285,0,0,0,0,0,488999,0,0
238,000722,2018-03-05,0.021444695259593916,0.021444695259593916,0.3470190379245396,6338.5,53294.24126765208,652,6901832,6446707,606885,681553,2246389,1971813,1722456,1061618,781916,750253,449476,203604,0,311664,472410,924402,622300,541800
239,000723,2018-03-05,-0.02079999999999993,-0.028799999999999937,0.16622401583268534,12130.0,161276.87390546902,1416,50491070,25476679,765919,2047452,3508430,6130742,4582994,5446055,12496867,4830002,5135028,1761667,5044588,1048251,2398108,423460,16559136,3789050
240,000725,2018-03-05,-0.012367491166077826,-0.00883392226148405,0.09475108179110905,132492.0,987671.1568863795,3584,667214746,784890023,320550,506015,7710730,10883160,19794142,28953794,42915765,58087983,43313908,52534730,39238126,45588887,34833959,29561755,479087566,558773699
241,000726,2018-03-05,-0.0019047619047618536,-0.0028571428571427804,0.23987772536373209,2092.0,44888.37680416794,1917,12361779,7693988,1910259,1963830,1747057,1913235,1812538,1303799,1739163,324564,662768,1241648,687610,398808,1653608,0,2148776,548104
242,000727,2018-03-05,0.0,-0.008438818565400852,0.06067091375011128,4012.0,105300.54015288567,1543,21080848,19318348,978859,1584066,4148701,4594127,2776670,2655803,2689636,2631663,2395726,1167778,1095936,976542,898290,444062,6097030,5264307
243,000728,2018-03-05,-0.0010593220338982468,-0.0031779661016948513,0.24190065875879768,15963.0,105413.30358024398,1523,36297730,36321685,1084947,1859893,6355058,7090135,6960007,7187740,7665892,5429626,1897628,4276245,2364439,3338508,1905258,3268470,8064501,3871068
244,000729,2018-03-05,-0.002739726027397249,0.005479452054794498,0.2047303122682164,12520.5,96496.6165218775,1272,25018754,24643210,961482,1219310,5313630,6861994,3767785,4412087,4566428,3198354,663267,4703439,1655274,1404553,1744401,884811,6346487,1958662
245,000731,2018-03-05,-0.0052631578947368585,-0.003947368421052588,0.2968295874304436,9060.0,68451.98789729875,655,11288316,7984178,539752,644971,3581512,1904251,2113428,2315616,1273052,895237,1472416,905079,711210,305520,0,462380,1596946,551124
246,000732,2018-03-05,0.008896797153024938,-0.006405693950177871,0.49439725824484065,87419.0,618952.8944379052,3236,331522048,347044745,702974,926928,11506843,10373027,21187276,17190319,40130716,39406497,34945690,29806065,22800713,39051429,23922479,25869638,176325357,184420842
247,000733,2018-03-05,0.005468749999999911,0.0015624999999999112,0.3776243367100443,11520.0,60931.44925766873,1149,18896362,16726587,1118730,949762,4762021,4362471,4014231,3886525,3576131,4405418,1824202,1912240,997961,353832,0,856339,2603086,0
248,000735,2018-03-05,0.03764705882352937,0.022352941176470464,0.15098727830313874,52800.0,301391.7733865637,3181,216504782,229384165,1289907,1244241,13924707,12569450,20306870,20003390,35689370,33082065,23988044,21361696,16408684,19503331,15265873,15295587,89631327,106324405
249,000736,2018-03-05,-0.0224904004388371,0.0005485463521666123,0.5881992490040937,16569.0,65340.04223024762,961,22826452,11526353,932115,737656,5769913,3551422,5168899,2923919,5247686,1812767,1614703,714448,2029568,1786141,1324248,0,739320,0
250,000737,2018-03-05,0.02493765586034935,0.01995012468827939,0.16723535954468957,8140.0,52328.380197565864,575,7273519,5983807,544101,471502,2856507,1750881,1207721,1156114,1695451,563656,473213,1017369,0,0,496526,434013,0,590272
251,000738,2018-03-05,0.019922879177377784,0.028920308483290524,0.28452022548049716,51612.0,400695.37340748735,2995,241536135,271660099,1348874,1118870,13056867,12206887,17337167,15606261,27144343,26336874,23558956,21219734,17994650,20715284,15577008,16895007,125518270,157561182
252,000739,2018-03-05,0.0018348623853210455,0.003669724770642091,0.25988320073385185,5460.0,61810.3103878559,439,5909560,5491270,320405,475902,845480,1502626,871015,849385,2159992,1186583,560028,0,715040,0,437600,958479,0,518295
253,000750,2018-03-05,0.0,0.0,0.14754068076830268,6383.0,69189.15027249097,956,15969609,6667229,1051221,917342,3716617,2746680,2199291,1086307,2580080,622575,1331384,717257,1031961,0,949064,0,3109991,577068
254,000751,2018-03-05,0.0020876826722338038,0.0041753653444676075,0.14476065830592325,7736.0,85986.47165330996,1096,17627012,15530609,954510,1062259,4761749,4181457,2014507,1956715,2702821,2530056,1284141,971284,1388175,687350,422714,870320,4098395,3271168
255,000752,2018-03-05,-0.0066225165562914245,-0.008094186902133926,0.5648753148781599,13490.0,48007.89490264472,578,9562554,5544529,560551,419591,3440774,2347885,1614356,1530854,2307094,695534,925629,550665,0,0,0,0,714150,0
256,000753,2018-03-05,-0.014534883720930147,-0.014534883720930147,0.15900561882487982,4774.0,54741.2079184099,468,5949713,2725460,368708,762982,1763212,1146227,472494,460443,1237812,355808,748927,0,0,0,473200,0,885360,0
257,000755,2018-03-05,0.03100775193798455,0.024806201550387597,0.2642032187241459,9982.5,78438.85908073338,596,7478447,11962238,585033,601352,2488531,2459255,1477246,2028746,1151489,1041918,725712,659354,1050436,664000,0,1310962,0,3196651
258,000756,2018-03-05,-0.02619047619047621,-0.02777777777777779,0.2943790869467576,15990.0,95034.52032729636,1833,51714818,23553849,1294806,1766658,9203843,8736217,11461525,5310480,8391623,3947776,5131540,1797481,2044798,974320,2690133,455177,11496550,565740
259,000758,2018-03-05,-0.007961783439490389,-0.006369426751592355,0.17068834758949486,9450.0,124001.28660156432,1355,41395756,17407113,1659253,1135336,5275956,4465426,4800279,3425973,6099351,3198605,3229702,1835795,5440346,1041188,969475,463352,13921394,1841438
260,000759,2018-03-05,0.008695652173912771,0.004968944099378758,0.30922456571567597,7290.0,44590.799759675596,677,8335481,6467455,614468,978957,2289864,2536801,1471928,1431137,2118507,601676,686054,445650,711876,0,442784,473234,0,0
261,000760,2018-03-05,-0.021194605009633993,-0.026974951830443294,0.12511195464312655,10220.0,65890.95070874806,1727,31240465,19753052,1770002,1154447,8953422,5183477,5847194,3993349,7095242,3766634,3294105,1429246,1634893,704864,885420,410163,1760187,3110872
262,000761,2018-03-05,0.001976284584980448,0.0039525691699606735,0.11301717822212907,7139.0,75794.87870938382,2008,35111145,15450330,2394956,660339,9524972,3669080,5140045,2923621,5216185,2352138,3140641,1585229,2473989,1316040,1263149,410172,5957208,2533711
263,000762,2018-03-05,0.0021660649819494893,-0.0021660649819493782,0.33888338992370304,15246.0,97977.86649671542,1671,42701533,29130074,1643359,1187834,8076017,7708675,7390708,4779107,7845768,7180478,4170164,3456373,4057101,1656473,2201291,1300060,7317125,1861074
264,000767,2018-03-05,-0.0037735849056602655,-0.007547169811320753,0.15600127966568172,5025.5,58799.758126505265,288,4168534,1518433,261154,147723,1211396,656525,492407,344284,639101,369901,742864,0,0,0,0,0,821612,0
265,000768,2018-03-05,-0.018637532133676138,-0.01799485861182526,0.2934957791115354,21378.0,312580.14980421105,2815,133345914,129138549,1868542,2045116,13878845,11400103,13154229,11433548,17625834,16978446,10422573,8045647,8663461,7809695,5894039,10164216,61838391,61261778
266,000776,2018-03-05,-0.006674757281553312,-0.004854368932038944,0.35167276738853354,32769.5,249463.87820804125,2196,114796008,88868256,1130859,1645913,9707611,11084481,12266148,11609340,20679504,17529496,11743205,9077353,13598011,7869015,6223516,4082376,39447154,25970282
267,000777,2018-03-05,0.0036258158085569203,0.0036258158085569203,0.44193973439351725,9653.0,48706.545257351645,973,12870805,12537217,1286565,721919,3784776,3711747,2525961,2574052,2871540,3025244,1987787,1187798,0,350280,414176,414000,0,552177
268,000778,2018-03-05,-0.003906250000000111,-0.003906250000000111,0.1051404050045691,9216.0,114876.4838563936,2379,46210099,30214827,3552507,1620705,11037413,7755955,7072948,4559110,8220378,5404768,1983788,2397634,4497858,1792482,850041,0,8995166,6684173
269,000779,2018-03-05,0.01538461538461533,0.005668016194332104,0.6688935216105737,7488.0,31517.04911631984,340,3338640,2729614,356245,393651,1260412,1437831,651663,535438,563700,116250,506620,246444,0,0,0,0,0,0
270,000780,2018-03-05,0.0019685039370078705,0.0,0.26487199537517325,12216.0,69038.44391178273,367,7087390,4423267,301761,243914,1602974,1426993,1470340,1072096,1087542,1128852,661200,0,643773,0,0,0,1319800,551412
271,000782,2018-03-05,-0.007102272727272707,-0.007102272727272707,0.28990438596546086,7020.0,33646.183151704376,590,6120121,4141199,722138,468374,2581768,1868041,1346423,670346,732607,296918,737185,468160,0,369360,0,0,0,0
272,000783,2018-03-05,0.0013531799729364913,0.0,0.2260135945257289,9594.0,81139.27716724131,1069,17409036,16016703,997681,1444340,3729063,5432495,3213434,2237854,2433906,2061668,3478067,945188,0,699690,0,0,3556885,3195468
273,000785,2018-03-05,0.0032644178454843686,0.0010881392818280489,0.3992956937404879,4620.0,28455.650156726548,529,4916236,3362227,390266,595802,1282237,1885262,1154542,764196,1864902,116967,224289,0,0,0,0,0,0,0
274,000786,2018-03-05,-0.04292929292929304,-0.03240740740740755,0.4130037345872902,68310.0,337093.64940269775,3315,297141883,261947977,845428,1307778,9987757,14597773,19394227,21860871,32334317,35625852,36204606,38440372,30456432,24844694,17039059,21484948,150880057,103785689
275,000788,2018-03-05,0.0013089005235602524,-0.002617801047120394,0.32452517553411536,7610.0,44021.82720635581,554,7362218,4799247,877585,583474,1748975,1359358,1369411,916807,2144129,623233,916598,898166,305520,0,0,418209,0,0
276,000789,2018-03-05,-0.02230483271375472,-0.02323420074349447,0.20197044203179287,31545.0,179228.13408787103,2842,138796348,93192480,1369233,1590155,14251327,14064582,17140999,15445664,25788184,19965586,17994186,13147227,6999075,4402983,8218115,3442524,47035229,21133759
277,000790,2018-03-05,0.04200323101777048,0.017770597738287375,0.27127857196886646,6200.0,31646.66281480172,520,3628667,5470134,425279,702870,1479886,1528612,891759,1525259,626668,1498873,205075,214520,0,0,0,0,0,0
278,000791,2018-03-05,0.014705882352941346,0.013235294117647012,0.20343173502633652,11781.0,57985.38625250729,1118,17073539,15485126,1120161,1003076,5034573,5142720,4321040,2021359,2922922,3204794,1385114,2455327,359840,1022730,452291,0,1477598,635120
279,000792,2018-03-05,-0.006949806949806958,-0.018532818532818407,0.24429623691572838,33046.0,278895.4210043141,2813,168675559,114334511,1832652,1015060,12408918,11691783,17715951,13744778,26491186,20140030,17333463,16534629,16807567,8171908,12470299,4553148,63615523,38483175
280,000795,2018-03-05,-0.0033333333333332993,-0.013333333333333308,0.11907581581459466,17342.0,337525.3220690084,2547,106539750,80647713,1615120,1987712,9760538,12384060,10731602,11077774,13329005,15127855,7973931,5019115,6937667,6353246,3681104,3920985,52510783,24776966
281,000797,2018-03-05,-0.00219780219780219,-0.001098901098901095,0.26663887039152645,7272.0,33160.111068815364,1165,14058444,6490303,3197210,976679,3624811,1726385,2940622,1397859,3323267,1960750,972534,428630,0,0,0,0,0,0
282,000798,2018-03-05,0.0,0.00120481927710836,0.3389525610758384,8230.0,47926.29894377178,599,8577573,4970029,610403,751696,2233518,2255357,2347475,768223,1668299,390489,443312,288840,313287,0,427219,0,534060,515424
283,000799,2018-03-05,0.006071929005137644,0.00420364315740307,0.48446639416187387,15092.0,66133.46711941413,1953,30722359,36226534,890701,1819074,6444242,12376258,5881669,5810431,8393922,6801275,3881394,4530274,2034079,3080710,1294088,0,1902264,1808512
284,000800,2018-03-05,-0.002808988764044895,0.000936329588014928,0.27125234434471995,21620.0,122495.86162031692,1551,52649946,43054915,986923,970744,7151641,7483205,6763031,7799483,9933540,7824685,8921883,5686607,7152428,3715757,2263216,419342,9477284,9155092
285,000801,2018-03-05,-0.050793650793650724,-0.042857142857142816,0.14501159746977094,12200.0,235752.54075383133,1893,72344129,68871601,995316,2217182,3955954,8165178,3927985,10016606,7418774,11632606,6068052,4973020,9724937,7198304,5439123,5190998,34813988,19477707
286,000802,2018-03-05,0.007481296758104827,0.004987531172069959,0.34508589857706196,11920.0,44603.361030273336,1215,17941931,13133081,1140138,941302,7633878,4812037,3405267,2618811,3683983,3130870,936005,1002267,309660,627794,0,0,833000,0
287,000803,2018-03-05,-0.006529850746268662,-0.008861940298507509,1.423866162549237,8644.5,136449.61528136692,226,4679328,2518571,163873,225802,625003,911527,276405,560036,559122,583222,211600,237984,0,0,428130,0,2415195,0
288,000806,2018-03-05,-0.009160305343511421,-0.006106870229007688,0.14205501023901904,19425.0,100958.21745167054,2130,67866450,44969989,1727449,1215316,10625973,9236341,11975005,8413186,13142651,10649677,10034172,4914933,4157794,3728852,5579377,3465974,10624029,3345710
289,000807,2018-03-05,-0.0540216086434574,-0.032412965186074394,0.14841107870849485,52668.0,337873.40338137135,3158,263736121,214844245,1183920,1580904,11268483,14940725,18406993,21122246,30664286,32835667,24711813,31857393,18478701,19776050,16575903,21672159,142446022,71059101
290,000809,2018-03-05,0.002958579881656931,0.0,0.233303074127486,7943.0,46918.16959815607,209,3282683,2536502,180527,129930,772970,716120,845249,1020052,1082393,242582,0,427818,0,0,401544,0,0,0
291,000810,2018-03-05,-0.012121212121212088,-0.015151515151515138,0.2773491165168345,9072.0,56956.48264705471,566,7538103,6283370,594330,645685,1667241,2437691,1845085,926834,1287647,1009632,943848,511746,319770,751782,0,0,880182,0
292,000811,2018-03-05,-0.0066577896138482195,-0.003994673768308865,0.36653270187151193,7460.0,74410.60443822034,419,8055617,3681723,452362,420767,1744242,1104335,751465,798235,1129336,664242,1234498,0,735560,694144,0,0,2008154,0
293,000813,2018-03-05,0.018957345971563955,0.004739336492891155,0.249851447513708,5052.0,31689.390469629976,1141,4980180,9572347,423917,2999660,1467692,2168939,1158508,2135474,901597,1095909,698402,672126,330064,0,0,0,0,500239
294,000815,2018-03-05,0.0,0.0023255813953488857,0.3432878588932267,16939.0,69919.19487348586,1413,28773276,20972077,955335,880413,8765916,6542516,5158053,4831545,4520774,5135245,2901370,1073380,2914254,717530,409220,0,3148354,1791448
295,000816,2018-03-05,0.004842615012106588,0.0,0.07050935650886793,53147.0,311953.96841225156,3462,217638524,229597342,995692,1292622,15208376,16148218,24861423,25974404,36417240,33463745,24326636,23987692,20612374,18236223,16819410,16731597,78397373,93762841
296,000818,2018-03-05,0.011382113821138073,0.009756097560975618,0.3252810843339641,11142.0,124571.62372605404,1433,33672659,26131088,1727814,892477,4013006,6845154,3664375,3594955,4799128,4138086,2613853,2514122,2158296,1688201,2207768,2208419,12488419,4249674
297,000819,2018-03-05,-0.03319919517102621,-0.03621730382293753,0.4237038713282101,7780.0,39378.39370695977,550,5875163,4462528,681757,419754,2652988,1249816,1590004,1096482,509122,775991,441292,0,0,358875,0,0,0,561610
298,000821,2018-03-05,0.025080906148867266,0.009708737864077666,0.35680527610178775,13739.0,86775.0542987204,1201,26476154,21624526,1308629,698011,5804037,5315400,4379918,5075808,4952118,5178112,1220811,1657523,1441728,1333269,0,1418391,7368913,948012
299,000822,2018-03-05,-0.01038062283737018,-0.013840830449826869,0.1876568967617746,18081.0,74290.799763686,2137,49275580,26725468,1737443,1652109,15142533,8668963,7735299,5954548,8117243,3778054,3916265,1784761,3916824,704582,2996122,884547,5713851,3297904
300,000823,2018-03-05,0.010869565217391353,-0.0039525691699603405,0.22830361872798746,21000.0,131260.51572112393,1966,48005367,46739944,1368902,1257696,7600043,14974118,6500637,6917889,9261158,8542342,5422325,3472197,2960567,3386503,400400,1322345,14491335,6866854
301,000825,2018-03-05,-0.03129657228017879,-0.032786885245901565,0.11596259640162106,74925.0,490947.7217703473,3359,438413297,291957343,889104,808875,15564515,9870781,21376421,20177688,42582300,43411210,34563641,28095936,27423864,25828957,20361044,19551809,275652408,144212087
302,000826,2018-03-05,-0.008210742387957604,-0.007868628121792676,0.7438281072675048,20307.0,96329.21284155529,1544,44676595,35217384,1016707,1316586,7164564,9158977,6913514,6104056,10120582,6167842,5953465,3938525,2521258,2951588,2146243,1297176,8840262,4282634
303,000828,2018-03-05,0.0,0.000950570342205248,0.4414960594061417,5265.0,39936.818168362384,567,6023575,5988981,534752,457255,1423337,1346395,1541684,1871221,1684839,1822463,210799,491647,628164,0,0,0,0,0
304,000829,2018-03-05,0.05222222222222239,0.05999999999999983,0.19884366811374346,20160.0,396092.9972442795,2059,138270419,62111052,1852085,1339324,9921507,8016978,11499962,6472054,12599587,10405208,11512260,5987577,5158416,3491933,5460708,1715281,80265894,24682697
305,000830,2018-03-05,-0.1020318021201414,-0.08833922261484095,0.38091293805128984,174335.0,1085749.2980408457,3539,922911490,810882830,285318,309605,8644433,8529540,16722433,16634357,37414122,50386959,45049230,49254480,33480305,32929702,33740026,40523560,747575623,612314627
306,000831,2018-03-05,-0.0009250693802035359,-0.0018501387604071828,0.2659249378937925,18292.0,111257.54063333721,1653,44432249,35585820,1231035,1145107,8514633,7276718,7779461,6052976,8936992,7353629,6487691,4065649,3787053,3775228,1288833,1314063,6406551,4602450
307,000833,2018-03-05,0.012944983818770295,0.004854368932038833,0.30417362909964035,6160.0,36936.17568026334,412,3560846,4000341,430368,660541,1571574,1114464,813657,446055,745247,673691,0,726150,0,379440,0,0,0,0
308,000835,2018-03-05,-0.004005340453938633,-0.010680907877169576,0.36262089694036903,7480.0,50147.71443880092,426,6303355,3109595,463260,460206,1947363,1378550,800608,617072,1716900,300047,643224,0,0,353720,0,0,732000,0
309,000836,2018-03-05,0.011673151750972943,0.001945525291829009,0.1213376370789895,13701.0,93061.43360335912,1799,43844733,29707069,1510422,1309684,8384071,6781053,7893918,6975622,9392675,5521706,6119680,3017547,663014,1724191,2186399,934822,7694554,3442444
310,000837,2018-03-05,0.04152249134948094,0.03287197231833905,0.12588945482895164,17910.0,308312.8615341001,2120,93724764,45114965,1347888,1771800,9819590,9506774,10257696,8791273,12647887,9048716,7823149,5105326,4790852,3678282,2869958,1874653,44167744,5338141
311,000838,2018-03-05,0.01737451737451745,0.015444015444015413,0.1699965739814214,9306.0,88333.44376703678,929,13784512,15080722,882241,686521,4150248,3080012,3248130,2005232,2940208,1566193,758969,2120742,642030,710404,0,951925,1162686,3959693
312,000839,2018-03-05,-0.007682458386683688,-0.010243277848911547,0.15301768085089,20844.0,155963.89079191294,2609,110157316,74642018,2058040,1741209,13365816,10160188,14601598,10599476,17343437,14110645,11944373,8416722,7292759,7156631,4670065,7044516,38881228,15412631
313,000848,2018-03-05,0.017410228509249226,0.01088139281828071,0.25839069510379264,6524.0,57072.17242415425,1265,12538076,21377539,1475243,1300654,3350789,4441460,3347144,4354579,2217340,4186413,1330389,2762190,350740,1599478,466431,2170720,0,562045
314,000850,2018-03-05,0.0,0.007109004739336511,0.22823902421657405,8500.0,42852.90802093346,341,4102433,4452074,407686,175984,1893215,1270567,624507,1191785,753025,751649,0,1062089,0,0,424000,0,0,0
315,000851,2018-03-05,0.028205128205128105,0.02051282051282044,0.2269506431009453,19104.0,93347.42572942724,1182,33034226,28951437,987793,740417,5584488,4811430,5687556,5061204,6800635,6067846,5689660,4499245,3673355,2433241,2809409,1863708,1801330,3474346
316,000852,2018-03-05,-0.004914004914005066,-0.004914004914005066,0.25598765088593567,12179.0,45520.9963677033,1011,16835521,10834791,1015576,956072,5089677,4390527,3867675,3017327,3253567,1940455,1934128,229230,672238,301180,468060,0,534600,0
317,000856,2018-03-05,0.012718600953895098,0.011658717541070507,0.3501418149650662,39879.0,169426.84600098626,2907,118544050,124600202,1518202,1242670,17804775,14038379,19406919,18160184,28649380,24079440,12883056,15282011,9755729,8077578,6594866,10744184,21931123,32975756
318,000858,2018-03-05,-0.02330307546402921,-0.022354694485842153,1.241894497364204,169901.0,555374.2598421583,3533,601498794,511953079,188933,254812,4970640,6276954,21812466,19406947,59379585,53018171,58781960,58459389,47372913,48875230,37223106,31923239,371769191,293738337
319,000859,2018-03-05,0.005319148936170137,0.005319148936170137,0.2048959884220005,9412.5,42269.40899641454,336,4064020,3994918,343584,268315,1028135,1987961,727163,975164,1269336,763478,0,0,695802,0,0,0,0,0
320,000860,2018-03-05,0.01196670135275757,0.014047866805410925,0.4384320410581483,7676.0,61774.66271913142,1923,15795472,31091061,1113118,3933740,4705066,7521694,2764526,7479705,3625790,6120415,1765654,1201028,330240,738734,915678,477260,575400,3618485
321,000861,2018-03-05,0.0,0.0,0.1388477402595031,2900.0,31407.15390724713,436,3327179,2595187,279069,506456,1037673,1065600,436984,495704,1226695,320792,0,206635,346758,0,0,0,0,0
322,000862,2018-03-05,0.00512820512820511,-0.012820512820512775,0.181364576662891,6168.0,43443.580457561984,462,6324008,3512097,282020,462575,1904162,1567460,1257152,537415,1396385,721744,693813,222903,305274,0,485202,0,0,0
323,000863,2018-03-05,0.020325203252032464,0.020325203252032464,0.22331633710335674,5000.0,41087.71313564523,485,2559347,5128679,314548,761520,1437804,1205127,263549,1015030,543446,1027502,0,491000,0,0,0,0,0,628500
324,000868,2018-03-05,0.045454545454545636,0.05757575757575761,0.11866260944338079,36244.0,220986.2316296948,3110,137972253,170965539,1540856,1646177,14345151,14182495,18085044,17348414,26519786,27060711,16784546,16874536,11551503,16331173,10796341,12988721,38349026,64533312
325,000869,2018-03-05,0.004509582863585271,0.003945885005637084,1.2482738398490776,17635.0,61398.1999664424,807,11487822,11600911,461082,865211,3787606,5377103,1920297,1544286,1849212,1022201,1212062,741336,710000,602990,890239,0,657324,1447784
326,000875,2018-03-05,-0.006153846153846176,-0.003076923076922977,0.12060576348538779,5474.0,82569.35772096041,727,11062238,6891487,1252637,550538,2241103,1633486,1413825,959426,1880846,2231994,1455254,246330,0,0,888573,0,1930000,1269713
327,000876,2018-03-05,-0.002631578947368318,-0.002631578947368318,0.17290733035281577,6844.5,93996.13712179045,1934,31415585,36977335,1447344,2197915,6381026,5974598,5075397,4416867,5186128,6438312,3299740,3917561,2702862,4217019,1719525,2223839,5603563,7591224
328,000877,2018-03-05,-0.007393715341959317,-0.010166358595193992,0.23097763515804995,21460.0,137285.67704903852,2196,71568424,43224007,1375164,1365522,12106848,10042280,11994297,8752443,17307130,8584190,6031109,5038706,4923276,2862500,2550753,1888132,15279847,4690234
329,000878,2018-03-05,-0.009661835748792202,0.0016103059581320522,0.30600928831771446,20014.0,109999.00615531842,1648,45787497,40111383,1360671,1109737,9621347,6356671,9432251,5271825,8409998,7285363,2838664,5453337,5741188,3779626,1259421,5363124,7123957,5491700
330,000880,2018-03-05,0.06222222222222218,0.008888888888888946,0.5016538306771093,2721.0,28624.327435310075,321,1733432,2743002,300333,291240,909291,975859,53699,663775,470109,579543,0,232585,0,0,0,0,0,0
331,000881,2018-03-05,0.03132938187976286,0.007620660457239525,0.42963319806812184,10665.0,73277.70062118658,755,9419092,11846621,526441,937590,2839310,3457233,2418273,1447061,1398563,1055025,1524354,1030438,712151,0,0,874530,0,3044744
332,000882,2018-03-05,0.006024096385542244,0.003012048192771122,0.0653992461048338,18525.0,229851.73526122104,2601,99087523,89453520,1924534,1756479,11011652,10554571,12536907,10447617,18864818,13963633,10714544,8352662,7394544,6768063,6359393,8579083,30281131,29031412
333,000883,2018-03-05,0.0,-0.00440528634361248,0.1272236756757223,5889.0,64961.71893798462,1275,14366276,5317710,3855641,508589,1969808,1093508,1320527,476567,1612436,912994,1157654,210202,0,394980,910342,0,3539868,1720870
334,000885,2018-03-05,-0.005976095617529875,-0.011288180610889764,0.3551848518397051,14920.0,75150.63549994276,1798,39531353,24935874,937686,1992734,8643326,9094035,7399788,5650365,8657929,4232039,5516379,2002958,1274424,728567,1371952,460193,5729869,774983
335,000886,2018-03-05,0.02070063694267521,0.030254777070063632,0.12009715610683383,27427.5,154788.1187353363,2746,92236050,121947112,1464215,1527551,10890658,16384596,13391930,13865747,19968876,20379170,10826394,11532542,12318623,11443576,4494231,4439390,18881123,42374540
336,000887,2018-03-05,-0.004787552363854086,-0.01675643327348897,0.5010185163967991,11616.5,125092.56865689407,1112,33585699,14704165,1233289,1082977,4980714,3321481,4617565,3758604,6781777,2850451,1427855,1431175,1316087,976822,2721325,1282655,10507087,0
337,000888,2018-03-05,-0.07030527289546717,-0.06753006475485668,0.25807634167432403,20368.0,125375.45360902669,1757,51239551,47432928,956646,959000,6904435,9230419,7132768,7806570,9980264,9678443,5380671,3550835,4000751,2720547,1412964,1779686,15471052,11707428
338,000889,2018-03-05,0.040784313725490184,0.04156862745098033,0.33499058995984127,11817.0,121551.35536424776,1449,34337289,41593199,451757,1970788,2947778,7702891,3133086,5072684,4886501,8708250,3783035,6090302,5386408,3236883,3558180,932855,10190544,7878546
339,000890,2018-03-05,0.0031746031746031633,0.0,0.26033362502414414,634.0,18965.60227726424,585,2195648,1236328,492103,232661,842744,418122,444069,284652,127058,300893,289674,0,0,0,0,0,0,0
340,000892,2018-03-05,-0.0012391573729862992,-0.003717472118959231,0.3670055834181518,10491.0,50638.25740079843,483,8236226,4464951,391762,546752,1792064,1744210,2054984,1166038,1623457,1007951,739023,0,734981,0,899955,0,0,0
341,000893,2018-03-05,-0.009380863039399556,-0.007504690431519689,0.17033084491814438,10550.0,120169.97377857777,980,25939030,13196338,884962,838727,3836743,4060359,2827696,2661191,3204569,1577889,2787994,2784517,1410184,727787,923554,0,10063328,545868
342,000895,2018-03-05,-0.017979144192736385,-0.01761956130888165,0.5679570705701968,20131.0,105578.5688037388,2401,73417884,64608737,1795821,1298518,9428918,10111111,12060423,9323111,19277144,23199620,8865180,11621952,4185732,4425617,2102406,898263,15702260,3730545
343,000897,2018-03-05,-0.003076923076922977,-0.003076923076922977,0.13005109051445896,5559.0,67125.72413081891,625,6451135,6982133,756387,533363,1539454,2090532,1076126,1032646,398958,1360643,515282,833207,940856,708917,0,422825,1224072,0
344,000898,2018-03-05,-0.018786127167630062,-0.020231213872832332,0.134351416447063,21080.0,226032.8043900757,2658,141758688,95110434,2686153,1351236,10977735,8234170,15496736,11070862,21233726,13275433,12602782,9308186,13242286,5327053,8979904,7950857,56539366,38592637
345,000899,2018-03-05,0.0,-0.002024291497975894,0.19626007036273488,1482.0,34139.545476042505,633,3180022,2774941,312699,827910,672652,352743,558873,172700,1076733,712006,220275,251471,338790,0,0,458111,0,0
346,000901,2018-03-05,0.02205882352941191,0.018137254901960942,0.45316519718239257,28868.0,142347.97299738383,2027,72971950,83915359,891880,899590,9897518,8970441,9130588,10793005,16289628,19387138,9210425,8627342,6871317,9115600,8048750,8123864,12631844,17998379
347,000902,2018-03-05,-0.016666666666666607,-0.009803921568627416,0.26860875268532863,8016.0,63259.59852317711,1444,20097933,15794905,1397889,1233924,5752709,5182278,3015954,1995146,3980724,1689741,2217955,240380,968570,2148983,1353722,900844,1410410,2403609
348,000903,2018-03-05,0.0,-0.0032679738562092497,0.1393762051840708,6100.0,121704.5274589121,482,10153275,5106337,381314,512084,1180340,1602707,1462000,1023086,1377516,679535,990419,953120,925248,335805,457500,0,3378938,0
349,000905,2018-03-05,-0.0019512195121951237,-0.0039024390243901363,0.4249938303513627,11198.0,82468.73562639998,581,15085570,6811481,429514,468170,2129267,2466667,2615367,1177729,3321109,1467016,1911753,235861,1744233,383350,1271612,0,1662715,612688
350,000906,2018-03-05,0.012771392081736943,0.007662835249041988,0.3145798315257688,11074.0,63456.597194296555,619,11035281,10426305,777464,469763,2707852,1852720,2628084,2014079,2472002,3284521,1688641,1526822,319545,0,441693,0,0,1278400
351,000908,2018-03-05,-0.009293680297397744,-0.0074349442379182396,0.26979034817846154,2148.0,57037.330681618776,397,4773372,2955651,320089,230338,1119121,873172,940524,306699,638428,437055,265500,776441,0,331946,427710,0,1062000,0
352,000910,2018-03-05,-0.02248803827751189,-0.021531100478468845,0.5021482811325002,14682.5,85002.47345021917,1734,34124860,30462407,424996,1649890,9481459,8841434,4311227,4643664,6739850,4288994,3583584,2629633,3136071,2092737,2274646,2781381,4173027,3534674
353,000911,2018-03-05,0.011857707509881354,0.0039525691699604515,0.2937646533435023,4572.0,32454.725602323328,667,4045056,6365549,516413,996754,1619666,2257042,902469,803451,1006508,1041379,0,916102,0,350821,0,0,0,0
354,000913,2018-03-05,-0.014689265536723006,-0.014689265536723006,0.536881168448299,17350.0,64308.03403112981,1087,23765464,15142763,1013160,797584,5313217,4711882,5480339,3427925,5709730,4217388,3270916,1444594,696559,0,865289,0,1416254,543390
355,000915,2018-03-05,-0.006970069700697024,-0.013120131201312057,0.6089897504643312,12200.0,97161.06615727369,1604,40695365,24228990,1399182,1423963,7263669,6585208,5957683,5128034,7920341,5106201,4914722,3053967,1323666,1712354,2354019,491445,9562083,727818
356,000917,2018-03-05,0.006329113924050667,0.0113924050632912,0.1732234681059095,29640.0,253033.13289189612,2085,106566915,106490959,1373462,1220201,10266885,8312813,11963014,9302438,16486513,16310850,14922463,9874649,8390082,6315308,8103682,5405948,35060814,49748752
357,000918,2018-03-05,-0.005847953216374324,-0.0029239766081871066,0.28459216845856466,6860.0,38808.66375739732,577,7484027,4278991,550952,346379,2595860,1420973,1878096,642276,1431959,1091109,626144,778254,0,0,401016,0,0,0
358,000919,2018-03-05,0.004914004914004844,0.002457002457002311,0.3977541747206478,2439.0,42144.121840341,418,3403812,3275928,316040,342248,1316436,835191,974487,809038,392349,718251,0,0,0,0,404500,0,0,571200
359,000920,2018-03-05,0.0012165450121655041,-0.0036496350364965124,0.4375842220807304,13965.5,58582.332974212484,352,5692996,5595622,253630,389558,1223152,2089803,1217152,1355094,1087611,497768,1592471,246600,318980,0,0,431319,0,585480
360,000921,2018-03-05,0.003009781790820343,0.0007524454477052522,0.3468612694950912,8058.0,60407.71605251695,1468,20589871,14931537,1420653,1323697,5984771,4502421,3436013,3469299,3662901,2007563,1723772,1078848,1329100,343118,0,1298111,3032661,908480
361,000922,2018-03-05,0.004608294930875667,0.004608294930875667,0.28452106192825755,7194.0,31932.835403941393,523,5339198,4830512,455126,493270,2153831,2042004,1604656,1284755,851759,731204,273826,279279,0,0,0,0,0,0
362,000923,2018-03-05,0.005660377358490676,0.006132075471698029,0.6236912791729752,14791.0,54736.01303666293,1155,13488906,21122358,677919,1018719,5435536,5939644,2620875,3294806,1802885,3568558,1357683,5808169,1035990,396440,0,454322,558018,641700
363,000925,2018-03-05,-0.0060606060606061,-0.007792207792207795,0.4729268516278983,6858.0,63318.75033806212,596,10156758,5568337,826317,333750,1864544,1916236,1520263,1085504,2196551,1430587,917342,0,1012215,383240,440832,419020,1378694,0
364,000926,2018-03-05,-0.004739336492891044,-0.004739336492891044,0.33369745823615876,9459.0,82942.0651998531,999,21134976,14185256,1073525,954217,3905805,3093249,2922240,1983976,5405584,2860015,1881176,1645635,1003668,2172939,913578,463480,4029400,1011745
365,000927,2018-03-05,-0.012019230769230727,-0.007211538461538547,0.16024458784245588,8260.0,71608.360796793,674,10979211,8646708,449698,943627,2590807,2666292,1537511,861749,1969643,2371874,1817588,703149,0,0,420810,456352,2193154,643665
366,000928,2018-03-05,-0.003236245954692518,0.0,0.20811620783301157,7929.0,72109.8839386041,882,13658936,11482902,819692,899404,3153587,2098874,3288590,1972928,3228480,3113138,2250587,1439513,918000,363263,0,0,0,1595782
367,000929,2018-03-05,0.008413461538461675,0.004807692307692291,0.3818706830026565,10868.0,41490.30498412074,474,6198485,6170585,503300,483689,2209686,2015953,1094498,2231737,1727001,754777,0,684429,664000,0,0,0,0,0
368,000931,2018-03-05,0.013846153846153841,0.01692307692307704,0.22467100376486468,10576.0,63438.64318466075,837,10699741,16370932,550245,947401,2996138,3590877,2425129,3314621,2172239,3031932,713072,2764314,1442076,716593,400842,1345854,0,659340
369,000932,2018-03-05,-0.04662226450999052,-0.04662226450999052,0.18547771869555946,73969.0,535784.2431118995,3216,364424736,339298040,563613,1083433,8204000,14805027,12211291,25673092,29316969,42680570,32434178,34110464,20951222,31623137,21403144,22269514,239340319,167052803
370,000933,2018-03-05,-0.04092071611253201,-0.03324808184143235,0.13370944943173854,30960.0,191043.61406595784,3428,180824737,109167221,3898236,1084180,20807772,14814847,19218631,18893772,34649956,23515372,21658760,13185929,15893579,12370390,8768298,5275895,55929505,20026836
371,000935,2018-03-05,-0.012805587892898651,-0.012805587892898651,0.3744712118838574,18689.0,95510.34644754071,2106,55386487,40625115,1577840,1344973,12002068,10573791,10270346,7653190,12861600,7207396,5163166,4486495,2041781,3612761,906582,465465,10563104,5281044
372,000936,2018-03-05,-0.008108108108108136,-0.004054054054054124,0.14277356149800913,37960.0,496879.4645372063,2700,143323891,236420467,801025,2063878,7625335,13362109,8854509,17737040,19114525,31709777,10286356,20361758,16231717,19179153,9755493,12918349,70654931,119088403
373,000937,2018-03-05,-0.0017699115044248481,0.001769911504424737,0.13374380957001852,13064.0,55645.39481094526,1788,21595179,30902424,1118922,1866862,4633378,12866140,5592564,5213919,3611016,6930603,2841428,2283370,716102,679800,447706,454110,2634063,607620
374,000938,2018-03-05,0.028775905770091148,0.021171909944833756,1.244086646331961,74767.0,357700.40189189534,2908,242049483,285303889,1028695,638860,9488597,10604715,17673415,18228991,29150510,34252855,21884349,29396014,27956743,24446125,19528954,18547145,115338220,149189184
375,000949,2018-03-05,0.005102040816326481,0.005102040816326481,0.28295120671007973,7860.0,37465.43220445049,191,2145416,1412585,218539,164932,753544,612849,180784,503208,422017,131596,223396,0,347136,0,0,0,0,0
376,000951,2018-03-05,0.0077071290944121795,0.004495825305073975,0.37737256026741345,6276.0,45544.79678663622,1705,14507797,18272354,703824,3149677,5447799,6636452,2284320,1609033,2154641,3522204,1546238,1212703,1019402,620391,1351573,888879,0,633015
377,000952,2018-03-05,0.02837423312883436,0.006901840490797673,0.804227134955542,9205.0,54918.6036472206,262,3754065,2791989,353577,169701,1038377,567701,640221,615025,759331,884742,294975,0,667584,0,0,0,0,554820
378,000953,2018-03-05,0.06233766233766236,0.03896103896103886,0.22022773495568101,11955.0,74104.98218681217,1224,19734255,18368364,1236243,1179253,6173433,5315279,3301669,4023633,4691037,2505388,1502064,493695,720175,1071025,923398,0,1186236,3780091
379,000955,2018-03-05,0.0028818443804032867,0.0014409221902016434,0.2416693245792852,6970.0,111929.33787190082,825,9202212,17690753,483149,831139,3326382,3251099,1584328,2575359,2197926,2895734,915427,1209990,0,0,0,451200,695000,6476232
380,000957,2018-03-05,0.008510638297872353,0.01382978723404249,0.2682870952587776,14085.0,79845.96985200226,1228,25903407,21314122,1267908,1162942,6659286,4737169,5421900,3562868,6530140,5738395,1916030,1656353,2011144,1376648,405001,855098,1691998,2224649
381,000958,2018-03-05,0.006578947368421018,0.004385964912280826,0.14707330194111284,5954.0,41337.622243590544,962,10663983,8939948,924099,1050445,3437437,3281304,2276971,1676799,1558337,1883556,758496,685824,1708643,362020,0,0,0,0
382,000959,2018-03-05,0.0,0.0017889087656528524,0.12631677385863713,2967.5,50691.144538684006,1968,12876710,15351958,2563050,2191839,3001972,3426927,1914678,2552402,1314111,3164507,1695742,704450,995527,1031852,426796,0,964834,2279981
383,000960,2018-03-05,0.0006993006993005757,0.00839160839160824,0.27103437169847006,23168.0,214096.51354226226,2787,122295919,137491478,1080770,3041023,8680318,11042176,12073466,12341307,20290382,25230125,14676030,16919251,10234597,9359455,7130575,9865463,48129781,49692678
384,000961,2018-03-05,-0.03753351206434319,-0.03217158176943702,0.16931259748730823,26262.0,232781.69709547964,1948,98932010,62469935,972920,1069086,12138822,5796058,8880664,19800393,9522477,13373356,7361254,4316164,7344566,4355551,5290599,2638616,47420708,11120711
385,000963,2018-03-05,0.03004216444132113,0.024947294448348645,1.1896519450213467,29160.0,226522.6233998375,2291,105289972,118608420,1374787,822239,11594298,8974570,13274518,11144559,15327667,21839710,12258010,10811078,6168628,9895784,3556174,7378318,41735890,47742162
386,000965,2018-03-05,0.0018416206261511192,0.0,0.2030469385866281,5450.0,45854.57380055384,715,7093994,8315976,344585,1368227,1567005,2350056,2033423,1398695,1812657,1015834,1010524,651417,325800,687542,0,844205,0,0
387,000966,2018-03-05,-0.002949852507374673,-0.002949852507374673,0.12620596503819273,6720.0,54648.81955296733,722,10929064,6353418,761270,318211,4023134,1448361,1458301,1587596,1531474,2053908,1102166,201237,1053414,0,453925,0,545380,744105
388,000967,2018-03-05,0.025094102885821812,0.02885821831869495,0.24436033617345493,12750.0,116147.12319184457,1069,20332504,26563276,1179824,875647,4015104,4419572,4702963,3973952,4165466,3985207,2879466,4984783,1425019,704154,498162,1327605,1466500,6292356
389,000968,2018-03-05,0.0029112081513826826,0.008733624454148492,0.3868405193304471,8208.0,31272.9327725974,1264,9558617,13470808,1166508,1535382,3875502,6870152,1696129,2231577,2104846,1512607,715632,976090,0,345000,0,0,0,0
390,000969,2018-03-05,-0.005031446540880502,-0.005031446540880502,0.2098801370681351,7137.0,83746.64272383654,1436,23643952,15247244,2443482,1039475,4568284,3249403,3443000,2670805,4632415,4204876,2089886,1145385,1127875,0,1343173,491928,3995837,2445372
391,000970,2018-03-05,-0.0007763975155280489,-0.010093167701863415,0.2321772593499637,44712.5,581843.538932961,3082,320155661,242389412,1452393,1034041,12823361,11961235,16406101,14818953,25006775,27908928,23352006,21971745,21622665,15125433,12969877,18695741,206522483,130873336
392,000971,2018-03-05,0.0008354218880535225,-0.00835421888053478,0.40030035871231984,13062.5,75644.8314648293,894,16430243,11494010,627156,771198,3872818,5219563,2747996,2099602,2392728,2189380,515128,494520,701348,719747,1754140,0,3818929,0
393,000972,2018-03-05,0.016348773841961872,0.01089918256130784,0.1935100199559209,7360.0,68673.68142853491,359,4221625,4788996,335352,346944,1786122,998349,823931,832085,117486,607296,539332,213696,619402,330300,0,0,0,1460326
394,000973,2018-03-05,-0.00576923076923086,-0.00576923076923086,0.1693746074451043,5180.0,45035.523551854494,943,11513401,7671110,591769,917089,3201479,2790141,2271548,1278133,2741075,1770461,939064,915286,618515,0,0,0,1149951,0
395,000975,2018-03-05,-0.004739336492891044,-0.0060934326337169775,0.40530385651069967,7385.0,61215.21464141844,1329,15876043,15347787,1048168,1784472,4371116,4671581,2847265,1683860,2517193,3983077,1534158,944026,336030,1108395,939213,471228,2282900,701148
396,000976,2018-03-05,0.005988023952095967,-0.008383233532934131,0.2706124101889386,1666.0,41534.252702066675,952,6283412,7827758,494594,1081079,2199462,2250323,1414787,1954495,1242357,964824,517713,765447,0,0,414499,0,0,811590
397,000977,2018-03-05,0.029268292682926855,0.011707317073170742,0.35653141673947175,111567.5,680787.3356796658,3312,427911318,552725631,540656,383928,10368296,10671877,17641452,15080100,38513370,37311752,35587577,34943824,28136720,30088291,29955417,35627989,267167830,388617870
398,000978,2018-03-05,-0.005134788189987138,-0.0038510911424903815,0.40072570646894146,11428.0,49706.43622226742,377,7291029,3918488,453449,374371,2023797,1336340,1098743,955828,2761197,745206,515051,200203,0,306540,438792,0,0,0
399,000979,2018-03-05,-0.006329113924050667,-0.006329113924050667,0.03462473297753625,4992.0,113896.82971289667,2163,29312384,32082303,2024775,2178543,5840890,6321702,3751132,2503969,2970023,3594549,2333745,1031318,2665117,1795123,2810331,2147011,6916371,12510088
400,000980,2018-03-05,-0.002846299810246644,0.0009487666034158071,0.22599768439765316,9396.0,59271.37729746225,2177,28028667,30410661,1856783,2311449,7537370,8631197,5112062,5921015,5660582,4773622,2940039,3692712,334752,2606300,1351018,1400233,3236061,1074133
401,000981,2018-03-05,0.018050541516245522,0.02406738868832714,0.31245359948327156,5064.0,82341.58917557451,707,8451210,10025103,771224,702295,2009005,2006918,1059011,1785666,1200427,2152262,296595,907492,0,987720,0,0,3114948,1482750
402,000982,2018-03-05,-0.009063444108761365,-0.009063444108761365,0.10098595595292963,8950.5,65959.427683143,1078,21497886,11711149,1206781,813917,4750753,3493169,3387238,2737947,3285566,2988394,3115930,767165,1746832,328328,2223241,0,1781545,582229
403,000983,2018-03-05,0.0022222222222221255,0.0022222222222221255,0.18819653605093478,21744.0,161985.20471475367,2289,79000819,70302608,1655600,2228292,10472154,11090849,11660347,12615829,11670563,14226138,8194574,7336196,4817335,4400879,5782889,3168055,24747357,15236370
404,000985,2018-03-05,0.009242144177449063,0.01109057301293892,0.6382591035102279,4908.0,16156.765816125502,646,2388930,3612760,396225,1440447,1057973,1642364,549352,365949,385380,164000,0,0,0,0,0,0,0,0
405,000987,2018-03-05,0.04040404040404044,0.04343434343434338,0.20248707567638044,18899.5,258323.31807091704,2400,73226844,104548388,1507786,1626759,8703468,10783111,8755617,10213566,11728378,17619680,8663200,12300737,5491568,8451328,4357519,7921424,24019308,35631783
406,000988,2018-03-05,0.03130990415335466,0.025559105431310014,0.3305164582228335,23835.0,136618.5767400918,2243,66135196,90563891,1639672,1485510,9585147,11234990,8804567,14920560,16277043,17939272,7717894,10252448,5679773,8614892,3250701,3242662,13180399,22873557
407,000989,2018-03-05,-0.0024177949709864865,-0.011121856866537772,0.55979045031053,18441.0,149321.78389186974,1368,53435744,36218324,718180,955534,7256900,4632601,5596344,3776250,7995785,5137455,5713541,3257241,5398469,2386447,6158047,1368585,14598478,14704211
408,000990,2018-03-05,0.003168567807351197,0.0019011406844107182,0.42098713672461036,7900.0,47962.160313290515,1407,13442309,13902202,2568600,2433847,3386716,4109849,2252630,2050451,2548326,2864116,765247,472640,1260446,0,0,0,660344,1971299
409,000993,2018-03-05,0.005681818181818121,0.009943181818181879,0.3002798320648017,2019.0,32339.229082025493,549,4278333,4169736,411076,312851,2017871,1065828,1029013,933172,586305,1325985,234068,213300,0,318600,0,0,0,0
410,000995,2018-03-05,-0.02879291251384275,-0.025470653377629993,0.30497004165965347,8790.0,36308.849580173475,877,11179570,7050828,958799,1103085,4178480,2921375,2386940,1500879,1990239,757530,1278362,767959,386750,0,0,0,0,0
