,code,date,pchange_whole,pchange,change_std,amount_median,amount_std,length,sumsell,sumbuy,sell_vol_0,buy_vol_0,sell_vol_1,buy_vol_1,sell_vol_2,buy_vol_2,sell_vol_3,buy_vol_3,sell_vol_4,buy_vol_4,sell_vol_5,buy_vol_5,sell_vol_6,buy_vol_6,sell_vol_7,buy_vol_7
0,000001,2018-01-12,0.0074349442379182396,0.0014869888475836923,0.22932636756110114,124016.0,1009611.0429696371,3442,722035068,674654518,597671,607578,10706273,9489415,20558014,18124228,49149478,35706576,45666119,36822743,36581068,29101050,32685151,27722265,526091294,517080663
1,000002,2018-01-12,0.012820512820512775,0.009686609686609504,0.5917817337086704,138918.0,1009826.911204541,3520,694365397,848231375,238513,380922,8560493,12874276,15047864,25613942,32640964,47440338,31525243,39696176,30601073,38110168,22878987,38246359,552872260,645869194
2,000004,2018-01-12,0.004524886877828038,0.0009049773755656076,1.215027234632997,11055.0,37335.91931615033,330,5014917,2343610,354656,262073,1915656,827102,902722,611322,1124577,383724,717306,259389,0,0,0,0,0,0
3,000005,2018-01-12,0.02102803738317749,0.02102803738317749,0.11794462186511694,9680.0,71996.1323400813,1320,16665694,23768526,1333701,1255326,5277683,5161352,3963246,4899954,3257012,5078982,1482369,2123468,358224,0,427125,1382602,566334,3866842
4,000008,2018-01-12,0.010489510489510412,0.010489510489510412,0.22411387607160577,8690.0,114977.25893898694,1466,27458567,32696044,1272864,1597660,5766179,4947867,6958600,4085102,4838719,4785168,1184709,2977824,989176,2188287,2622731,4461182,3825589,7652954
5,000009,2018-01-12,-0.0014144271570014633,0.0,0.15018326514181934,14160.0,140743.3830835422,2219,61966471,66801719,1352234,2710459,8330839,9761296,6838572,10464733,7773959,8851347,5869633,8906815,3601974,5583300,2793831,3093028,25405429,17430741
6,000010,2018-01-12,0.030981067125645634,0.003442340791738552,0.15392769123248357,11640.0,59812.04950274565,1426,23046674,20325591,1301559,1373809,5533914,6036915,5193592,5426378,3539197,3694494,2765438,1130231,1729287,1467242,1264770,0,1718917,1196522
7,000011,2018-01-12,0.017765042979942747,0.016618911174784978,0.3750417062880459,28872.0,103737.2987257109,2166,61933645,82068967,1431034,1203108,10831986,9975635,11985561,11704382,15124249,20266215,8400369,13823121,5017470,9663346,4863951,5374260,4279025,10058900
8,000012,2018-01-12,-0.01916572717023679,-0.013528748590755257,0.19736773640578886,17730.0,193434.80127341565,2022,91860226,63572141,1812570,1627492,8613075,7850538,9812811,9708195,12006836,10427757,8901149,5488975,4581275,5259773,7151113,2615210,38981397,20594201
9,000014,2018-01-12,0.10789049919484706,0.0998389694041868,0.2337704196671603,40755.0,323491.1275279603,2834,150669427,174606462,1182889,1468616,10884611,13664394,15022255,17568151,25289429,24956557,17160412,22504432,13221816,15081752,10319897,12913018,57588118,66449542
10,000016,2018-01-12,-0.0045045045045045695,-0.0030030030030030463,0.14644080454506697,16387.5,108773.31439032542,2074,57272362,48653374,2130734,1117882,10183216,6465586,12109513,8206008,11797722,9675285,3821742,7040164,4233503,4655655,1787898,3586687,11208034,7906107
11,000017,2018-01-12,-0.0015999999999999348,-0.011200000000000099,0.34413679367266964,6230.0,36076.4567353677,329,4238667,2076178,304463,258149,1734135,739267,590724,404904,1139735,407410,469610,266448,0,0,0,0,0,0
12,000018,2018-01-12,0.0,0.001607717041800738,0.203082119267277,6240.0,100382.25233251855,938,15703280,10335180,905755,947535,3719130,2504521,2611828,1439627,1296848,1488366,1474378,1207469,1038766,1499662,1335334,0,3321241,1248000
13,000020,2018-01-12,-0.006849315068493178,-0.007534246575342407,0.746282700933769,8733.0,30966.823050803763,382,3635628,2996779,422129,345986,1425183,1390016,1097797,472203,451434,326349,239085,462225,0,0,0,0,0,0
14,000021,2018-01-12,-0.03945111492281306,0.020583190394511064,0.19787011018690073,116919.0,1403416.1148510885,3488,580027983,810075653,556845,657556,10952172,10164858,20581066,19789989,45216269,43030531,31870021,35730747,30238773,37485830,24028895,29858781,416583942,633357361
15,000023,2018-01-12,0.003406326034063323,0.0009732360097323145,1.0065188637898228,10437.5,71742.20619242413,416,8450155,5107061,366865,334532,2123752,1442478,1839048,563401,1533092,420913,948689,849848,302658,632306,1336051,0,0,863583
16,000025,2018-01-12,-0.0018191268191268817,-0.0010395010395010118,1.0787486703041644,15391.0,63124.02490533401,1272,23824577,16146601,1126502,1253029,6529773,6178284,4340406,3854821,3970601,3877898,1820020,271810,2476062,710759,0,0,3561213,0
17,000026,2018-01-12,-0.0027548209366392573,-0.0036730945821855654,0.5078109369011996,14105.0,47334.295922106496,459,8720611,5689561,296669,350107,2331064,2268876,2009182,1841465,1904466,1229113,1420510,0,319976,0,438744,0,0,0
18,000027,2018-01-12,-0.003252032520325243,0.0,0.18990601316098993,6150.0,36438.56189311927,1049,7494999,8466383,1172581,1416416,2134782,3759164,1513942,1711083,1247475,628902,728101,212790,698118,0,0,0,0,738028
19,000028,2018-01-12,0.008237232289950658,0.0024711696869852418,1.7673488380206268,12170.0,90302.37582407829,1179,25551340,9620034,2206152,622057,5584670,3128732,2600292,603554,2550759,637372,737590,930037,3704379,649987,1210580,0,6956918,3048295
20,000030,2018-01-12,0.0012300123001229846,0.0012300123001229846,0.3082483872913012,4896.0,51989.23770831751,695,6450204,6804844,1324024,457722,1842664,858391,1576329,743736,846472,1087054,0,2629735,0,0,860715,494705,0,533501
21,000032,2018-01-12,-0.008849557522123908,-0.005899705014749346,0.47632904413867266,10110.0,39740.13235298065,455,6909530,3885321,462504,347552,1918684,1648984,2272285,744939,1443326,839346,477759,0,334972,304500,0,0,0,0
22,000036,2018-01-12,-0.006930693069306937,0.003960396039603964,0.20783724972602052,40820.0,256012.3242566504,2364,132338732,148903328,804796,822889,10104951,10640392,10177686,13205261,19065523,26471183,19541557,18307142,14204162,16953716,8835041,13804009,49605016,48698736
23,000037,2018-01-12,0.0028571428571428914,-0.0014285714285714457,0.3660445242486324,7000.0,34993.47115423834,365,2452190,3118602,334390,323371,889230,1517202,557016,893410,112254,384619,0,0,0,0,0,0,559300,0
24,000038,2018-01-12,-0.015996122152205472,-0.014057198254968428,0.6200125834101515,12270.0,50860.38953024555,1107,21719790,11738832,822308,1009404,6423307,4681240,4522531,3237604,4463466,1821333,2554068,989251,1069067,0,1281031,0,584012,0
25,000039,2018-01-12,-0.00802496656263929,-0.009362460989745913,0.4342184347333352,26724.0,199260.11448351032,2670,134173645,104104615,1657831,1599473,11846891,12445123,12143462,11675839,19881499,14734496,27286876,15984829,8528026,8327554,7995312,4177132,44833748,35160169
26,000043,2018-01-12,0.03353658536585358,0.03455284552845517,0.27051674780633567,25700.0,141977.05364146683,1325,45761801,57054109,679034,798310,4403255,5256060,6014576,7019739,9169453,11980167,5739717,9896765,4881269,5462383,4872629,1753184,10001868,14887501
27,000045,2018-01-12,0.0030333670374114163,0.005055611729019027,0.3810796216164595,10923.0,68859.18504024472,673,10807597,9513710,754107,751450,3131710,2573863,1717635,2148811,2426402,1827676,219232,281281,707597,691869,958924,499500,891990,739260
28,000046,2018-01-12,0.010204081632652962,0.011479591836734748,0.2610816295961844,16020.0,86691.22906715305,902,20314102,21536597,771082,888524,3804822,3611980,3355193,4687268,5994668,4515528,2965259,2094124,1043142,1827205,1222641,1288642,1157295,2623326
29,000048,2018-01-12,0.006461232604373812,0.001988071570576455,1.3577502466055305,6048.0,72514.516529965,219,3873597,1273826,240521,164038,1229335,202652,183869,158462,441151,486933,471959,261741,0,0,0,0,1306762,0
30,000049,2018-01-12,-0.009497625593601455,-0.007248187953011742,1.1286458568754862,19825.0,93064.39377036033,1256,34145320,20262843,1014853,1065062,7306716,5883270,6599828,3020213,5274176,3627623,4236123,3334217,1991800,790420,418845,906929,7302979,1635109
31,000050,2018-01-12,-0.019500000000000073,-0.019500000000000073,0.3926762936451339,23772.0,208262.81088614065,2596,128963898,77617564,1461839,2241544,11304658,12193588,13458273,11118269,17614380,16556756,14756165,9003530,10151513,6797663,5727100,4674671,54489970,15031543
32,000055,2018-01-12,-0.009448818897637712,-0.011023622047244053,0.22751256660227315,6908.0,62997.14539738763,779,10945427,6436961,1326569,625550,3118737,1958337,2180319,966836,2407145,1037924,959896,512804,359324,0,0,0,593437,1335510
33,000058,2018-01-12,0.02533333333333343,0.021333333333333426,0.20664250271102072,15500.0,74619.36724356326,1318,22754590,27823959,1260365,955413,6734901,6046481,5032730,6230449,4859933,6363920,2084284,3518599,1325685,728478,0,1347487,1456692,2633132
34,000059,2018-01-12,-0.005633802816901401,-0.0028169014084508115,0.2123174334435331,31950.0,201187.50972395638,2519,114834691,137872442,2255812,1004941,11560083,10081328,11851163,13978217,20098439,20716360,16855060,15350903,11771648,15945737,7509167,7587979,32933319,53206977
35,000060,2018-01-12,-0.010389610389610504,-0.010389610389610504,0.21632363699948354,35278.0,655211.2536412396,2855,184102632,192507542,1188594,814510,21537027,9201904,17989435,11722063,24592699,18628408,23731220,17493332,16430195,11541120,8190271,11552118,70443191,111554087
36,000061,2018-01-12,-0.0025510204081632404,-0.0012755102040815647,0.27830913389549206,4710.0,42332.581388526225,793,9295223,5338541,1450266,435103,2586018,1319288,1610809,854089,1866468,1404742,1467662,460905,314000,0,0,864414,0,0
37,000062,2018-01-12,-0.014255765199161385,-0.012159329140461361,0.7792688967965428,11982.5,74633.81057929907,936,19058252,13606012,1165434,621140,4908421,4153994,3674519,2275894,3386834,2523924,1878702,1538588,369096,728472,1800700,0,1874546,1764000
38,000063,2018-01-12,-0.01022381873445699,-0.013539651837524036,0.6059035519935128,227524.5,1037567.0834887025,3568,970701076,768955414,89757,240292,4011983,7242712,13938106,17560571,42850142,52455958,52144643,54584809,45376394,52474630,52708670,41788439,759581381,542608003
39,000065,2018-01-12,-0.015718157181571768,-0.01680216802168011,0.48450562243264694,12712.0,58694.36518999211,1450,25325237,13502083,1841284,1534636,7936962,3957261,4436794,5339324,4313410,1150537,2174754,273600,981010,0,1351426,435935,2289597,810790
40,000066,2018-01-12,0.006849315068493178,0.015068493150685036,0.12963402063856574,61074.0,505248.27589000214,3182,277757262,323463067,1332465,934731,14338262,11989907,19948182,16970368,36740880,31817960,28883727,25949223,20874199,22060872,16184491,22255460,139455056,191484546
41,000068,2018-01-12,0.029520295202952074,0.01845018450184499,0.247535855988582,11148.0,78847.36274925762,480,7076092,6941243,374623,445634,1853728,1870195,2026594,2056144,587959,1880460,706137,688810,0,0,0,0,1527051,0
42,000069,2018-01-12,0.019251336898395754,0.016042780748663166,0.16981347400588495,41910.0,393441.1884796115,3040,216027895,302455743,1412849,1883214,9966386,12498520,12249753,16168624,23733278,27481914,21007059,20691844,18771013,18145478,18176558,25138929,110710999,180447220
43,000070,2018-01-12,-0.022840119165839168,-0.028798411122145096,0.21041805626233437,14985.0,206496.55423084425,2296,100531591,50507719,1965111,1615168,10523048,9849275,8507581,7547246,9676810,10274065,7195101,3960697,4990555,5198390,5672102,2633594,52001283,9429284
44,000078,2018-01-12,0.008403361344537785,0.005042016806722671,0.1561732422896721,8428.0,115022.29881653925,1453,23361083,31868825,1015651,2106788,3946255,6309322,2432521,4761116,3329335,5536338,906693,3042789,2814636,2096886,1760478,1346188,7155514,6669398
45,000088,2018-01-12,0.015247776365946653,0.02287166454891998,0.23803213385468117,16100.0,109322.79640783492,1093,21484528,36345634,866226,1043612,4763234,5569163,4011148,4486364,3824532,7464785,2686936,5282865,2484329,2438768,1696548,2155512,1151575,7904565
46,000089,2018-01-12,-0.008045977011494121,-0.008045977011494121,0.1880127662756981,6083.0,83639.1291767102,2142,43472739,16804222,3702231,697484,10106797,3221214,8081267,2331408,6519017,3357289,4374530,2834899,1656094,0,1327383,0,7705420,4361928
47,000090,2018-01-12,0.016744186046511622,0.012093023255814073,0.2319949299160661,19656.0,168930.72364653705,2150,62523367,83655393,1488167,1782196,7736266,9495595,8576015,9438100,13078364,16492227,7028072,10406935,7710686,7150109,3574360,2699824,13331437,26190407
48,000096,2018-01-12,0.000741289844329085,-0.002223869532987366,0.7102306854418569,9436.0,30094.01203881903,360,4959017,2017327,367878,288744,2124860,1094764,997244,470979,1201977,162840,267058,0,0,0,0,0,0,0
49,000099,2018-01-12,-0.014925373134328401,-0.011727078891258125,0.28315156553205356,4650.0,39523.193981135606,1097,12940241,4763796,2602265,558334,2763141,2153220,2940873,774428,1727735,510791,1232534,767023,692688,0,423605,0,557400,0
50,000100,2018-01-12,0.010101010101010166,0.012626262626262541,0.06876813318731129,41303.0,433955.9412395358,3345,233158768,337238496,1095196,1732924,15297116,15099846,15378840,18560379,26139969,28375218,25445457,28616000,14897822,20024151,17386101,15925149,117518267,208904829
51,000150,2018-01-12,-0.011721366376423292,-0.03817816476892166,1.437302531022562,11596.0,51359.24247698379,431,8457887,1989213,516788,302769,2542064,1296041,1491214,390403,1510378,0,671787,0,753332,0,436500,0,535824,0
52,000151,2018-01-12,-0.0007917656373714888,0.002375296912114022,0.5839458142531211,12650.0,60706.39591528574,467,8546125,5917791,324566,421860,2235561,1762146,2074656,1601829,1339576,1041995,784486,247940,760200,333221,0,0,1027080,508800
53,000153,2018-01-12,0.0036540803897684437,-0.0036540803897686658,0.49606620892772507,10659.0,50434.28113380323,273,4220079,2897117,223072,299137,1346279,894919,828266,651264,785075,704472,221387,0,0,347325,816000,0,0,0
54,000155,2018-01-12,-0.009900990099009799,-0.013201320132013028,0.14013704569342242,14472.0,242028.51745987328,1873,78767306,33634805,1843394,1193538,9518427,6031070,10496866,5939461,9397120,7744836,6716305,1136535,4074628,2404845,1293535,2327971,35427031,6856549
55,000157,2018-01-12,-0.004376367614879806,-0.004376367614879806,0.10385281234254866,8702.0,156195.7870652012,1943,57615332,37665498,1452101,1930817,6786869,7006635,4496653,3894986,11396923,4714877,5942623,5323870,4392408,1790184,2646432,3200700,20501323,9803429
56,000158,2018-01-12,-0.004790419161676551,-0.007185628742515049,0.2081787547462598,8260.0,95304.93470916318,1610,30752092,21233089,1390495,2696903,5530304,6176492,5821000,3534298,6148118,4916862,3200069,2615940,0,686384,918678,0,7743428,606210
57,000159,2018-01-12,-0.005555555555555647,-0.009259259259259411,0.24630380034821273,6748.5,41408.72816062329,480,6200322,3936012,330897,739290,1953034,1569559,827998,887192,1517688,253796,1150527,486175,0,0,420178,0,0,0
58,000166,2018-01-12,-0.0018726591760299671,0.0,0.13092649879644394,7128.0,97423.90586814411,1667,26941384,27652417,1249305,2082442,4891230,6733775,3120744,2786373,5021457,5732258,2417932,1687458,1261900,988677,2077927,400715,6900889,7240719
59,000301,2018-01-12,0.015177065767284947,0.006745362563237878,0.15229474652679512,16267.0,94914.59312657446,1518,39342195,34240016,1300951,836971,7728333,5260630,7649798,6615086,8924706,8962048,2238557,2904700,2449567,3009408,3758513,852875,5291770,5798298
60,000333,2018-01-12,0.019792016101979115,0.012579671251258029,0.9992397055237834,126378.0,461032.59285251977,3561,425541110,480646584,282436,138138,12302889,5712856,30005354,18168246,70104843,49429237,50642909,42173839,41162146,41839788,25726839,24033337,195313694,299151143
61,000338,2018-01-12,-0.0034482758620688614,-0.0034482758620688614,0.1518454885928439,39375.0,350778.2871907887,3289,228401129,185353414,1928211,1324244,16912641,12803520,20519382,18224438,25666547,26950313,38704689,26491556,17431358,10370411,13210214,8984451,94028087,80204481
62,000400,2018-01-12,-0.003058103975535187,-0.004587155963302836,0.3317692844685958,9156.0,89158.96313552557,1554,33805097,23976558,1718282,1961665,5605145,4594706,4783787,3425446,6624613,4433224,5094116,4543238,2125930,2051520,936649,1766416,6916575,1200343
63,000402,2018-01-12,0.012953367875647714,0.011226252158894612,0.2225939248484423,38643.0,397229.5367352682,2709,207455831,213684763,1064720,1210162,10208251,9640809,13183850,12490770,25771855,23022423,22292642,22244294,11956986,10850564,13058416,9017205,109919111,125208536
64,000403,2018-01-12,-0.0023890784982935065,-0.0013651877133105117,1.8069698192673662,20513.5,63345.985858958215,262,6922541,4471316,138639,217964,1683690,901997,1017217,812129,1783460,1333366,2299535,1205860,0,0,0,0,0,0
65,000404,2018-01-12,-0.001612903225806428,0.0,0.3140038417694353,14880.0,87994.01926315624,389,11278296,6857501,360292,263840,1970421,1459322,1330921,1475567,2549592,2406578,1481420,0,1670000,714902,433300,0,1482350,537292
66,000407,2018-01-12,-0.021601016518424387,-0.019059720457433316,0.22808876143164006,11745.0,108255.81359535204,1191,32247863,15348177,1035678,1088841,5626534,3998367,5195179,3212561,5009524,2962509,3142895,949014,1861450,787837,2700769,465000,7675834,1884048
67,000408,2018-01-12,-0.018720748829953116,-0.027041081643265685,0.4432872139940598,30016.0,238806.60843884174,1883,105989770,59023483,1009174,1287070,9822429,8348634,10194819,9656191,16058578,11293633,13289550,6602960,6955904,5092727,9227882,4179806,39431434,12562462
68,000409,2018-01-12,-0.0034071550255537764,0.0,0.1989690415466434,6457.0,70722.74017355069,871,11977975,10346109,1092634,694652,3335978,2206262,2099026,2752830,1480075,1990684,691926,1548698,367965,1152983,909915,0,2000456,0
69,000410,2018-01-12,0.012596899224806002,0.0009689922480620172,0.3072182730523917,15495.0,70290.27506330256,1128,24120574,19802572,861657,695810,5575223,4022096,5980593,4825580,5677798,5354189,1188990,2036782,1769365,939284,848031,888831,2218917,1040000
70,000411,2018-01-12,0.00048661800486615725,-0.001946472019464629,1.1049842222787538,20600.0,48089.33062947428,345,4426049,7966343,218038,108934,1401702,2484169,951964,2074069,982414,1946161,871931,1353010,0,0,0,0,0,0
71,000413,2018-01-12,-0.007352941176470673,-0.006302521008403228,0.1714988660675109,40068.0,355472.92752666044,3085,216855520,253175876,1272196,2024568,12397137,14526458,16283213,16166486,27089289,26041551,17148572,21705679,12484090,12756278,15867938,15262165,114313085,144692691
72,000415,2018-01-12,-0.004934210526315819,-0.008223684210526327,0.14094587316745077,6050.0,96771.64278182355,1865,40947266,33860587,1710694,1151148,6196868,3925127,6711997,3353818,8892035,14923445,3734857,1488536,3428530,2815497,868557,1429967,9403728,4773049
73,000416,2018-01-12,-0.0027247956403269047,-0.00544959128065392,0.34429466027741185,9913.5,50605.161716860726,454,6102465,4829496,352616,559535,1930928,1629260,1896658,677121,748423,1197790,452840,765790,0,0,0,0,721000,0
74,000417,2018-01-12,0.0062893081761006275,0.007547169811320753,0.27487742694368567,8794.5,79729.73550406979,836,14189746,14581290,681542,937727,2303511,3760150,2346474,2533432,3199844,3077009,1149965,2442918,2072368,652053,464000,0,1972042,1178001
75,000418,2018-01-12,0.009027777777777857,0.002083333333333437,1.9390886173505641,21600.0,253491.89239812014,1379,61304252,54774760,1609577,921878,7186239,6436752,6780119,5687965,7069452,8153053,3654117,3454474,3165683,2794654,1785750,1344138,30053315,25981846
76,000419,2018-01-12,-0.011345218800648316,-0.012965964343598091,0.47469876099530345,8595.0,50793.11564877158,168,3660654,810056,146009,143722,927098,390477,737677,275857,1134025,0,290726,0,0,0,425119,0,0,0
77,000420,2018-01-12,0.0,0.0,0.12202572962196598,6460.0,78122.86768854162,697,9862657,9818017,772532,570240,2880853,1721481,1863061,1245185,2210569,606170,1011925,1256441,639217,779220,484500,0,0,3639280
78,000421,2018-01-12,-0.007987220447284282,-0.004792332268370503,0.268951400884625,6280.0,60536.50412200757,541,10127627,2988462,683272,330212,2641045,986616,1954575,990304,1618144,681330,951053,0,0,0,823125,0,1456413,0
79,000422,2018-01-12,-0.0023923444976076125,-0.0023923444976076125,0.18322988822206335,4992.0,51425.37843542304,520,7551686,6137225,370066,710712,2027807,998262,1370394,1353685,2186563,1349174,1208629,1367606,388227,357786,0,0,0,0
80,000423,2018-01-12,0.006281407035175768,0.0036118090452261775,1.1653399879512116,38637.0,266383.8800747614,2986,154133864,145815703,568614,2296376,10035089,17170773,21452634,20492617,32336381,26157211,12732521,14015544,13655943,9801665,8074800,5766550,55277882,50114967
81,000425,2018-01-12,0.004385964912280826,-0.002192982456140302,0.07983348220678421,51071.0,359842.00275648903,3284,222480624,253424533,1210906,1702977,10882908,14280701,17395522,21041131,33468167,45268427,22360123,28747747,14380044,21652429,14773278,14966509,108009676,105764612
82,000426,2018-01-12,-0.0038131553860820677,-0.010486177311725409,0.23814490133178903,25128.0,155009.90134445418,1943,87277436,53485576,1319271,1128472,6289133,7762518,8542767,8054684,28310925,10021239,8493279,6784930,6999014,4742284,3007213,2721983,24315834,12269466
83,000428,2018-01-12,0.016786570743405393,0.014388489208633226,0.1686725654773355,10450.0,61749.48790798554,611,9566718,11738874,593491,547235,2094247,2751910,1723639,2148489,2366416,3288512,1929025,1455657,391192,679364,468708,867707,0,0
84,000429,2018-01-12,-0.008588957055214785,-0.007361963190184118,0.2566932796371539,3657.0,114610.59114340534,1008,13505935,7171253,1461705,810515,2612447,2215105,1275042,1337010,885453,893025,1003378,885380,1053121,617118,0,413100,5214789,0
85,000430,2018-01-12,-0.006920415224913601,-0.008073817762399127,0.5506027863593113,8670.0,47205.71103305761,247,3723060,1581826,271734,307482,1327434,778716,835598,89404,256441,145824,488485,260400,0,0,0,0,543368,0
86,000488,2018-01-12,-0.0033670033670032407,0.0033670033670032407,0.3276008763955166,71799.0,517765.65504374873,2961,305111849,378381108,953365,1304102,9037921,11890811,15794859,22066367,30766722,32917361,22522183,22912467,20592163,23770420,17874001,16963479,187570635,246556101
87,000498,2018-01-12,-0.001477104874446078,-0.005908419497784201,0.23511838871695293,9520.0,54843.43095991494,829,16001700,6798563,593504,782838,4082933,2633232,2533842,1842957,3519961,1190012,1840340,0,2148920,349524,1282200,0,0,0
88,000501,2018-01-12,-0.0005882352941177782,-0.0017647058823530015,0.3951507236569405,13519.0,105228.16932996076,1851,37141799,26849140,2094752,957257,9742976,7633322,6283686,4633366,7208101,4170771,3353475,2247175,1701025,1718075,1751371,436900,5006413,5052274
89,000502,2018-01-12,0.030384271671134888,0.024128686327077764,0.4459947631959213,11230.0,70965.90019708355,630,7438524,13321829,340177,728977,2078872,2565771,1363189,2499087,1844396,2280420,1483120,1406046,328770,1001739,0,1361614,0,1478175
90,000503,2018-01-12,0.023233760075865195,0.024419155998103292,0.8807361119639188,43400.0,459159.2949402932,2295,190111368,233838049,1243704,1278377,9503845,9205388,12378432,10363229,16267115,16552351,18587806,17146043,9437297,14795310,19786146,16492858,102907023,148004493
91,000505,2018-01-12,0.023041474654378113,0.01382488479262678,0.292810126300262,17180.0,64404.34887294689,879,14731646,15907683,687307,879251,5044438,4038623,3206669,3958130,2104152,2948227,1199124,1731563,703500,1348689,900456,441760,886000,561440
92,000506,2018-01-12,-0.003926701570680535,0.0,0.33389982195541457,7630.0,36666.11314316132,523,5714615,4255194,640439,530660,1824362,1792746,1635771,788979,1076937,658479,537106,0,0,0,0,484330,0,0
93,000507,2018-01-12,0.015920398009950265,0.021890547263681448,0.21114301769551308,30060.0,170491.8514351508,2267,80914423,104927764,964381,1085947,12158886,10392393,11798899,11706285,18598182,19017073,11675698,9936553,6087816,10418119,3526646,2628798,16103915,39742596
94,000510,2018-01-12,0.02378121284185486,0.02021403091557672,0.2530104335364594,16900.0,98904.09203207513,1105,16647187,39959058,1170122,771999,5027976,4240164,4079304,5636862,2753408,8964335,1172473,5375447,644529,4216441,482232,4512553,1317143,6241257
95,000513,2018-01-12,0.036424768842813204,0.018352479686186696,1.3326863235501083,56944.0,268319.9025895933,2870,158961307,206547685,1177062,929812,11797301,13349552,20279248,17988706,31462337,30539533,21153787,24415789,14295606,19998979,10599228,14426286,48196738,84899028
96,000514,2018-01-12,0.022222222222222365,0.023703703703703782,0.14925017178386557,20561.0,111480.5310831115,2050,54936158,63541398,1334883,1843184,8731234,9981880,8335308,10591260,12145139,12848414,7108933,9614649,5510537,6477040,3512990,2166765,8257134,10018206
97,000517,2018-01-12,0.1464354527938343,0.11175337186897871,0.08894867566444137,70272.0,1210866.549038358,3451,540017510,517855736,1371748,991454,12377873,14407603,18690225,16252021,36623704,36024436,36034118,28354757,22734429,23028364,20962058,26269299,391223355,372527802
98,000518,2018-01-12,-0.001457725947521915,-0.004373177842565634,0.32429562301518505,8866.0,92309.05303821157,447,7097294,4688733,497811,506380,1663989,1779744,721425,590489,868606,215460,817197,0,685366,0,480900,0,1362000,1596660
99,000519,2018-01-12,-0.010845986984815759,-0.004338394793926392,0.2163450586170482,13860.0,62851.569317027745,1817,35611388,25251787,1659562,1923984,9099544,7978008,8518454,6415839,6968205,4368627,3164756,2213351,2486447,1018418,861137,1333560,2853283,0
100,000520,2018-01-12,-0.004807692307692402,-0.0024038461538461453,0.16328561674216832,8320.0,98860.82141773816,649,10231619,10013422,664290,534241,2253961,2593916,2048446,1712675,1527210,1319923,422470,1883759,0,698716,0,1270192,3315242,0
101,000521,2018-01-12,-0.0038461538461539435,-0.00576923076923086,0.2575065993621408,10340.0,79502.34620242148,407,8700436,4999450,314668,430300,1092813,1715237,1407447,1341779,2422922,1003427,1034882,508707,314514,0,467100,0,1646090,0
102,000523,2018-01-12,-0.006105006105005972,-0.004884004884004756,0.39274659917501686,6555.5,40520.44526092003,434,5809394,2381176,567086,329497,1846810,1076678,1316671,558995,966515,416006,0,0,626138,0,486174,0,0,0
103,000524,2018-01-12,-0.0051948051948051965,-0.0008658008658010141,0.6302263815861936,8085.0,31729.203004218434,335,3800115,1861122,234338,364862,1778226,893757,723745,246813,292608,355690,771198,0,0,0,0,0,0,0
104,000525,2018-01-12,-0.014222222222222247,-0.020444444444444487,0.6095937279044937,13389.0,131434.77115958682,1362,51152917,24645931,1585743,719078,5400210,5050204,4920472,4366307,11019755,5712199,6441666,1702647,2818404,2187976,2688975,2265976,16277692,2641544
105,000526,2018-01-12,0.0,0.0,3.813447877997029,6290.0,83060.29781497328,67,0,1993930,0,201280,0,531505,0,176120,0,122655,0,0,0,0,0,405705,0,556665
106,000528,2018-01-12,0.0011641443538998875,-0.0034924330616995514,0.20294888693433885,13760.0,106345.45173202416,1793,43594931,38348028,1677822,1492510,6859040,7606119,7023446,5867212,12012903,7450018,4990040,4921875,2903843,1705050,1376956,2737358,6750881,6567886
107,000529,2018-01-12,0.04096045197740117,0.05649717514124308,0.184081493962516,11047.5,147045.2659412003,1482,34530348,49107215,1710335,894096,5721397,4185439,3448081,5913212,5027083,7174033,3174362,7478624,4154570,3878380,5047943,3592502,6246577,15990929
108,000530,2018-01-12,-0.0052631578947368585,-0.00877192982456132,0.25172821159742526,11300.0,59185.215332289226,512,9171928,5494128,533234,254625,2611176,1746808,1698866,1022359,1981035,954760,1595107,457554,300510,304479,452000,0,0,753543
109,000531,2018-01-12,-0.0037641154328732496,0.0,0.5290216135186688,8368.0,37018.900405891814,226,3232872,1672640,176072,294089,1231833,830950,670218,547601,566843,0,222880,0,365026,0,0,0,0,0
110,000532,2018-01-12,-0.008653846153846123,-0.009615384615384581,0.5143289352665679,10450.0,62232.03676219451,408,7759887,5168099,347126,260421,1559869,1848819,1191195,1267762,2382150,890651,1005538,287972,362250,0,911759,0,0,612474
111,000533,2018-01-12,0.0019267822736031004,-0.009633911368015502,0.48618935347151987,8216.0,113664.29031954332,455,13720543,4332912,380497,369061,1266157,1367174,1515608,793608,1684065,1085918,3197914,717151,1750595,0,1326193,0,2599514,0
112,000534,2018-01-12,0.0014705882352941124,0.0,0.9363694785999352,6815.0,36115.90528447905,210,1308269,2487484,225917,258844,481859,759677,483447,356438,117046,556975,0,555550,0,0,0,0,0,0
113,000536,2018-01-12,-0.0042194092827004814,-0.0042194092827004814,0.12459512977886325,7095.0,42372.286551845726,1451,12838856,11207440,4486268,1071465,2943908,3263902,1989348,1764747,1217678,1166304,1500236,2308342,701418,380800,0,488852,0,763028
114,000537,2018-01-12,-0.002302379125095899,-0.0015349194167305624,0.27586751825406836,32950.0,114247.46802040667,2241,59788577,77707566,531564,1487674,13919476,15836466,9462302,13394474,15808744,12756076,6560455,8082425,5221458,4124303,2696826,4565424,5587752,17460724
115,000538,2018-01-12,0.006095762461901577,0.0009831874938550644,2.1889886902533684,40520.0,310364.58085169824,2159,109799549,144894229,15900,0,8159335,12275342,8957918,12812512,12466879,27258533,8283549,14230585,6600403,8951968,6298146,6325648,59017419,63039641
116,000539,2018-01-12,-0.002053388090349051,-0.004106776180698213,0.3062377742686471,4860.0,70091.68840334676,252,5173668,1946920,377481,152228,970982,677184,455947,195858,784945,716364,751131,205286,337089,0,400124,0,1095969,0
117,000541,2018-01-12,-0.009677419354838679,-0.008602150537634468,0.24176597167940966,6482.0,81930.4111314673,1480,27738347,13078161,1482186,1550113,5709039,4590166,4343406,2181673,5134713,2665270,2707705,993657,1900768,0,912681,444014,5547849,653268
118,000543,2018-01-12,0.0,0.0,0.15500503996813225,5110.0,62261.50218225055,1088,10850753,9013270,1535894,1660633,1485427,2465888,924298,1098969,2309796,1504541,1370154,214620,1230311,0,485785,0,1509088,2068619
119,000544,2018-01-12,0.003385240352065111,0.0006770480704130222,0.7304098152227824,11058.5,31464.80585805507,408,4147887,3628368,399495,392369,1977977,1884464,1017897,591289,752518,334678,0,0,0,0,0,425568,0,0
120,000545,2018-01-12,0.003929273084479545,-0.003929273084479323,0.17448495461079075,9671.0,49896.1478917916,851,13039575,8296029,958135,636219,3872937,2473195,3187203,1494831,2872749,1757990,975860,576111,668226,343916,0,467159,504465,546608
121,000546,2018-01-12,-0.012121212121212088,-0.013333333333333308,0.5283652250281679,11501.0,163812.37917712558,975,45756319,11800543,456882,1181354,2492358,3278485,3936512,1922060,12751985,2173201,2265609,1018391,2697592,311139,2902011,0,18253370,1915913
122,000548,2018-01-12,-0.0014992503748125774,-0.0014992503748125774,0.27799236719608267,11288.0,46599.46320673827,575,8238014,8304689,680022,559911,2677534,2302363,1390576,1786444,1960932,2209374,1192950,1446597,336000,0,0,0,0,0
123,000550,2018-01-12,0.01280487804878061,0.003658536585366079,0.6483468889391842,9864.0,98590.98069807231,639,7014087,12153255,860669,568591,2366262,2710547,1434061,2649137,1563475,1583549,0,1282301,386318,684380,403302,493800,0,2180950
124,000551,2018-01-12,-0.003663003663003539,-0.0012210012210012167,0.4207645569095358,8200.0,44560.59884730875,378,5099688,4669377,235153,730732,1271467,1297181,1169185,1137633,1601205,834522,470899,669309,351779,0,0,0,0,0
125,000552,2018-01-12,-0.0027548209366390353,0.0,0.08461635261080332,2184.0,85734.71710540497,1852,18239962,23205028,2006171,1153653,3926684,3094636,1963543,1776309,2585637,3573778,960568,2079677,1004188,1404182,1821171,3044110,3972000,7078683
126,000553,2018-01-12,0.04194941394201113,0.015422578655151176,0.45038456462117094,21476.0,76496.70876925127,1296,23909025,36958857,971248,1021528,5993541,7025507,6356613,4644273,5159732,14656490,1875380,3791688,332600,2042859,956630,2614808,2263281,1161704
127,000554,2018-01-12,-0.007100591715976212,-0.0035502958579880506,0.24123361935242174,16840.0,87465.84799112346,1227,28013369,24564516,1110908,1084856,6106768,5903116,5795560,5049576,5997206,3924735,3646164,3721738,699834,1407037,883359,448063,3773570,3025395
128,000555,2018-01-12,-0.004048582995951344,0.0008097165991902688,0.3198448010140957,18630.0,95341.3569331434,1491,37958288,31458476,1251207,995659,8445071,6307999,8100118,6378319,7762787,5296854,5588453,3276226,1737676,679075,821726,2142727,4251250,6381617
129,000558,2018-01-12,0.03543307086614167,0.03937007874015741,0.10900832135662705,18981.0,166370.37501416478,2181,56312894,76193557,1334908,1635515,8694521,9862323,9927784,11108670,11124751,12904959,8140332,7964693,4911762,6159315,2255605,4452861,9923231,22105221
130,000559,2018-01-12,0.006006006006006093,0.005005005005005003,0.23507798285596646,17289.0,112023.17839413794,1807,44608926,54557579,1128076,1149738,7463234,7297013,7730539,8572332,9501629,11202958,4921760,6868597,5117497,4400283,1412034,5451135,7334157,9615523
131,000560,2018-01-12,0.009615384615384581,0.014957264957265126,0.2253712651390472,19908.0,114564.18230743284,1727,46466751,52262890,1437562,1623739,7545395,7989284,8646709,7778154,7801506,13449389,6450310,7122052,5352228,2200374,3934755,4039417,5298286,8060481
132,000561,2018-01-12,-0.024110218140068973,-0.029850746268656914,0.3338793730823997,8580.0,47739.7043409242,680,8335814,5725174,976640,728720,3661255,2051586,1548880,1071594,1269299,494701,427574,265670,0,307228,452166,0,0,805675
133,000563,2018-01-12,0.0,0.0023696682464455776,0.11856576579916714,4230.0,73438.68896676078,1269,16533975,14405804,1533102,990132,3009798,3456533,3440672,1267048,4120097,2029302,1037143,1977887,656109,1511611,401104,1344080,2335950,1829211
134,000565,2018-01-12,-0.0013477088948786742,-0.005390835579514808,0.3380584419673339,8856.0,30036.905689937426,481,5472289,3963552,533761,537528,2327222,1940127,1046483,1008091,1122163,274421,442660,203385,0,0,0,0,0,0
135,000567,2018-01-12,0.02012072434607637,0.018511066398390286,0.7159672011885765,15210.0,123827.14118546955,1205,23989215,28960079,1056064,733555,6279110,4952098,4162032,5277785,3886269,5200974,1838702,3020118,1496020,3089164,474300,1370701,4796718,5315684
136,000568,2018-01-12,0.011680911680911565,0.002564102564102555,1.4458357249744713,35165.0,226322.06783919188,2358,119499574,106284395,1174153,1506033,11436172,10573747,15390803,9110151,21698980,17058154,12810358,10907755,10226795,12418570,7977876,16321253,38784437,28388732
137,000570,2018-01-12,-0.015625,-0.01736111111111105,0.4033540974062269,8550.0,29473.959279856907,203,2377387,1694643,230332,178389,1043261,468146,760118,573937,343676,249980,0,224191,0,0,0,0,0,0
138,000571,2018-01-12,-0.007339449541284404,-0.003669724770642313,0.18303465520021342,2180.0,52978.25203927993,888,9208938,6362046,729747,677644,1858892,1079823,2309208,1258983,1799593,1569723,271500,1044193,325200,0,847633,0,1067165,731680
139,000572,2018-01-12,0.01943844492440605,0.006479481641468832,0.14260546606146474,8388.0,89441.70206978613,1055,16350634,19179808,1280771,1006592,3242095,4248661,2882116,3995627,2143172,2993135,1342713,2940459,614573,1654131,433368,882323,4411826,1458880
140,000573,2018-01-12,0.02957486136783727,0.03512014787430684,0.11565105137727073,22440.0,133669.6158527386,2207,61386953,74071488,1409968,1513386,10582413,8825761,11039224,11769236,13319257,15073071,7990209,7500146,6559771,5918132,2254438,7190910,8231673,16280846
141,000576,2018-01-12,0.0011737089201877549,0.004107981220657253,0.6503205619805897,17340.0,53879.941661192155,686,10772388,13475176,424429,630269,3013411,4383099,2668451,3295034,1555660,3083532,1475525,701953,1634912,971043,0,410246,0,0
142,000581,2018-01-12,-0.016419703644373285,-0.015218261914297093,0.5207209053117932,29964.0,425309.9062966954,2300,173595191,87842461,1532298,1416443,11296460,12244189,13380612,9481431,18723079,13576953,15643028,10033335,9506717,8136257,6324653,5325445,97188344,27628408
143,000582,2018-01-12,0.011088709677419262,0.013104838709677491,0.3296562666993766,11088.0,151196.14136188242,905,15153905,20385436,633429,864942,4196367,4303299,3457676,2786876,2868097,1944025,1187572,723707,301800,1933216,0,0,2508964,7829371
144,000584,2018-01-12,-0.005641748942172065,-0.006346967559943573,0.6310503889014755,26904.0,90254.37959691334,504,12760548,9189906,477558,323857,3475765,3229257,2401993,1541281,2894472,1756469,1114268,469162,300969,321824,0,841556,2095523,706500
145,000586,2018-01-12,0.0022222222222221255,-0.0016666666666667052,1.7912528883437984,18010.0,79828.06479659835,100,2465971,2738085,73749,82892,575429,236080,379493,447890,545700,564255,241920,1010968,649680,396000,0,0,0,0
146,000587,2018-01-12,0.009915014164306069,-0.0028328611898016387,0.17299831128823176,19035.0,116325.84936786367,1667,43381833,39951676,1496375,752642,9859045,7108184,10050277,5083130,8027909,9738152,4347498,2241188,1723453,1425138,1773229,1237512,6104047,12365730
147,000589,2018-01-12,-0.006396588486140775,-0.006396588486140775,0.2610368732933724,9380.0,69588.0572253271,322,5754046,3487288,258082,357984,1314607,1530847,819790,289986,939707,865237,971528,443234,0,0,0,0,1450332,0
148,000590,2018-01-12,0.0,-0.000694444444444442,1.0764667902618028,6493.5,23516.746004563043,178,1739182,752092,295723,109899,662688,478556,293277,163637,487494,0,0,0,0,0,0,0,0,0
149,000591,2018-01-12,-0.00877192982456132,-0.00877192982456132,0.16507241883373341,10242.0,124728.22084608227,1193,32503705,17241960,1183719,916258,4581853,3779359,3735557,3255338,6783694,3624803,2905675,1719062,2798027,619680,1403944,949696,9111236,2377764
150,000593,2018-01-12,-0.01458333333333317,-0.018749999999999933,0.2741022347371605,11490.0,80900.7049198509,1228,28940986,15157230,1377675,1051557,5750510,4173705,5268802,2761870,5570340,2354292,5243315,459000,1233901,2096819,1333500,473000,3162943,1786987
151,000595,2018-01-12,-0.009451795841209809,-0.005671077504725952,0.21733437383282483,7668.0,42325.453508894156,592,7555391,3920910,632996,452545,2779583,1778193,1536941,981911,1138220,487992,759520,220269,0,0,0,0,708131,0
152,000596,2018-01-12,0.018612032895686026,0.005338335016592088,1.7453878670806031,21060.0,122007.64528240237,1577,44783889,61380120,1316459,1395182,8751858,6293343,7279622,6060673,6993096,10838981,4518070,20332022,4489783,5411923,2824040,4367485,8610961,6680511
153,000597,2018-01-12,0.0017182130584192379,-0.016323024054982982,0.3483936828947721,15183.5,134069.7496910171,1116,45540546,17807811,520414,997378,5041620,5172661,4504705,3677352,6141391,3197568,3775200,1524804,3128122,1032918,3142745,0,19286349,2205130
154,000598,2018-01-12,-0.005494505494505586,-0.009157509157509125,0.14187256555135652,5440.0,58737.58588721992,1483,22345908,9550157,2255715,1182419,5987265,2646515,3403496,1386718,3555074,1967694,3011859,1249435,1342299,709376,893913,408000,1896287,0
155,000599,2018-01-12,-0.0030911901081915882,-0.0015455950540957941,0.32642287364804834,6460.0,34069.612413290226,392,5268227,2585946,585920,331250,1132779,997763,1550406,659312,1758164,597621,240958,0,0,0,0,0,0,0
156,000600,2018-01-12,0.0,-0.0048661800486619056,0.18870748027935835,16480.0,138481.95889331092,1899,57579746,48909787,1787719,1773991,7785511,8812267,8273291,6938750,9822725,7416072,5545059,5012952,5499621,3673336,5792888,6758082,13072932,8524337
157,000601,2018-01-12,-0.008163265306122436,-0.00952380952380949,0.4155670104458969,14214.5,276207.3608827368,312,19857378,5244435,218595,317637,1479698,737119,1441218,557992,2074442,1180215,512539,219600,1445930,0,920530,451758,11764426,1780114
158,000603,2018-01-12,-0.0024252223120452276,-0.0008084074373484462,0.463386769005855,12405.0,61556.50521489906,712,14859307,9209179,609580,612844,3459434,3169549,2774659,2176546,4075281,2144440,1906638,247600,1138553,0,895162,0,0,858200
159,000605,2018-01-12,-0.012150026413100923,-0.015847860538827252,0.5827751203565046,18850.0,61289.84298353679,1055,24413256,14114102,697988,1101513,5915074,4752391,7489370,3556405,5779127,1227069,2130812,939522,650410,1462911,452116,483483,1298359,590808
160,000606,2018-01-12,-0.01016949152542368,-0.009039548022598876,0.5254778171182726,8820.0,76021.61295292374,283,7060321,1804029,294278,374882,1011353,977742,717372,340905,1873594,110500,758920,0,674829,0,479600,0,1250375,0
161,000607,2018-01-12,0.01594896331738438,0.012759170653907415,0.2004995561956691,10192.0,59964.3297584313,978,14667599,15160087,793267,845790,3678071,3824880,2747844,3061807,3694261,2809075,1711831,2642827,981841,1033585,425484,942123,635000,0
162,000608,2018-01-12,0.014814814814814836,0.014814814814814836,0.19645978920939586,7672.5,110846.82368499179,1182,16887942,21827604,2159729,866174,3689518,4166406,2556697,3411367,2207515,4250004,876857,2101137,759475,1799753,420040,482274,4218111,4750489
163,000609,2018-01-12,0.03116651825467498,0.02315227070347281,0.3195029157178497,17775.0,62635.022288409375,1237,23905008,23831351,795713,792672,6813999,6016390,4854762,5668770,6058230,5790673,3380274,1873218,692344,1033499,1309686,406236,0,2249893
164,000610,2018-01-12,-0.007772020725388629,-0.006908462867012077,0.6386447130077151,5817.5,30858.65615708305,328,3795899,2459910,337622,244419,1183215,816336,1194681,852558,1080381,546597,0,0,0,0,0,0,0,0
165,000611,2018-01-12,-0.009421265141318913,-0.010767160161507361,0.40073765801823,12461.0,84438.5670164816,343,9901067,3810756,370416,250883,1572422,1002408,2439087,572975,1534321,922183,906294,442645,713285,0,0,0,2365242,619662
166,000612,2018-01-12,-0.00444938820912133,-0.00444938820912133,0.22673779929300397,6258.0,41264.58647229684,1573,15638647,11430039,1782776,2323158,5517137,3549738,2347892,1764050,2566699,2146162,660955,789988,1331206,396399,896182,460544,535800,0
167,000613,2018-01-12,0.023839397741530766,-0.0025094102885820924,0.4207878906213973,7985.0,112667.90809950921,358,6209526,4492281,506216,391109,1331849,976538,777938,504626,649088,494588,488000,239700,310422,325193,0,478200,2146013,1082327
168,000615,2018-01-12,0.10934579439252334,0.10934579439252334,0.2542817954977853,16618.0,1563868.2406444217,1774,285721451,125234565,2678949,0,14567469,0,9581958,187833,12796116,1847685,7320420,4313907,8410186,5569159,6185643,4004493,224180710,109311488
169,000616,2018-01-12,0.02452316076294281,0.021798365122615904,0.08127591613381085,15080.0,128428.9812344127,2051,44652338,61835723,1533323,1682387,7367095,9181658,8348872,9620214,9284031,12607977,5473824,7161892,3881369,5500356,2223153,2191149,6540671,13890090
170,000617,2018-01-12,0.0027835768963118124,0.003479471120389821,0.6026472042555777,7275.0,42619.801875988866,568,8410791,4522451,587737,447815,2097397,1570179,2269209,938839,2035737,1565618,947033,0,0,0,473678,0,0,0
171,000619,2018-01-12,-0.0024691358024691024,-0.004938271604938205,0.4367825704469805,8090.0,57600.87128643223,343,5343443,4191212,386318,418086,1579278,924907,893553,1105338,1181043,1014481,678571,243000,0,0,0,485400,624680,0
172,000620,2018-01-12,0.009389671361502483,0.010954616588419341,0.20382843076966697,10288.0,38230.64314084017,983,8782657,13464094,1114156,805202,2917879,5763395,1607806,2675829,2397307,3010009,745509,443898,0,306977,0,458784,0,0
173,000622,2018-01-12,0.0021459227467810482,0.0021459227467810482,0.30214478970305375,8442.0,31328.726573996042,237,2839337,1889801,222439,190016,934179,725224,905610,712885,777109,261676,0,0,0,0,0,0,0,0
174,000625,2018-01-12,0.0030864197530864335,-0.0015432098765433278,0.27510356359093235,18172.0,290302.64067636704,2220,78463273,96121076,1508257,1918643,8079515,11283017,7484056,7983572,12994228,16214568,6724988,9530648,5553764,9855603,4611435,3405918,31507030,35929107
175,000626,2018-01-12,-0.01132075471698113,-0.0037735849056603765,0.5310011041804856,13295.0,101993.47616591286,622,16751867,7672138,367480,689718,2935409,3244736,1882862,1374437,2972403,831642,2550802,998955,1423864,0,425684,0,4193363,532650
176,000627,2018-01-12,0.002430133657351119,-0.0036452004860269005,0.19663751126720055,8250.0,111808.28468714998,1753,39768980,24403893,1724807,1687768,7255998,6221712,5425309,4501968,4486803,3362233,3763306,1435523,2007512,1022383,2451956,1652786,12653289,4519520
177,000628,2018-01-12,0.021765417170495738,0.01813784764207993,0.31407321779540265,12690.0,39852.135276571724,693,8127544,10795158,688797,629637,3348192,3639559,1564531,2934822,1526945,2945450,692103,252300,306976,393390,0,0,0,0
178,000630,2018-01-12,0.0034843205574912606,0.0,0.05539609823106977,8092.0,256012.9653110652,2719,71640936,98175841,1438373,2737089,8736929,10847993,6079375,7986238,6590624,8144089,3821734,3713439,3131785,2333421,1372442,1742004,40469674,60671568
179,000631,2018-01-12,-0.004201680672268782,0.01680672268907557,0.09260502702179073,24454.5,153015.75619588542,2658,110459344,103735308,1943602,1625001,10526727,10906718,13474195,11307831,19186698,18365551,15520028,13901512,12281215,9229607,8735839,12343082,28791040,26056006
180,000632,2018-01-12,0.011419249592169667,0.014681892332789603,0.29784147838170527,13843.0,66908.9076572817,423,6195822,8601155,353028,350868,1899601,1497652,1058229,2849212,1642964,2069554,0,889369,0,313500,0,0,1242000,631000
181,000633,2018-01-12,0.029713114754098546,0.018442622950819665,0.42611695056193555,10862.5,73314.7847524773,524,7679921,10957027,398902,509717,1766456,2542862,1815380,2331950,2019890,2724723,0,1011808,702794,0,976499,847967,0,988000
182,000635,2018-01-12,-0.02156500308071474,-0.013555144793591989,0.5807912229208266,14625.0,77972.44015159181,781,20509562,12327472,892357,588280,3773683,2368631,3061559,1693504,8366146,3007910,2628404,1047329,0,336996,1787413,1793512,0,1491310
183,000636,2018-01-12,-0.04357976653696505,-0.04202334630350191,0.22660632091298355,62639.0,387291.83989190124,3222,319330674,214792942,848582,1086303,12536504,12826012,21042663,20725739,40285728,38045430,29570584,22460212,25174368,18756031,14018947,12940125,175853298,87953090
184,000637,2018-01-12,0.0,-0.0016835016835018424,0.2465215625390011,9552.0,65815.00905974708,580,9912770,5420113,532798,608075,2043176,2397098,1667272,1318204,2196266,804488,483888,292248,356400,0,493850,0,2139120,0
185,000639,2018-01-12,0.014583333333333393,0.016666666666666607,0.6789258577112245,17559.0,90893.71241993754,799,13303530,17917690,881765,737331,3479459,4355384,2446383,3074489,2612896,4468453,725551,877085,347982,1050811,1279205,0,1530289,3354137
186,000650,2018-01-12,-0.014652014652014711,-0.01098901098901095,0.20707362596192247,5420.0,48485.760986291556,695,7464748,5379324,544795,1006229,2085176,1415753,2177033,1536698,1685744,586514,0,834130,0,0,0,0,972000,0
187,000651,2018-01-12,0.04921259842519676,0.03149606299212593,0.8484939644492685,420795.0,1438992.2383324495,3585,1131237218,1599623034,46685,36304,2985087,2090705,9572815,8213750,37159355,34413055,55888983,46992423,51923466,48322826,61807490,51201667,911853337,1408352304
188,000652,2018-01-12,0.013100436681222627,0.01091703056768556,0.10665101585022332,7913.5,87939.81064863637,1850,29085265,36550243,2414776,1762512,6247142,6070105,5723295,4303000,4025207,6245670,2727644,4665425,2187067,4209767,3130079,4061671,2630055,5232093
189,000655,2018-01-12,-0.004587155963302836,-0.001529051987767538,0.1978282991390858,9795.0,68967.09503071895,1093,19246736,13148054,998727,1426497,3861728,4180343,4581627,2139975,3480147,3198683,923036,291708,1315903,1046871,908321,863977,3177247,0
190,000656,2018-01-12,0.003868471953578423,0.0019342359767891004,0.11163949921606028,22274.0,228082.97758155566,2151,83676166,106392685,1738822,893302,10761501,7330302,10329050,9373775,16111941,11386828,10563455,8729847,8064123,6297680,3168690,6800263,22938584,55580688
191,000657,2018-01-12,-0.0031821797931583795,-0.003977724741447974,0.3858807100323651,12550.0,69489.07884704546,1061,21658173,13150741,865677,880753,5955893,4306655,4674321,2762122,4800408,2195296,1756836,652584,719953,1789747,882261,0,2002824,563584
192,000659,2018-01-12,-0.011737089201877882,-0.021126760563380254,0.12511644872461572,15731.0,130564.77443345258,1163,36815465,31170741,590386,1196316,3919994,6208943,3531532,5023238,6540007,5270081,3502302,3463065,4639370,2852270,2983149,3122946,11108725,4033882
193,000661,2018-01-12,0.024284943335132203,0.018078791149487294,4.075529274856813,56580.0,272549.2949160353,2069,140302734,147934613,9205,19633,11388561,7411614,16384044,16663033,22928943,18417174,12805126,15788544,11127847,11683888,7992426,5405468,57666582,72545259
194,000662,2018-01-12,-0.006635700066356942,-0.011280690112806857,0.7490106846272069,4492.5,89375.29068782166,404,4247553,4057153,741487,183968,1141107,1124972,294358,681618,635511,139035,750732,300000,684358,0,0,0,0,1627560
195,000663,2018-01-12,0.043568464730290524,0.03734439834024883,0.5029240644890672,19520.0,76863.40151052321,1471,28652503,38939758,1348591,1152134,8458811,5991608,6932234,6749066,5855927,9167792,3824297,6404832,380380,4290309,1340224,905904,512039,4278113
196,000665,2018-01-12,-0.0029325513196482023,-0.00488758553274693,0.3779308522404842,5115.0,53921.105165427405,732,10244408,7947845,253863,1371278,1637325,2060591,1310731,2043756,2198147,682821,3143356,1178863,1274627,610536,426359,0,0,0
197,000666,2018-01-12,0.017667844522968323,0.003028773346794633,0.5262539021875662,20020.0,124908.78434497294,1417,51905756,33502535,1272015,947779,6725002,4568316,8999417,4106929,19867948,6509617,3466270,3805495,4161328,3368710,0,3106141,7413776,7089548
198,000667,2018-01-12,0.017857142857142794,0.017857142857142794,0.06406718270305486,28320.0,256690.98483151547,2778,131076850,164427396,1332027,1770100,11027936,13007824,10476691,13474576,20664450,23805696,13995498,16501489,11170971,17073977,9789867,13092241,52619410,65701493
199,000668,2018-01-12,0.01649076517150405,0.01187335092348274,0.6448116560524775,16879.5,67893.66662212065,552,8294840,13501292,401556,438479,2505885,2878650,2718390,2513462,1636219,2913441,243360,1146237,385950,1607473,403480,1375800,0,627750
200,000669,2018-01-12,-0.020194986072423315,-0.01532033426183832,0.42011028684463947,14140.0,96573.52129696182,1168,32956454,16502626,1128790,941865,4969122,4104207,6291699,3632039,8517348,2912447,4006892,695419,1266767,315920,1280828,1267439,5495008,2633290
201,000670,2018-01-12,-0.013473053892215536,-0.008982035928143617,0.1381484980822557,14630.0,67958.43441664054,2342,54745981,32764559,2300020,1707219,13052724,8404638,11570785,7355656,13361049,8718281,5958014,3156257,4329034,1030245,871779,847857,3302576,1544406
202,000671,2018-01-12,-0.007821229050279155,-0.012290502793296021,0.17499983239189693,39600.0,325336.4825707954,2622,198910373,211832610,968076,1924893,7824590,10627638,12389628,12807036,17960259,23586260,16794124,16786905,14741984,18136991,15994956,18812400,112236756,109150487
203,000672,2018-01-12,-0.003478260869565153,-0.006956521739130417,0.2066211228012714,54285.0,414935.4390313522,3103,221129059,217915850,1109591,1230942,12542643,12096375,18585154,18417447,32909034,35288367,29900994,26253935,26314735,18454828,11942790,15013386,87824118,91160570
204,000673,2018-01-12,0.010309278350515427,0.01988217967599404,0.3633042103280971,16830.0,338478.3219130098,1406,37464697,67112467,790185,1403404,5837195,7307878,7023679,5480960,7153888,6925799,4664975,3290535,3709600,2706443,1381305,1745895,6903870,38251553
205,000676,2018-01-12,-0.01653611836379454,-0.01218450826805928,0.4141979268648969,7980.0,44968.45756788981,769,10477286,7040556,549528,1330248,2878535,2100373,2164553,1555005,2624034,805955,1100544,492202,702551,331180,457541,425593,0,0
206,000677,2018-01-12,-0.0024630541871920597,0.0049261083743843415,0.20365965040367112,3272.0,50131.270109068115,397,4049352,4334623,287531,333482,810281,1135562,1125686,516733,792729,881554,719735,652343,313390,0,0,814949,0,0
207,000679,2018-01-12,0.0013831258644536604,0.0,0.4401756026390322,10830.0,45686.235013743055,269,4193908,2731019,253203,221951,1082457,1446448,846583,903340,738765,159280,216000,0,1056900,0,0,0,0,0
208,000680,2018-01-12,-0.001984126984126977,0.003968253968253954,0.1547085564156873,9614.0,66610.85171638856,1062,15818738,16870950,1112801,875830,3503831,3722515,2983206,3911727,4022552,3341931,639722,1434264,1051373,1308532,957631,1767151,1547622,509000
209,000681,2018-01-12,0.00048123195380167516,0.008662175168431263,0.3927797162231691,37845.0,327796.93426015106,2818,191247349,173882805,719209,792593,18023675,10812593,13583701,11947701,24164315,20025769,19183243,18903391,11690905,12160581,15844197,9109804,88038104,90130373
210,000682,2018-01-12,-0.0021141649048627142,-0.0021141649048627142,0.24272973744580192,6149.0,36331.36794452371,379,4069436,2628763,425183,458252,1953464,1119831,355570,666869,554734,383811,0,0,350493,0,429992,0,0,0
211,000683,2018-01-12,0.0,-0.0033333333333332993,0.08280214761624394,9000.0,100510.25144592977,1319,29855111,20194291,1271806,1407927,4860469,4472817,4486422,3555379,6323735,3569194,3497150,2358977,1430611,1909991,1345499,1309742,6639419,1610264
212,000685,2018-01-12,-0.004793863854266389,-0.004793863854266389,0.30171537104224505,8304.0,59747.321378983776,1195,17881692,11134638,1172835,1608498,3548064,3440188,1886349,1506952,8692500,2819019,913752,483241,351204,0,414799,0,902189,1276740
213,000686,2018-01-12,0.0,-0.0011534025374855261,0.21863519794415948,13020.0,107449.78722766522,1573,41826668,32018654,1319799,1421195,6555415,7115523,6561147,5105959,6228460,5880681,3737175,1580048,2420956,2922689,3149174,1754896,11854542,6237663
214,000687,2018-01-12,0.000932835820895539,-0.00932835820895539,0.3656513837421061,10760.0,75009.62325498438,859,16060748,11491789,573428,729973,4114913,3881301,2592406,2222143,3489871,1550123,2353888,941141,0,0,458153,832978,2478089,1334130
215,000690,2018-01-12,-0.010787486515641764,-0.008629989212513456,0.21075165065749288,14768.0,142153.0569391892,1936,72174217,36953661,3390251,857826,9294879,6262492,12384853,5726364,10603675,9524865,6971422,4114221,2474435,1728577,2417187,2664233,24637515,6075083
216,000692,2018-01-12,-0.008113590263691739,-0.012170385395537497,0.24876735763499605,9820.0,63157.71388028538,392,8555981,3391099,347863,511356,1790024,1367289,1700393,689205,2665319,577749,742079,245500,0,0,488999,0,821304,0
217,000697,2018-01-12,-0.017038007863695914,-0.010921799912625652,0.6913528252790021,13653.0,110301.54316012783,1096,28937796,17099684,1202108,734500,5351081,4408727,5237978,2690162,6653288,2971650,4026613,2677635,682500,1332687,415410,0,5368818,2284323
218,000698,2018-01-12,-0.009771986970683932,-0.006514657980456029,0.2598197452501241,7350.0,121141.76366902335,558,11108056,11918542,825783,482005,1813409,1560568,1630337,1607126,1968304,1465910,1047535,1384134,1643438,307500,431200,0,1748050,5111299
219,000700,2018-01-12,-0.008665511265164572,-0.005199306759098632,0.2662314960635365,5760.0,64539.670558297425,469,6413229,4846357,447194,716961,1867627,1314348,1188781,774448,560050,418957,767670,521840,0,378753,434907,0,1147000,721050
220,000701,2018-01-12,-0.012695312500000111,-0.010742187499999889,0.33570493836443754,5618.0,58838.77780070572,930,15817102,7838500,1092518,463424,3009712,2725356,3508886,1904294,3196889,1948844,2085184,465454,0,331128,814400,0,2109513,0
221,000702,2018-01-12,-0.0055632823365785455,-0.00834492350486793,0.3185435420008135,5736.0,50006.68539703535,509,6872704,4605886,415076,601602,1337784,1628020,939878,1140053,1562395,707746,1880141,0,321300,0,416130,0,0,528465
222,000705,2018-01-12,0.0036231884057973396,0.0036231884057973396,0.34008507277897654,3300.0,31328.15814842158,592,3937059,4165819,620042,784469,1137062,1548051,1001702,939118,530377,277829,647876,204352,0,0,0,412000,0,0
223,000707,2018-01-12,-0.003436426116838587,-0.001718213058419349,0.29750856050895097,4652.0,47022.832697785976,382,4335697,3723144,256502,471976,971678,828842,924246,739441,909923,739927,1273348,224652,0,718306,0,0,0,0
224,000708,2018-01-12,0.0043177892918826455,0.002590673575129543,0.423203811561276,16191.0,103353.12529997756,748,16554405,15345014,389612,663009,3501463,3855326,2861743,2018538,3240708,3497803,1903415,2038288,724674,1341636,906350,476010,3026440,1454404
225,000709,2018-01-12,0.007425742574257432,0.004950495049504955,0.08119286395216968,16728.0,285809.3537206702,2490,98045914,124113833,1666563,2002758,11506187,10066491,9409970,10528621,10696070,9016557,7768222,9752233,6214083,7733979,4440631,7913585,46344188,67099609
226,000710,2018-01-12,-0.00037771482530690736,0.005476864966949879,1.4763624544326435,26177.5,82413.88938701125,1286,29813453,30152485,625834,683655,7020507,7134573,5685857,6579419,7036568,7734722,4639636,2580740,2157661,1046115,403942,1215971,2243448,3177290
227,000711,2018-01-12,-0.004691164972634776,-0.0031274433150898506,0.3764262956513466,14036.0,123907.08228047835,1155,26593485,21572843,804792,820387,5537267,6090897,4311014,3618708,4909183,3303841,2717148,1186064,2633506,0,2200630,409917,3479945,6143029
228,000712,2018-01-12,-0.011778563015312105,-0.011778563015312105,0.5134811937258882,15219.0,130052.25638257618,1093,29653296,16508359,1167288,874531,4971514,4395015,4783421,3203936,6602747,4042158,2575020,1898461,2125211,648236,0,411869,7428095,1034153
229,000713,2018-01-12,0.0,-0.0029325513196482023,0.41206538969791723,8171.0,33205.65930901276,273,3968114,1911993,301337,287706,1329212,817501,1010413,479908,1105119,326878,222033,0,0,0,0,0,0,0
230,000715,2018-01-12,0.011554621848739677,-0.0031512605042015585,0.7000754731625859,9485.0,79821.5097662742,184,2099319,3133937,218681,176215,934471,449815,617389,378091,101018,364131,227760,0,0,0,0,438438,0,1327247
231,000716,2018-01-12,0.003442340791738552,-0.005163511187607495,0.17522201171208412,6573.0,80572.48135922283,1100,15798691,16432080,1111609,952451,4486717,3461548,1490043,1759675,3823535,2594540,707639,2231478,1081138,1426277,859928,2018390,2238082,1987721
232,000717,2018-01-12,0.0046242774566473965,0.0011560693641619046,0.1514175483630734,55616.0,425042.2115129544,3269,294670195,331636220,957604,941211,21589352,9748322,22981255,15418516,39323451,29929557,21857742,22722611,18319008,17752444,20856240,17806720,148785543,217316839
233,000718,2018-01-12,0.0,-0.011235955056179692,0.10042007354678263,40575.0,236299.12766050562,2841,165176623,190158106,1325869,1415339,11097056,10915158,13385027,15605660,21861038,29625174,17309651,24197158,12325103,19491516,13065680,17015512,74807199,71892589
234,000719,2018-01-12,-0.0021505376344087557,-0.0021505376344087557,0.31689327174754356,4640.0,25983.195634253458,861,5121202,5312758,1573135,836059,1108973,1757504,1093341,1846571,1033853,643352,0,229272,311900,0,0,0,0,0
235,000720,2018-01-12,-0.006651884700665023,-0.006651884700665023,0.17462536230266315,8980.0,77064.68092415578,667,11728982,8597692,748104,665941,2570781,2563040,1742978,1820113,1769468,1516684,1955728,752079,368629,358996,0,920839,2573294,0
236,000721,2018-01-12,0.003577817531305927,0.0017889087656528524,0.2781852910131152,6720.0,35652.45733327012,403,3754806,3794900,456740,325502,1506538,1403739,663830,1326122,403686,739537,276012,0,0,0,448000,0,0,0
237,000722,2018-01-12,0.006734006734006703,0.0033670033670032407,0.4723661241106311,8960.0,36414.29916037613,355,4392609,3059986,409659,502192,1550781,1186611,1000658,428358,1213711,395412,217800,547413,0,0,0,0,0,0
238,000723,2018-01-12,0.0,-0.0014858841010402246,0.16127307889393058,8112.0,109498.79783256231,1744,25815336,42485322,1121722,1561424,3973014,5641307,3703390,16274034,3140223,7100641,2828880,2125692,2682742,3034527,1730115,458986,6635250,6288711
239,000725,2018-01-12,-0.006546644844517169,-0.011456628477905073,0.10206521566450391,327642.0,2309552.706304424,3597,1972069045,1749737804,92954,102759,5224607,3990672,16071232,13178672,47555393,34953435,48405442,53885405,59671539,49045484,57612524,39608292,1737435354,1554973085
240,000726,2018-01-12,0.013661202185792476,0.008196721311475308,0.3292151908146528,11130.0,105807.85733314784,1112,16993470,25984171,998356,642311,4055809,4443710,3919098,3686950,3320592,3546924,1904715,2133155,2310069,3279319,484831,902932,0,7348870
241,000727,2018-01-12,-0.007905138339920903,-0.007905138339920903,0.06218733748221143,4788.0,132619.3334072447,1673,29745132,19307463,1360136,1316200,4134799,4978571,3544325,3796032,3976657,2420629,2332737,1999648,1173673,713106,1318651,1909387,11904154,2173890
242,000728,2018-01-12,-0.011009174311926717,-0.004587155963302836,0.24990133467174652,21800.0,219685.62697131146,1903,83766693,65263129,734845,1663842,5761212,10957059,8324538,9297686,11003591,11622992,6753588,9303647,5559806,6096010,6283874,3119061,39345239,13202832
243,000729,2018-01-12,-0.00545702592087316,-0.006821282401091366,0.15159245760075873,13851.0,86598.54625331527,2343,50441023,27530705,5047519,936426,12972702,8910945,9088733,6056181,8858691,4325014,3395413,1847160,1344965,2140995,1826851,1293001,7906149,2020983
244,000731,2018-01-12,-0.031605562579013924,-0.03034134007585343,0.19677473392898226,18672.0,133900.89107312818,1617,61278151,31305785,1068984,1521939,6957147,7740555,8831420,7186314,11218537,6948963,7653616,3833290,5879216,1426692,2205688,0,17463543,2648032
245,000733,2018-01-12,-0.014266304347826164,-0.013586956521739246,0.4598956561954052,14580.0,96831.2689162917,1024,31021684,13941437,467035,1158935,4023019,5385053,4779235,3020670,6377884,2429150,5693554,530162,2478155,650855,0,0,7202802,766612
246,000735,2018-01-12,0.011249999999999982,0.011249999999999982,0.16605110015347865,26144.0,154533.9346226863,2325,82876329,73200509,1944402,1370824,13030652,10154603,12481133,12052765,14481709,21623901,10954857,7904154,3970332,4846049,3885984,2655730,22127260,12592483
247,000736,2018-01-12,0.004081632653061273,0.005247813411078717,0.5435669998391504,15840.0,95383.76137174328,997,19787994,23287560,778090,937704,4000393,4406214,3771365,4286590,5030741,5892602,2633646,3122033,1360224,1085646,430955,419661,1782580,3137110
248,000737,2018-01-12,-0.01041666666666663,-0.01041666666666663,0.2006869978381169,4306.5,45106.45101622696,572,6654139,3671503,400857,772770,1796189,1012156,1454467,912244,714991,974333,917216,0,333200,0,445075,0,592144,0
249,000738,2018-01-12,-0.011125654450261813,-0.010471204188481686,0.4867204079292951,10661.0,109798.2146259392,985,31800084,10333506,783545,823195,4097963,3548938,3332692,2518360,4519820,1798430,3191582,1003835,2424963,640748,2273941,0,11175578,0
250,000739,2018-01-12,-0.0015552099533436836,-0.0031104199066873672,0.31726300977361466,3220.0,36456.069983931215,410,4271223,2948625,237851,426802,967641,1039404,698245,683851,2027226,798568,0,0,340260,0,0,0,0,0
251,000751,2018-01-12,0.012915129151291671,0.0018450184501843658,0.12437422150977728,18760.0,183455.28819758724,1903,54450894,68058774,1536220,1067384,9926678,6770543,10071556,7702126,8988390,10900171,4422650,7236715,4933954,4148964,2219699,3595436,12351747,26637435
252,000752,2018-01-12,-0.009608277900960749,-0.007390983000739038,0.6503360752572748,10824.0,38653.36084424623,432,5007892,5154672,449415,403109,1965491,1644765,1357177,1340396,816581,1062712,0,703690,0,0,419228,0,0,0
253,000753,2018-01-12,0.01025641025641022,0.00512820512820511,0.1485159916977296,10283.0,79994.92249739304,690,13393162,13303721,642731,641930,2995215,2588343,1422319,1876242,3549598,2693573,1712224,1488032,0,2078659,1793335,1365016,1277740,571926
254,000755,2018-01-12,-0.010638297872340496,-0.010638297872340496,0.2253641482388966,13060.0,62653.66746957089,853,16858703,11781782,628477,808992,3750606,3344764,3156716,2397836,4374727,2146087,1715420,1943798,2029520,686205,0,454100,1203237,0
255,000756,2018-01-12,-0.01906779661016944,-0.019774011299435013,0.360677476424107,6955.0,93321.05707304705,1541,28808177,11345321,1984813,1145786,5940950,4176369,4667519,2259830,4434839,2000428,2017174,215600,1996587,319654,1451692,0,6314603,1227654
256,000758,2018-01-12,-0.01823708206686936,-0.012158054711246202,0.16488712224640806,12712.5,102635.49983110793,1594,36292104,25080260,1561817,1576389,7178077,6720105,5503702,4613184,6385818,3472326,2407123,2705862,3476674,1753927,2146502,488894,7632391,3749573
257,000759,2018-01-12,-0.026939655172413812,-0.023706896551723977,0.20346373195444603,17537.0,84326.95041038899,2082,55294334,34499576,1723827,1940756,10726460,10526972,9500155,7154732,13004019,4945867,7500415,2495505,4879690,305760,2198797,2674218,5760971,4455766
258,000760,2018-01-12,0.031796502384737746,0.012718600953895098,0.17467345476104296,10208.0,61679.58114814344,1298,21531970,21396266,1144042,1328977,5284243,4223301,5481280,3665770,6098912,4723585,1440509,3130278,1449594,2365074,0,824089,633390,1135192
259,000761,2018-01-12,0.01132075471698113,0.007547169811320753,0.1192985031219739,8100.0,191044.09854589592,1979,44337554,79196844,1086175,2006224,4901760,5841326,5328909,5390165,8546618,10307683,5467713,7897501,4549849,3205120,1761675,5174340,12694855,39374485
260,000762,2018-01-12,-0.011757425742574212,-0.008044554455445496,0.3406555146390618,28989.0,173198.87703158715,2252,116257157,63991045,1498351,1369898,12092331,9395942,12916697,9708362,21781808,14980450,12695969,6863424,9275055,3254981,5439629,2298165,40557317,16119823
261,000767,2018-01-12,0.0033222591362127574,0.0,0.13781391518791772,3000.0,75735.26635139484,477,5924835,5204649,427791,256305,1505579,884169,792229,540272,1025279,618394,229500,222300,303900,1243443,463840,0,1176717,1439766
262,000768,2018-01-12,-0.012302284710017597,-0.009958992384300092,0.41478846193637436,17030.0,198098.41938290757,1694,70513598,57172203,1228411,1557703,7849006,6309593,8012124,6554117,7020876,6053770,3976274,5075785,5479608,6288065,6025585,3548489,30921714,21784681
263,000776,2018-01-12,0.0017045454545452365,-0.0017045454545455696,0.35808317691079233,35310.0,273870.1814282985,2416,148291862,147206522,820633,1842293,8239546,11675210,11959583,12824718,18769628,23087892,14157987,15454157,12937056,12293549,10449596,11963523,70957833,58065180
264,000777,2018-01-12,0.003154574132492094,0.0006309148264984632,0.5588811893704093,10285.5,83180.01168269331,804,14381209,12863247,989489,605372,3698828,2698305,2134750,1667047,2167897,2835455,1450897,1363607,937992,1026857,880656,450300,2120700,2216304
265,000778,2018-01-12,-0.0018348623853210455,0.0,0.11705276108105475,9864.0,167316.88169742416,2173,63859559,55361127,2207158,1092443,8349122,5466107,8418693,7230195,5991116,8919331,6400568,6590581,3581161,4048747,1335586,4453506,27576155,17560217
266,000779,2018-01-12,-0.0058181818181818334,-0.0058181818181818334,0.7824055123073881,10992.0,39247.96735312583,308,4875178,2219314,334996,262639,1584498,1045064,810650,528068,1167804,175616,977230,207927,0,0,0,0,0,0
267,000780,2018-01-12,0.00988142292490135,0.0,0.23251120033692588,6060.0,49479.259125098564,473,7059928,4130706,436137,260565,1676777,1334797,1220313,647050,2024501,1361074,489368,527220,370944,0,841888,0,0,0
268,000782,2018-01-12,-0.0012626262626261875,-0.0012626262626261875,0.41238660493156765,7910.0,170608.62115626686,368,8824890,2477205,251232,428561,1833240,1350529,1338871,471347,953283,226768,0,0,314025,0,0,0,4134239,0
269,000783,2018-01-12,-0.006273525721455453,-0.0037641154328732496,0.19062977461823746,13566.0,158363.23139307435,1749,48083371,36200094,1217477,2111714,5558297,11605576,3953495,6225243,4577751,3901738,2375250,4403821,4408172,2809475,2064250,885027,23928679,4257500
270,000785,2018-01-12,0.016822429906542258,0.02336448598130847,0.24465893819173573,22140.0,493530.6117353392,1916,92140068,143640069,600707,1739365,5220714,10897533,6314446,8931997,11078614,13269557,8763706,7839455,6048596,4711727,5759352,5411481,48353933,90838954
271,000786,2018-01-12,-0.00423728813559332,-0.0004237288135593431,0.4105460472430559,57024.0,313405.3464813095,3307,241579983,268956547,744019,784489,14589086,17227827,20625739,17848853,32037102,32729815,25395087,31897479,22225340,25204171,18081228,17977903,107882382,125286010
272,000788,2018-01-12,-0.011286681715575564,-0.01241534988713311,0.46573807481046564,8790.0,54446.79650958423,361,6680156,2977439,413485,368206,1847391,1062074,729550,928168,1622068,618991,734549,0,371213,0,437500,0,524400,0
273,000789,2018-01-12,-0.020769230769230762,-0.027692307692307683,0.2238169493597262,88480.0,599711.9818011932,3384,451931053,403663246,461733,784063,11948221,12688583,19469673,24354085,35874073,43518719,31414555,35054220,32564495,31662584,23919876,29576970,296278427,226024022
274,000790,2018-01-12,-0.006784260515603768,-0.004070556309362261,0.26653605543490166,8880.0,36424.3139127029,764,9592831,7703475,1001870,716579,3801329,2643403,1735807,1820950,2055584,2032230,998241,490313,0,0,0,0,0,0
275,000791,2018-01-12,-0.003750000000000031,-0.008750000000000036,0.2021596373644238,15067.0,105566.33831719021,1567,39508411,22337551,1301275,1576683,8175649,7303113,7116854,4898043,6878955,3527702,3416997,736693,1444790,1133054,1351182,464280,9822709,2697983
276,000792,2018-01-12,-0.00621504039776255,-0.011808576755748867,0.2745429929933328,132385.0,776337.3014629735,3439,556943235,505809116,643977,710285,9853927,9493455,17799981,16828528,49060956,41897731,45365650,41406849,35683378,39683795,30502119,34293571,368033247,321494902
277,000793,2018-01-12,0.004188481675392541,-0.0020942408376964927,0.3038017812316112,17638.5,390661.04742682324,988,56968026,38218684,967328,790042,4732804,3703185,3624260,4785389,4058509,3170793,3331287,1211501,2367658,2786180,3367528,867663,34518652,20903931
278,000795,2018-01-12,-0.02050473186119872,-0.02050473186119872,0.161579393709979,11894.0,80769.75622946834,1541,33208849,18632110,1542187,1535952,7552839,5439849,5833759,3738467,6018150,3963856,3113021,500370,2410020,0,403620,459590,6335253,2994026
279,000796,2018-01-12,0.0014695077149156077,0.0014695077149156077,0.4880998337795826,13620.0,42787.80937627364,777,10747917,10133551,829520,672801,3473514,3489971,2667409,2649573,1675634,2286099,1707440,1035107,394400,0,0,0,0,0
280,000797,2018-01-12,0.02168021680216814,0.015356820234869062,0.27150829155061224,22510.0,184231.85788846202,1664,44923276,66324881,979533,874800,8033464,7310765,6787507,8152978,11443645,11303774,6402997,6242611,2385453,6243304,1739959,4949907,7150718,21246742
281,000798,2018-01-12,0.06447831184056274,0.004689331770222793,0.4138398220811485,8580.0,37527.060150756115,424,3756091,4470438,340686,559553,1243192,1631616,1390538,901702,200655,527554,256800,517282,324220,332731,0,0,0,0
282,000799,2018-01-12,0.003370786516853963,-0.006741573033707815,0.5549008800682356,23984.0,122908.62269799244,2315,79572786,63674720,928585,1757734,10905408,12918678,11405473,10335597,14311428,14205463,11512751,8685846,4359004,3310972,6151107,4565322,19999030,7895108
283,000800,2018-01-12,0.0903225806451613,0.05898617511520743,0.19203838760296948,61405.5,462845.5312209196,3198,211827870,347669630,948472,972243,13366124,11684003,18005830,18498055,33476259,39430004,28189361,31481178,23983862,30265596,16744432,22160281,77113530,193178270
284,000801,2018-01-12,-0.018425460636515845,-0.018425460636515845,0.21400832965751496,9504.0,59781.34502941183,778,14701091,8043831,539625,945030,3473203,2268201,2668583,1936337,4753777,1059069,1412884,215488,660972,1040019,493485,0,698562,579687
285,000802,2018-01-12,-0.0044709388971684305,0.0007451564828613311,0.4818046332705809,10720.0,63899.3242810527,775,13419185,6213390,1119299,548012,3801937,2592181,2749581,1296679,3199654,908676,803050,229500,0,0,407664,0,1338000,638342
286,000803,2018-01-12,-0.004074241738343143,-0.002263467632412919,2.5514909633125478,8826.0,16693.7639044434,74,459072,543238,48572,88357,119596,333486,290904,121395,0,0,0,0,0,0,0,0,0,0
287,000807,2018-01-12,-0.032347504621072054,-0.024953789279112737,0.1846492153760219,103126.0,437656.0958328688,3440,412427287,337686976,891282,498758,10667714,9938191,24177462,17409342,54418257,42975833,56861048,41243515,32250821,32844114,20007175,19347803,213153528,173429420
288,000809,2018-01-12,0.01055408970976246,0.01319261213720302,0.17933195736974103,13090.0,57861.202062084376,446,6383608,8966126,221498,418624,1827187,2237294,934588,1732110,1828827,2817539,706599,1402971,355968,357588,0,0,508941,0
289,000810,2018-01-12,-0.012430939226519278,-0.013812154696132617,0.20723175959136048,3595.0,50546.38197210005,1221,15077609,6691769,1596712,622409,4367921,2192833,4053505,1543876,1471306,1732605,1281274,262405,1026326,337641,0,0,1280565,0
290,000811,2018-01-12,-0.00990099009900991,-0.00990099009900991,0.3424407003391925,12082.0,105499.75176441498,556,11714015,8334436,539351,501958,2652310,2214426,1761608,2006324,2623855,1470681,1281451,200227,370040,1019437,485400,0,2000000,921383
291,000813,2018-01-12,0.018952062430323213,0.012263099219620877,0.1941386647314329,17024.0,61973.220965726265,2138,30881826,48229032,1094985,3732385,7112720,12514742,6108365,8781337,8825751,14096074,3323836,5644826,1749170,2126616,1751836,457856,915163,875196
292,000815,2018-01-12,0.03327055869428763,0.029504080351537842,0.44356720287882356,15985.0,71509.20362288173,1290,17272923,25630532,1303098,1186706,6480552,7136674,3200293,4118448,2786591,3911921,1209692,1939050,770000,1660714,431420,3239115,1091277,2437904
293,000816,2018-01-12,0.0029940119760478723,0.0,0.09449734385793501,6700.0,64755.149775210775,1254,16420405,17876528,1089230,1082312,4150195,4244064,3036153,3352250,2384490,3938478,1247504,2325499,1381369,2080555,864972,853370,2266492,0
294,000818,2018-01-12,0.00917431192660545,0.00993883792048944,0.41357393039213675,13175.0,149515.14847949805,1000,38187663,20666427,1029874,442151,5290401,3433539,5405886,2768882,4836320,2836607,3785482,2890009,3752097,735419,3567364,404096,10520239,7155724
295,000819,2018-01-12,-0.020995334370139895,-0.008553654743390315,0.6003575354745054,11488.5,41535.68898714511,458,6690872,4727163,312629,483982,2092352,1606813,1777564,1343241,1235011,593695,1273316,699432,0,0,0,0,0,0
296,000821,2018-01-12,-0.005067567567567655,-0.005912162162162171,0.40363438330585205,11835.0,47993.0437566556,860,13464990,10650032,902953,586259,4409958,3507659,2293706,2830727,4460623,2055197,1014048,278240,383702,394416,0,402534,0,595000
297,000822,2018-01-12,-0.017857142857142905,-0.018907563025210017,0.19836601622782296,14025.0,143311.14201017123,2306,77228812,43753215,1671529,2151440,9923231,8335053,9327330,7394646,15560974,9371852,10517789,5016121,2824032,4924609,4059308,1426711,23344619,5132783
298,000823,2018-01-12,-0.02463382157123828,-0.02929427430093201,0.3887681422385091,29280.0,146378.47786949135,1493,67420563,39554953,875202,831234,9581930,6513478,10545947,5872397,11098733,5055651,6955790,5592747,4858646,3024656,3597109,2174612,19907206,10490178
299,000825,2018-01-12,0.013698630136986134,0.009784735812133016,0.09510223179163578,23220.0,342939.76787140995,2899,155864945,220129118,2034939,1655640,10400970,10252179,10142379,15097496,17033623,20730014,14242832,18988373,10237022,11567529,9928598,8520164,81844582,133317723
300,000826,2018-01-12,-0.010843373493975905,-0.0072289156626507145,0.8981266143019052,19800.0,216235.71875683393,1366,62447497,33671335,792663,1579500,5928703,6409188,6530098,4711917,7540819,6995795,6005721,2322510,3798703,2374046,3595068,1627029,28255722,7651350
301,000828,2018-01-12,-0.007943512797881747,-0.005295675198587868,0.45219035876601293,9032.0,51622.700840747435,627,9451509,6312186,513829,326322,2892922,1989161,2018811,1943925,1890575,886914,1263732,285232,327148,303312,0,0,544492,577320
302,000829,2018-01-12,-0.01364113326337868,-0.009443861490031513,0.28408536082911984,5646.0,58280.049041733364,1126,13532061,10220303,1173344,1507941,3278491,3621227,3178085,1339113,2297373,941249,1001276,1408979,382987,334640,406080,497260,1814425,569894
303,000830,2018-01-12,-0.017344173441734445,-0.027100271002710064,0.3226247195809367,48843.0,504942.30499935657,3274,288880967,233809521,1021817,1831142,13787250,14504231,21203783,18296321,27572129,32334977,24566612,24992417,18214821,21365831,13600896,11408699,168913659,109075903
304,000833,2018-01-12,0.010115606936416333,0.005780346820809301,0.27933145595916603,8280.0,34418.5902648422,613,5561036,7772351,467623,908700,1997010,2708537,1755826,1934418,1099929,1479247,240648,741449,0,0,0,0,0,0
305,000835,2018-01-12,0.0379436964504285,0.028151774785801775,0.262982654383805,17472.0,73502.87487802863,965,13552489,27767036,718065,861072,4397290,5472015,2966543,5415827,3744330,5989134,1421284,4055865,304977,2383663,0,1251203,0,2338257
306,000836,2018-01-12,0.0020661157024792765,-0.0020661157024792765,0.10885108733790663,16021.0,139222.0016541698,1984,51386997,57905897,1224642,1887441,7962187,9698694,8160201,8386886,7920649,9379153,4811062,8098293,3378687,4021447,5975427,5485981,11954142,10948002
307,000837,2018-01-12,-0.009554140127388644,-0.011146496815286677,0.27548169539994627,8764.0,49610.88143967464,519,7224249,5272510,598804,592724,2112412,1851746,1257305,1303795,1369216,883125,280625,0,315238,641120,1290649,0,0,0
308,000838,2018-01-12,0.06472491909385125,0.046925566343042124,0.11333665885331466,36081.5,355828.2235008012,2984,178914216,137795078,1573625,1440940,15558478,12780441,19768818,15985427,28249846,26197620,20923383,16198547,11001163,13179580,9271087,7422550,72567816,44589973
309,000839,2018-01-12,-0.004424778761061843,0.0011061946902657382,0.16912864177694414,30701.0,218130.33033214073,2860,150223384,106024137,1847652,1754400,16940400,11400392,18672063,12760666,29646255,19429081,16257087,10174736,13083806,4856124,11811507,5402903,41964614,40245835
310,000848,2018-01-12,0.010858835143139123,0.01382033563672258,0.21714605085838004,11286.0,102021.987409762,2179,50385066,49966876,1786393,1733165,7829220,7340896,5840488,6534406,8624172,14759464,5380654,5682398,5760261,5019967,1256702,2243239,13907176,6653341
311,000850,2018-01-12,0.0,0.0,0.2902891893880072,11245.5,91935.21924136492,248,5394268,4108523,235282,200559,1022654,1210113,543420,1112529,1359575,440450,0,0,387468,0,0,453492,1845869,691380
312,000851,2018-01-12,-0.013245033112582849,-0.0033112582781458233,0.2877685093996962,14512.0,116202.09567421397,991,27058461,13017581,1144710,860948,5186785,4289578,4469974,3013962,5226973,2122320,1481221,507801,1357731,657638,1281750,894949,6909317,670385
313,000852,2018-01-12,-0.0029673590504450953,-0.004945598417408381,0.2591623347498858,16256.0,62346.98932044026,1522,29497180,23682809,1017398,1063369,7844346,7482496,6239121,4678834,7606021,3299411,3759896,2463567,2073751,1020157,403807,1826891,552840,1848084
314,000856,2018-01-12,-0.0008940545373267161,-0.006705409029950871,0.4114956309092601,47649.0,235077.68230637157,2957,178726477,182600040,974151,1165275,13247439,13525894,18447136,15333237,29845631,30656625,23449632,19986545,16858177,19162401,10344093,14739108,65560218,68030955
315,000858,2018-01-12,0.038767621646202954,0.008412914961346107,1.4824972881881868,202331.0,1289306.524297809,3521,672609704,834787487,318539,468866,4313871,6424200,15386329,20727148,43802573,53201691,52980639,50010006,40014102,43607351,45415004,50394738,470378647,609953487
316,000859,2018-01-12,-0.0046511627906975495,-0.006976744186046546,0.1997131857391605,8580.0,55505.90275685181,463,7871682,4702228,440140,436226,2467105,1385465,939921,1497546,1643611,659697,667953,723294,661692,0,412908,0,638352,0
317,000860,2018-01-12,-0.009829280910501725,-0.0103466114847387,0.5432409868203849,7684.0,86563.93636839217,1266,21979195,10524957,1615602,1778676,4077432,3621551,2594807,1810235,4084456,1739626,1408989,1137565,766600,0,894030,437304,6537279,0
318,000861,2018-01-12,0.025157232704402288,0.018867924528301883,0.09490893591422782,9750.0,94241.39802667737,1126,15791688,25604346,986816,1137219,3624984,4915303,2960735,4206570,3525178,4718575,2061954,2171993,704692,1397979,1382829,1321869,544500,5734838
319,000862,2018-01-12,0.010060362173038184,0.008048289738430636,0.24860206892681777,7070.0,38731.29575631277,399,3982772,4141883,324938,350748,1935389,1488140,1376460,818192,123235,500748,222750,483055,0,0,0,0,0,501000
320,000863,2018-01-12,0.027573529411764497,0.016544117647058876,0.14534076839347837,16680.0,98024.18195089357,1405,32755036,35813591,955420,1083049,4882823,6139572,6933153,7101248,7670884,6802912,5144684,5825233,2656342,2823044,450198,879860,4061532,5158673
321,000868,2018-01-12,0.06607929515418509,0.05947136563876643,0.15275263735557076,122850.0,498804.4097157162,3549,411006298,571588465,596674,441963,10004968,10025918,21325559,23749926,51618345,56240288,42471484,46501121,34822024,38052708,29461725,26312706,220705519,370263835
322,000869,2018-01-12,0.002011566507417628,-0.0017601206939904523,0.9840269470074757,19995.0,105508.57122964328,1633,47021026,37480145,952944,1477519,8389557,9643050,7267082,6298122,10321669,7872778,5810813,3875063,3475935,1620098,2148456,2228640,8654570,4464875
323,000875,2018-01-12,0.0025839793281652312,0.0025839793281652312,0.14526225249390584,9324.0,120759.13044821478,710,14928574,12095525,490724,867259,2377274,3040163,1542382,1394605,4239151,2143854,696122,711279,1404052,0,409865,1714742,3769004,2223623
324,000876,2018-01-12,0.001280409731114096,0.0,0.15499177108088752,21868.0,152268.1325005194,2545,72915151,54905597,1078696,1305063,24260921,10342173,11224859,10145645,8226457,7683237,4828259,5490049,2417209,5517306,2302102,1375782,18576648,13046342
325,000877,2018-01-12,-0.005988023952095856,-0.017108639863130826,0.204571195304353,55632.0,350658.92968274007,3272,262233261,201420492,1367666,867662,15235448,11839352,22408768,20269667,41453835,32996410,26597857,25584398,26520335,18762712,16611607,14165726,112037745,76934565
326,000878,2018-01-12,-0.0035335689045936647,-0.00636042402826853,0.2935069050981005,29715.0,266706.3487417142,2327,142515098,115219931,1664763,1223738,10953350,10766240,10314573,11087543,15627355,16606901,10083970,12837403,6151292,10051642,12513653,8180450,75206142,44466014
327,000880,2018-01-12,0.00427350427350448,0.002136752136752351,0.6506355789628402,9360.0,45766.10077142444,206,2548316,1888596,290328,209917,1017962,719839,309522,370889,400560,587951,0,0,0,0,0,0,529944,0
328,000881,2018-01-12,-0.021308980213089912,-0.020547945205479534,0.4590123935841015,11619.0,72545.1922845838,819,18426859,7842239,596071,840653,3192703,3137001,3240741,1715313,3364718,1607589,1924375,541683,1435022,0,434056,0,4239173,0
329,000882,2018-01-12,0.0031948881789138905,0.0031948881789138905,0.0923881148003786,10263.0,147626.02329667658,1151,34209043,29078639,1039155,1059684,3701449,4260239,3672844,3128869,4030774,6276093,4228274,1789536,3666346,1960741,862737,1371804,13007464,9231673
330,000883,2018-01-12,0.0,-0.002105263157894721,0.14478490882758588,5688.0,93756.17096462713,1078,17002344,17017235,544147,1409421,2689098,2472792,7709602,2934782,2760051,3593769,937659,1600286,647187,0,476000,486062,1238600,4520123
331,000885,2018-01-12,0.020178041543026604,0.01364985163204735,0.35055641681093336,27640.0,103231.2319347697,2312,63397717,71971554,1436675,1246446,12999020,10761246,13059466,13163268,18170556,17965651,6181752,9599765,4571913,2759467,5329987,3533838,1648348,12941873
332,000887,2018-01-12,-0.007683863885839748,-0.007683863885839748,0.4509943412164992,19712.0,154144.13350651923,1632,67619931,44949179,1637726,1061815,7510757,5323642,8805835,6962846,12474197,9915602,6024344,2878349,4482721,4288761,5889478,4157532,20794873,10360632
333,000888,2018-01-12,-0.025854108956602007,-0.025854108956602007,0.35081513277906207,20064.0,67332.96438136385,953,24271544,10122772,430726,713491,10222440,2293954,3589437,2658324,3999358,1371182,913860,1276117,1347764,705465,1327899,472939,2440060,631300
334,000889,2018-01-12,-0.0030120481927710108,-0.0075301204819276935,0.9188764152453163,11862.0,73008.87036247233,208,4137684,2803401,232766,157481,945077,631549,847094,102964,1283321,0,434926,538535,394500,329500,0,450192,0,593180
335,000890,2018-01-12,-0.01179941002949858,-0.01179941002949858,0.4624792677589144,7452.0,32756.98113133326,214,3073529,1275909,228260,179684,1196121,737152,387644,210133,1026604,148940,234900,0,0,0,0,0,0,0
336,000892,2018-01-12,-0.0013054830287205776,-0.010443864229765065,0.4408460415979466,9132.0,46126.59918536968,301,5761205,1696030,331953,223943,1742353,958275,1334668,219442,928437,294370,633850,0,348384,0,441560,0,0,0
337,000893,2018-01-12,0.006741573033707926,0.00786516853932584,0.34988304522184605,10680.0,157389.4003689916,647,16870788,18028478,966563,394508,3497022,1390207,2431523,1090173,2940467,1833598,435916,1423152,1468574,964073,0,1824858,5130723,9107909
338,000895,2018-01-12,0.007871198568873083,-0.00035778175313050387,0.5277320701475803,25128.0,132939.3830389657,2807,96586120,95016271,2378970,1675275,11285482,10947167,18708658,16446232,18832013,15423749,14602748,10406426,5677578,8497440,6313697,6819980,18786974,24800002
339,000897,2018-01-12,0.08563535911602216,0.0662983425414363,0.06902269786252258,19844.5,319648.54401414323,2776,117917052,117104138,2090361,1816104,11249863,11455838,12297845,12540471,18029157,16786992,12377842,13180127,7941491,9289895,7431422,7448446,46499071,44586265
340,000898,2018-01-12,0.01070336391437321,0.006116207951070374,0.14841881206178612,19024.0,253780.53696489488,1945,81405413,112357928,1186254,1497298,5330469,5960828,6295919,7425906,12629570,23666188,6961096,10716868,5114438,8467747,6312288,5745602,37575379,48877491
341,000899,2018-01-12,0.016949152542372836,0.011864406779660941,0.292207266402469,5980.0,148022.26072860038,407,9234524,13212811,292631,328724,906051,1167615,1094079,915393,968186,1013237,498583,1738509,687825,2037243,891700,918440,3895469,5093650
342,000901,2018-01-12,-0.013559322033898313,-0.013135593220339081,0.6749416036798176,14046.0,94236.82869566673,1222,35028179,15708889,914983,1342201,6847892,5509220,4930842,2171314,5733623,3254309,3693872,2726845,2366877,0,3587913,0,6952177,705000
343,000902,2018-01-12,-0.028073572120038803,-0.02613746369796699,0.2882462976889763,8192.0,59367.25670622449,1286,19746867,10444139,1053560,1237583,5119831,4770382,2078012,1817020,3368745,1942285,3133857,676869,1338266,0,1766271,0,1888325,0
344,000903,2018-01-12,0.0,-0.0028571428571427804,0.13690035212761997,7020.0,115749.73146584551,654,14172600,6389229,602694,584369,2791719,2367831,984232,759487,2117677,1918204,239400,759338,953760,0,0,0,6483118,0
345,000905,2018-01-12,0.0009182736455464191,0.0055096418732780705,0.3701786545609553,10990.0,74039.27069358292,865,14083937,17448034,590923,909967,3450999,4109979,2232051,2250109,3641915,2885118,2368491,1319284,1103500,1967016,0,2226692,696058,1779869
346,000906,2018-01-12,-0.01302083333333326,-0.01041666666666663,0.3212073440183353,11610.0,50653.760815281974,571,10697966,6136879,640749,483984,3224401,2009847,1953911,1489604,1898998,776387,2319765,1002732,660142,374325,0,0,0,0
347,000908,2018-01-12,-0.007812500000000111,-0.007812500000000111,0.3250048995597291,6390.0,56995.47084673531,387,6556779,2469699,529965,292597,1393150,775576,1321468,757477,1028278,644049,696102,0,0,0,412100,0,1175716,0
348,000909,2018-01-12,-0.015653775322283625,-0.01012891344383049,0.5306550855594734,8616.0,64324.8908849451,418,6950505,2791885,430193,453720,1955355,1088947,1573745,578349,1338288,141504,214400,217413,348194,311952,0,0,1090330,0
349,000910,2018-01-12,-0.01386687797147379,-0.01426307448494446,0.6609744851386391,12445.0,98606.09067880211,1459,37383888,21555857,2470852,729744,7594002,4164770,4593949,3515136,4481061,3623505,3671660,4778128,1139057,1122184,2735117,0,10698190,3622390
350,000911,2018-01-12,-0.003225806451613078,-0.007526881720430145,0.3959034441499578,9210.0,41681.35583348851,551,7457100,3334158,744062,526131,2767395,1333891,1039266,989561,1212356,278746,445212,205829,326388,0,922421,0,0,0
351,000912,2018-01-12,0.0676100628930818,0.012578616352201255,0.1507606878956849,12236.0,66143.14704723327,1784,29808287,28914269,1692371,1679915,6697430,7736349,6418056,7690680,6941060,5696332,4286415,2157748,1683166,1407586,858849,434910,1230940,2110749
352,000913,2018-01-12,0.001523616048755505,-0.00050787201625202,0.973915094504313,7910.0,78599.96709432942,408,6387461,6391989,283538,602491,1439674,1357151,1002600,624813,837619,1074885,995290,459599,1335490,396000,493250,494750,0,1382300
353,000915,2018-01-12,-0.006717850287907945,-0.008637236084453104,0.9252533583192272,15610.0,136233.69033429425,1141,31826742,23245438,1257445,959396,5897437,3756081,6796204,3358999,7336304,4587592,3548467,1956939,2534881,975190,811972,487656,3644032,7163585
354,000917,2018-01-12,-0.011261261261261368,-0.011261261261261368,0.26809522244957473,17620.0,181083.89372275438,1097,42434909,24258640,868412,921651,5312237,4659261,5057186,3519518,5405152,4467182,4683245,2090081,3486712,1696087,3924874,945539,13697091,5959321
355,000918,2018-01-12,0.03472222222222232,0.029166666666666563,0.15819042705573946,23188.0,127628.97744529323,2075,63267023,69950777,1483177,1480672,8171716,10201590,10231245,12357949,13678944,13394580,9634290,10411325,4920960,7680739,2219251,2600629,12927440,11823293
356,000919,2018-01-12,0.005555555555555536,0.0,0.3522595052015705,17090.5,67413.31378994102,652,13329849,10858419,616677,810885,4064118,3118262,3082264,1621067,1933328,2358216,2502237,1098408,387234,663499,0,421730,743991,766352
357,000920,2018-01-12,0.0010141987829614951,-0.001014198782961384,0.4393149653940467,9910.0,67058.3509666957,503,6246864,9053051,573943,447939,2128069,2276384,1029621,2066749,1415094,1583746,705373,281728,394764,0,0,492500,0,1904005
358,000921,2018-01-12,0.012760241773001946,0.009402283411685586,0.37898315608371086,15030.0,90979.14747811943,1544,36044934,33542143,1430922,988794,7696133,7334093,7645974,4492067,8171050,4978350,4348367,4339616,2009666,2663085,1251109,3628900,3491713,5117238
359,000922,2018-01-12,0.008706467661691475,0.006218905472636926,0.29369957166588273,11284.0,70813.14432483281,749,13230033,9211621,584637,867101,3275289,3373673,2825171,2071156,2229117,831366,702045,460468,662943,637832,0,402500,2950831,567525
360,000923,2018-01-12,-0.017191977077363862,-0.01187065083913219,0.5778929078915557,22383.0,80996.07519016296,1787,45747399,35173542,1349977,1313123,11952044,8384930,8748522,6270113,10460578,7710505,3035584,5272429,4196114,1711417,1374039,1781934,4630541,2729091
361,000925,2018-01-12,-0.017948717948717885,-0.014102564102564052,0.6188295901361887,10759.0,51629.46069414171,635,10658004,6387416,1034365,465509,3015928,1835336,1919865,2010963,2271130,1251163,1465451,486090,307000,338355,0,0,644265,0
362,000926,2018-01-12,-0.008467400508043954,-0.0016934801016089684,0.22144305563343666,46215.0,465158.77024710004,2850,252479202,230503679,849751,1794184,10025250,11833902,13192540,13291519,22733516,32801352,20147310,16501125,17113018,21563832,19094804,14334168,149323013,118383597
363,000927,2018-01-12,0.07029478458049887,0.03174603174603163,0.11143446616088318,15188.5,151377.3827184576,1572,36081048,51222402,1211678,1425532,6525292,6976379,5269374,6793723,6062325,7727020,4167824,5444463,2732130,3117805,2740853,4332283,7371572,15405197
364,000928,2018-01-12,-0.006015037593984918,-0.007518796992481258,0.19882602808086258,13755.0,96850.88679192787,1119,28735827,22177741,843635,1147057,4106370,5195484,4985301,3899155,6269760,4055139,2452660,2700981,2456549,1806299,2274210,420132,5347342,2953494
365,000929,2018-01-12,0.006802721088435382,-0.00340136054421758,0.8742816027960638,8852.0,38698.00645263898,180,3073787,1301235,198407,106035,785136,555918,598290,404282,1254806,235000,237148,0,0,0,0,0,0,0
366,000931,2018-01-12,-0.0056022408963585235,0.0014005602240896309,0.23998525016652159,10800.0,49062.30915524677,885,12359068,11853252,917934,799014,3460141,3788185,2503879,2344347,3490612,2957578,929277,732072,1057225,751444,0,480612,0,0
367,000932,2018-01-12,0.0022988505747127963,0.0011494252873565092,0.1772066151634559,47656.0,360701.62023987516,2414,184586451,172042164,1188055,1393007,8778168,8913724,18067595,13517275,20629475,24219804,18525412,18123532,14035743,12358778,10656663,13764211,92705340,79751833
368,000933,2018-01-12,-0.0019607843137254832,-0.005882352941176339,0.17545606247580403,63661.5,307000.60260181373,3386,267022165,253520777,2009737,729260,13619152,10947020,21446656,19130015,41493892,33782825,43879524,29841012,27220766,25866231,15011813,23203383,102340625,110021031
369,000935,2018-01-12,0.06843501326259949,0.039257294429708045,0.334883524666251,50310.0,528439.9023453179,3173,261678947,254541708,1269202,1424785,13533202,14024446,19525640,19391305,32921184,32101269,23260819,25531379,17458952,16191197,9829371,11555382,143880577,134321945
370,000936,2018-01-12,-0.013372956909361133,-0.011887072808320909,0.23326885888372842,11407.0,73707.1000706479,832,17610341,10838994,792867,701364,4220889,2561519,3412722,2961008,3908898,1674089,1997004,931548,1950816,384956,0,425450,1327145,1199060
371,000937,2018-01-12,-0.006504065040650375,-0.008130081300813163,0.14055528115637744,7956.0,135182.04989501063,1918,43729979,39943332,1440932,2282791,5199784,7023600,6493420,5773503,7297059,6999205,3033711,3140815,1631321,968596,1815902,871716,16817850,12883106
372,000938,2018-01-12,-0.013509749303621144,-0.011699164345403967,1.4397685757533114,57176.0,202539.24628263697,2487,164329255,138379205,950708,1267327,9358004,10424416,16478481,14704735,31592557,25126410,24359593,18945797,13185315,15346427,15592812,9012458,52811785,43551635
373,000948,2018-01-12,-0.002739726027397249,-0.005479452054794387,0.4164936611584684,13200.0,78051.96233574855,691,17296187,9625932,614187,435986,3796948,2112639,3369816,1758279,2675444,2172462,1676285,1761349,1094044,387759,2181074,492558,1888389,504900
374,000949,2018-01-12,-0.013667425968109215,-0.009111617312072884,0.21959107123546862,4818.0,40306.02346444318,399,5283248,2921570,303179,389112,1814510,926755,1285047,888874,1231618,268755,217064,448074,0,0,431830,0,0,0
375,000951,2018-01-12,-0.005750431282346202,-0.011500862564692294,0.4875280928410021,13832.0,61234.16483669747,1272,24234407,16385913,955499,1074687,6700243,5082017,6259522,4410101,6041914,3155025,673304,969154,1368497,1063945,491320,0,1744108,630984
376,000952,2018-01-12,0.019554956169925752,0.010114632501685872,0.531470491952773,16626.5,113786.17550756037,778,19188961,21108799,571928,605103,3826964,3717148,2711667,3650227,4086691,5597316,1242433,1870895,928046,1355961,1902673,2706120,3918559,1606029
377,000953,2018-01-12,-0.00907911802853445,-0.012970168612191912,0.33261801153641407,10682.0,59051.95862269091,537,10380785,4347202,501004,468679,2625209,1958535,1675762,1278557,1467674,413781,2021350,227650,0,0,964666,0,1125120,0
378,000955,2018-01-12,-0.004451038575667643,-0.005934718100890191,0.3105125279767587,20220.0,137690.50270968868,471,7543261,24593088,220045,313647,1035764,3041337,912620,2370367,1341500,3720366,1054388,3481589,1386354,4708410,956090,940864,636500,6016508
379,000957,2018-01-12,0.0327433628318583,0.018584070796460184,0.23482277865790066,25608.0,131900.0994371864,2318,69180252,91182844,1258351,1138895,13030266,10391472,11418875,11643566,15105969,20549488,7851026,13329565,5542963,9114751,4600787,6050968,10372015,18964139
380,000958,2018-01-12,0.0018416206261511192,-0.0018416206261510082,0.13965563618069507,10980.0,63982.08279547254,1514,23872477,26894028,1169196,1357063,6348577,6016822,4739157,4731975,5919407,7165402,3433546,2168088,1440594,2701093,0,1361125,822000,1392460
381,000959,2018-01-12,0.015126050420168013,0.0117647058823529,0.1478640712951182,4752.0,50811.76331933881,1622,10638680,20635990,1454733,1854575,2854137,5091457,1411990,3019530,2967623,4190092,1157358,1447012,366624,2483444,426215,1324377,0,1225503
382,000960,2018-01-12,-0.0037091988130564246,0.0007418397626113293,0.28226866188290106,27200.0,213517.65685656914,2283,94677638,132332553,1202093,1555836,8188032,10573850,9859070,11809174,16516814,20161807,12914808,12818113,8314424,11241126,5223307,8518687,32459090,55653960
383,000962,2018-01-12,-0.015222482435597096,-0.016393442622950727,0.3242778230464471,8450.0,39210.85503536586,693,10061780,5441623,824993,725852,2688830,2633922,2649257,1030648,2482496,747751,993705,0,0,303450,422499,0,0,0
384,000963,2018-01-12,0.0031567870922484254,-0.00420904945633116,1.160541034873578,22568.0,180700.74413434358,2417,82640711,87918966,747168,2021786,9893214,14276065,10913172,11975113,13353144,12292672,6577628,6525089,5725027,5705583,4517017,3627943,30914341,31494715
385,000965,2018-01-12,0.038851351351351315,0.03378378378378377,0.1270594817499801,27184.5,140775.4729317259,2176,68491334,86627496,1320744,1467906,10775801,10235785,10807400,11293349,15475946,17626591,10520071,8983507,8246500,8360004,3101161,5815545,8243711,22844809
386,000966,2018-01-12,0.0,0.0,0.20167575938620294,3960.0,49710.561325471084,381,3864107,3869340,349424,342738,1508919,954843,530877,484227,955595,879412,204092,0,315200,764535,0,443585,0,0
387,000967,2018-01-12,0.0021459227467810482,-0.0032188841201717944,0.34270142881272186,11196.0,43104.473535638055,739,11815230,5864401,533463,544527,5282578,2343872,2240450,1342450,1587308,1321332,215523,0,1040040,312220,915868,0,0,0
388,000968,2018-01-12,-0.03227848101265829,-0.02848101265822789,0.4098797083177293,15510.0,131924.94447780127,1487,47068744,28657914,1188215,1425658,6533801,6730414,8744486,4988148,5950727,5902607,3358505,1307139,3443891,3387027,2299864,1306928,15549255,3609993
389,000969,2018-01-12,-0.014476614699331924,-0.012249443207127064,0.2759305766261419,12446.0,174932.56727396586,1059,35404581,17591404,1230888,982588,4507748,3878273,4342372,2971199,4564575,4453704,4373966,279405,1827587,1760405,1801788,496620,12755657,2769210
390,000970,2018-01-12,-0.030470914127423754,-0.028393351800554023,0.2953257714967259,31427.0,293840.6906839492,2392,150845227,101761718,1123388,1175791,12440508,12093852,12337155,12761127,16419558,18523871,12947714,8498431,10805260,8983064,11641760,8156620,73129884,31568962
391,000971,2018-01-12,-0.0668674698795182,-0.0662650602409639,0.3350622891941355,35640.0,610372.6193632225,2466,167529049,156863971,1200042,1441187,10444691,10547676,12074237,10354897,23141406,25561995,13935576,13086611,11021640,9265223,10622887,7949325,85088570,78657057
392,000972,2018-01-12,-0.012048192771084487,-0.009638554216867434,0.22653177313895548,8300.0,120911.01993450502,335,10560544,4306584,219508,373950,1025490,1083981,1484924,708305,1108151,484348,1251875,622500,1072427,0,828534,411000,3569635,622500
393,000973,2018-01-12,-0.011437908496732097,-0.011437908496732097,0.19961708335789163,6726.5,85567.40128184792,940,16046582,10272716,797193,1375849,2798170,2954437,1806643,2935090,2390086,1163011,1729927,490518,914721,335603,912458,0,4697384,1018208
394,000975,2018-01-12,0.03935347856640892,0.03302881236823607,0.34739710976243365,17820.0,298597.90424360393,1679,62546843,111683759,1341156,1114978,8083843,6020696,5364355,5994424,8996350,11747234,7809887,11314224,2171568,4345997,4090312,3921370,24689372,67224836
395,000976,2018-01-12,-0.0024539877300613355,0.0,0.3578012844330396,4908.0,94499.39956522489,518,10658963,4078878,660106,381838,1634443,1360027,1887000,1401790,1484356,591663,744666,0,386914,343560,0,0,3861478,0
396,000977,2018-01-12,-0.024802110817941925,-0.017941952506596248,0.35705760720085794,39595.5,264212.2578748202,2818,196156771,125154744,1166788,1654672,11192059,14647875,15658382,16056060,30634011,25756825,18423023,15348047,19482100,12799133,10533951,3114259,89066457,35777873
397,000978,2018-01-12,-0.003592814371257358,-0.0023952095808382756,0.4324112523121268,3338.0,26703.900952820484,372,3166388,2310798,261945,504581,1050253,977708,1363144,294001,491046,278387,0,256121,0,0,0,0,0,0
398,000980,2018-01-12,0.011579818031431044,0.007444168734491274,0.2505596159133071,24520.0,114277.9860503439,2329,66244609,79554721,1298808,1442580,12112790,12030540,12087846,11362240,17587197,17175504,8491305,11961685,8043138,4745025,1840882,2857161,4782643,17979986
399,000981,2018-01-12,0.0,0.0011350737797957144,0.3576892969788421,8805.0,62445.06569166235,606,9621611,8392717,822174,479223,1747792,1883817,1996519,2701487,1345957,1036753,1273593,1245764,1767778,1045673,0,0,667798,0
400,000982,2018-01-12,-0.011820330969267268,0.009456264775413503,0.11030170861458995,10650.0,119507.06869156586,1475,35007180,27672550,1486580,1043856,6996955,4857472,5538712,3402530,5789648,4051608,4098408,2803531,3499621,1367365,2304142,1358276,5293114,8787912
401,000983,2018-01-12,0.016488845780795236,0.0,0.18919215274867096,36820.0,333613.1571195819,2975,208336870,178169307,917391,1522730,9831301,14269412,13147501,15710017,24324502,27524454,22162979,24439530,12483740,14134963,10081849,7650898,115387607,72917303
402,000985,2018-01-12,-0.006381934216985852,0.0009818360333824216,1.2660921653385044,9207.5,45919.69326198727,258,3726614,1769304,247014,255624,1007022,807787,1006813,284631,221595,0,480396,421262,355774,0,408000,0,0,0
