,code,date,pchange_whole,pchange,change_std,amount_median,amount_std,length,sumsell,sumbuy,sell_vol_0,buy_vol_0,sell_vol_1,buy_vol_1,sell_vol_2,buy_vol_2,sell_vol_3,buy_vol_3,sell_vol_4,buy_vol_4,sell_vol_5,buy_vol_5,sell_vol_6,buy_vol_6,sell_vol_7,buy_vol_7
0,000001,2017-11-13,0.044534412955465674,0.04696356275303648,0.2069353890465174,248933.0,1565703.2557793828,3572,1237440934,1396397136,135296,116716,6499845,4300713,18685579,16839596,46016000,45305908,43582877,43755567,41731818,38464535,43165836,43526499,1037623683,1204087602
1,000002,2017-11-13,-0.014207650273224015,-0.012021857923497192,0.48197876204937695,70408.0,494018.3493574886,3245,329545872,305168297,630639,998733,10957368,14455678,18382102,22282536,32276929,45314927,24990764,33739163,22438413,30327185,21848694,19895353,198020963,138154722
2,000004,2017-11-13,-0.040325707638619535,-0.0337340054284605,0.7166726035472556,17545.5,140605.45505690025,1296,34939989,26221636,745343,1022077,6439027,6820836,4331473,4550266,5593778,4805092,5564611,4427180,1414848,337980,884782,495263,9966127,3762942
3,000005,2017-11-13,-0.0021551724137930384,-0.004310344827586077,0.19277599263282377,7408.0,45290.523675579396,579,6458904,4737940,695922,454092,2655681,1735225,1395766,937110,1222315,775839,489220,0,0,0,0,0,0,835674
4,000008,2017-11-13,-0.006688963210702448,-0.0078037904124861335,0.25441503763798684,6230.0,146987.32505098236,1243,24251577,9289407,3256184,695793,4645319,2201697,2342122,1502450,3118547,1120387,489798,267900,1074344,661608,2242994,454152,7082269,2385420
5,000009,2017-11-13,-0.006203473945409543,-0.003722084367245748,0.20142694724167665,15228.5,156918.76171909005,1602,58507864,28682595,1801328,1166116,8683523,4687482,7738867,4551802,8285547,4762032,5829678,2777671,4809875,3014534,5327373,1747234,16031673,5975724
6,000010,2017-11-13,-0.0266222961730449,-0.021630615640598982,0.12797833544129888,16379.0,77094.69692197944,2211,49401439,39939587,1827691,1550977,10651327,9897597,10762190,9690509,11508377,7823409,6994434,5138000,2215760,2152510,2243478,458447,3198182,3228138
7,000011,2017-11-13,0.008012820512820706,0.008012820512820706,0.5480593524373366,18810.0,59865.53308062804,1166,19073115,21884110,942373,1180454,5905549,6054777,5235857,4754101,3640103,5837152,956330,804250,651077,1758321,0,915185,1741826,579870
8,000012,2017-11-13,0.09818181818181815,0.09575757575757571,0.14223820471608528,92854.5,959991.7692074167,3374,462611098,454412258,1080757,674158,13867226,8656296,25492861,19690996,52073418,35499323,42160553,28818318,39589058,25313401,26392270,20623068,261954955,315136698
9,000014,2017-11-13,0.0031230480949404615,0.0012492192379762734,0.7917034468327367,8813.0,40768.860267363176,408,5063133,4357791,336323,482165,1704170,1412421,1386509,813365,1216675,931938,419456,0,0,717902,0,0,0,0
10,000016,2017-11-13,-0.00952380952380949,-0.00952380952380949,0.14457868076265534,32077.0,300103.5348281542,2594,149583826,141985481,1749777,1180240,12569991,9899380,14999395,13014104,18865035,20239779,14736949,13553005,11878324,9464555,10166981,9458233,64617374,65176185
11,000017,2017-11-13,-0.0054421768707483276,-0.0054421768707483276,0.3278404941627304,5912.0,33719.11041373737,502,5172042,3383011,658364,500967,1663200,1428657,1109897,598254,755939,436540,663746,418593,320896,0,0,0,0,0
12,000018,2017-11-13,0.014025245441795287,0.005610098176718203,0.23033296508973916,11480.0,70691.94253419185,958,16283301,17316960,828598,779475,4538454,3955655,3641083,2982329,2863153,3897861,1421854,1640936,1411559,2449936,0,435484,1578600,1175284
13,000020,2017-11-13,-0.013714285714285679,-0.014285714285714235,0.540933637531236,12127.0,40994.58681450601,1046,16658907,9180249,949932,1218642,6086958,3719447,3794652,2171139,3191895,1787661,1629614,283360,396856,0,0,0,609000,0
14,000021,2017-11-13,0.03956478733926816,0.03857566765578646,0.18005651490463012,52550.0,387581.40368721326,3161,241394749,271430303,1425150,845772,13654495,11098081,18163891,15734284,32255127,30899638,25532031,26162636,19689742,23762717,13358585,15632146,117315728,147295029
15,000022,2017-11-13,-0.023274161735700183,-0.020118343195266286,0.8395137988274841,14976.0,86086.92905999583,911,22763575,11516796,740592,753850,5987111,3883132,3698297,1760370,4141004,2733252,1390133,1695442,1435552,690750,856149,0,4514737,0
16,000023,2017-11-13,-0.011245674740484546,-0.007352941176470673,1.013489207495178,6873.0,51268.896793038744,521,7766529,4429432,523168,534532,1984080,1526730,1124329,859051,1947706,564164,1503606,0,683640,0,0,944955,0,0
17,000025,2017-11-13,0.009048723897911781,0.004408352668213489,1.1269892210474628,17386.0,56935.028643952384,1462,30229063,21111877,1440633,1367024,8019053,8006849,5853234,5749527,7183743,3636412,2205041,1603607,2428178,310320,1708285,438138,1390896,0
18,000026,2017-11-13,-0.009556907037358786,-0.010425716768027726,0.42903823277263015,11390.0,45049.05699493282,719,12076949,6017057,685019,410750,3602579,2703281,2342951,827487,3469656,1167961,988097,430640,988647,0,0,476938,0,0
19,000027,2017-11-13,0.0,0.0015673981191222097,0.19786611237969587,2552.0,70946.5152261647,1040,12203310,6921567,1052330,882227,2289460,2393972,1533862,1038097,1824819,1233195,552916,668712,382800,705364,447238,0,4119885,0
20,000028,2017-11-13,0.00030660738923793396,-0.017323317491951706,1.4161765249642642,19249.5,180489.5924230967,2134,86402476,35912131,2882046,959738,9349690,6901906,8985972,5471992,31180629,5121785,12393254,1910100,4879755,3622976,2142245,926784,14588885,10996850
21,000030,2017-11-13,0.007092198581560183,0.0035460992907800915,0.2667111560408618,4250.0,58797.02995331525,1006,10010342,9807019,890602,1604442,2499102,2188295,1545651,1300834,1600957,1332817,621152,228225,390772,739643,1282050,1674982,1180056,737781
22,000032,2017-11-13,-0.021026072329688783,-0.01345668629100083,0.3859073207669986,11870.0,50906.75492375403,949,17380006,8667893,958650,581572,5422171,3995652,6083661,1659690,2451554,662618,990170,262890,339590,686496,0,0,1134210,818975
23,000036,2017-11-13,0.013844515441959526,0.008519701810436597,0.2285162102658189,18960.0,131249.18707326564,1689,48569360,47455046,1761587,1310950,9820860,7620710,6984738,6290736,9648335,6551944,4901624,3423429,3721551,3904127,4170705,2239587,7559960,16113563
24,000037,2017-11-13,-0.021714285714285686,-0.017142857142857237,0.45142787783752225,11180.0,57567.94938835552,375,7079697,4533763,386568,351261,1650076,1328198,1351125,1342203,1135205,1264476,926875,247625,1166093,0,463755,0,0,0
25,000038,2017-11-13,0.0376728659990464,0.0376728659990464,0.681780394545043,42060.0,488771.50692547916,951,114338188,50353725,565327,252742,4857535,2977241,5292086,4438537,8618757,9140137,5523002,6927303,4524603,3183625,6214756,2295293,78742122,21138847
26,000039,2017-11-13,-0.005733397037744892,0.000955566172957445,0.3875209375062383,44100.0,317846.5462508431,2918,210450099,181287505,1230360,831141,14727196,12330942,18070746,16503012,28248339,23562429,22040694,23008213,12393447,14802404,15424876,8128946,98314441,82120418
27,000040,2017-11-13,0.02540716612377847,0.024104234527687396,0.39726010886340324,18588.0,252304.1534425527,1493,49965176,74023989,1479311,886975,3910070,7051633,4354095,10194871,6225598,11720845,4336877,7232872,3964587,5389561,1867288,4795963,23827350,26751269
28,000042,2017-11-13,0.0,-0.002520478890989275,0.6649752532035257,4770.0,18147.178969358007,569,3628513,1976109,1287298,434482,1323832,1087186,233233,279871,784150,174570,0,0,0,0,0,0,0,0
29,000043,2017-11-13,0.002782931354360141,0.0,0.4552936356274455,19458.0,198879.467534264,560,15177908,19148412,447802,366499,2559045,2491423,2450606,1589159,2700476,3121249,1884515,4026892,2361888,951738,868440,0,1905136,6601452
30,000045,2017-11-13,-0.017632241813602123,-0.018471872376154552,0.295820504526476,19754.0,84382.22372065335,1622,44011119,28807132,1140609,798191,9691916,8008883,7987979,6600799,9265918,4629239,4693610,4053815,3092773,2102612,1334058,0,6804256,2613593
31,000046,2017-11-13,-0.011421319796954266,-0.012690355329949221,0.3679152940336091,5439.0,112986.19490473635,458,8647476,4375247,497768,415843,1069583,1152674,1036339,655450,1690170,621772,233400,0,311236,0,400406,0,3408574,1529508
32,000048,2017-11-13,0.00931019889970397,0.010579771476936006,1.8341747590761233,9548.0,101658.85400981535,165,2670272,2237977,145506,195512,887747,348439,327798,114510,354421,138446,0,0,0,665753,0,0,954800,775317
33,000049,2017-11-13,-0.0016198704103672634,-0.0052195824334052565,1.2360873019900687,38689.0,199008.4808018442,2021,97416943,92781820,904819,722867,10796782,7825882,15430993,9178935,19745472,13352368,12599747,11659123,5112302,10755680,4523887,6373913,28302941,32913052
34,000050,2017-11-13,0.010379241516965898,0.009980039920159722,0.434477156778373,128723.0,504160.7444571754,3326,457473078,492091815,476201,358033,9504952,8090073,19782126,18181703,44155968,43548663,42847849,45135945,40286825,36359631,29804895,24548772,270614262,315868995
35,000055,2017-11-13,-0.005649717514124353,-0.005649717514124353,0.20415468859805114,7040.0,72550.23286855109,1203,21074628,8295007,2096618,770796,4505393,3275520,3785887,1352772,3397646,1621660,1194005,460608,1352375,399582,495615,414069,4247089,0
36,000059,2017-11-13,0.002808988764045006,-0.0037453183520598232,0.2573367945081788,21320.0,140521.63910509454,1723,60039347,54343060,1108952,879576,7911511,7387686,6985388,6678781,11495339,10557620,8561073,8382160,7184451,5468386,3136121,2654415,13656512,12334436
37,000060,2017-11-13,0.012025901942645634,0.008325624421831712,0.20301336058307007,40964.0,173506.54975789518,2841,132381800,123144306,798078,1773838,8285060,13219998,10355506,12378605,57182210,33496757,14991324,15634460,6655661,8820706,4042913,6301874,30071048,31518068
38,000061,2017-11-13,0.01104294478527601,0.01104294478527601,0.29687534003780336,8200.0,109950.78394664076,753,9732119,15790018,673791,1151312,2416007,2589438,1788521,1886197,1988144,1816271,1571676,947248,0,362120,1293980,0,0,7037432
39,000062,2017-11-13,0.022946859903381744,0.012077294685990392,0.7524920538755667,17325.0,97033.21618769439,1089,23852579,23405497,839692,923019,5672383,5364620,3804795,4402445,3876390,5360537,1937905,3151756,2082999,1005846,1356114,834008,4282301,2363266
40,000063,2017-11-13,0.03948863636363642,0.030965909090908905,0.5874149593113579,455461.5,1674980.0713852285,3594,1372881590,1639296726,18241,29247,1470028,1897500,7740483,8044323,34758408,35099367,47640148,53247761,55922902,50730905,55462225,51955476,1169869155,1438292147
41,000065,2017-11-13,-0.013907581875280295,-0.013458950201884257,0.5194585397807804,17776.0,146206.04884568986,1841,57029260,37528082,2036093,1048181,10506166,8488399,7067359,5636402,11415453,7219094,5930273,2996969,2542494,2249983,4725873,3187310,12805549,6701744
42,000066,2017-11-13,-0.008827238335434973,-0.0050441361916772065,0.16317149794508473,14220.0,139404.6836382102,2365,65548700,58110770,1995925,1868478,10374126,8750799,11269112,7843026,8206143,11790397,8738925,8045126,3530009,4133527,4297193,3547101,17137267,12132316
43,000068,2017-11-13,0.009630818619582593,0.008025682182985605,0.2528272663347941,6250.0,62881.07231757181,607,8280974,6229691,392786,732150,1689970,1476714,1525215,894456,1484343,1542063,661072,590316,640080,993992,0,0,1887508,0
44,000069,2017-11-13,0.0023781212841853527,0.0011890606420927874,0.17072863489830906,16840.0,120106.81794378273,2431,51766031,69597296,1567085,2129968,8054629,14852531,8033893,14066900,9363513,12002364,4396220,6123749,2123583,4864082,4827807,4861632,13399301,10696070
45,000070,2017-11-13,-0.0070360598065083435,0.0026385224274407815,0.2668345966817001,18256.0,109297.90788244049,1817,49523011,38360714,1145721,1156780,10149854,8154663,8202869,7164171,10255844,8800917,5225675,3218404,3609569,1686072,859308,2706282,10074171,5473425
46,000078,2017-11-13,0.02471169686985175,0.016474464579901094,0.13180624857727283,17444.0,154100.92060017734,2125,61272946,81873921,1325767,2020584,7064445,10010809,7283629,9914504,10391938,11695060,6195294,13923115,8495994,7492014,2571621,3484205,17944258,23333630
47,000088,2017-11-13,0.0,0.0011494252873565092,0.26205951341225214,13125.0,88158.72306434481,1102,25476531,20538548,1115833,792167,5681408,3689530,5117907,3953362,4698467,3477813,3283599,4905130,704040,955068,2203063,451655,2672214,2313823
48,000089,2017-11-13,0.009922822491730932,0.009922822491730932,0.18263985676578057,10956.0,122993.66162785339,2469,42911252,75209688,1152668,3250926,6580765,10764797,5948311,12725509,12991617,11779902,3833588,7416690,3148456,4107397,2639404,5539124,6616443,19625343
49,000090,2017-11-13,0.010280373831775824,0.015887850467289688,0.23351539001486554,9792.0,102678.99644518325,2106,32735690,51905800,2193394,1967266,6541576,6432963,3429399,5307896,8360175,24410719,2427157,3917761,712235,967576,0,2126498,9071754,6775121
50,000096,2017-11-13,-0.0007401924500369805,-0.012583271650629113,0.7485679544872377,5388.0,52952.088017835275,325,4697363,1906908,183417,295624,1247682,768406,1130957,732239,749420,110639,266600,0,0,0,400800,0,718487,0
51,000099,2017-11-13,-0.008620689655172376,0.0009578544061301653,0.37533638035654926,10450.0,83202.44802012053,773,12860336,11151840,687602,516353,3868120,2996790,2078963,1325631,3080036,1464897,1529675,1382140,996100,675973,0,0,619840,2790056
52,000100,2017-11-13,-0.008000000000000007,-0.010000000000000009,0.08389356990374873,123500.0,843356.5164487404,3573,702951216,604323373,570474,511729,11276355,9424507,25054781,21395692,56764942,43625662,49464397,37958429,39960535,34794900,22453221,28738681,497406511,427873773
53,000150,2017-11-13,0.03114186851211076,0.01833910034602071,1.0249533413015732,14765.0,136901.38120413153,795,17158105,21971597,814542,484762,5323506,2634027,3465820,2021209,2234146,1767631,1458602,1919294,1324283,1370474,884446,895836,1652760,10878364
54,000151,2017-11-13,-0.02061211742660851,-0.018113678950655854,0.4930124091673253,15720.0,60077.70174437148,1054,21602402,13787318,753346,1115632,6015664,4436774,4203290,3095892,4336639,4094548,3057937,642524,1692662,0,489840,401948,1053024,0
55,000153,2017-11-13,-0.012035010940919189,-0.010940919037199293,0.2913271245341311,6342.0,37725.90128637185,984,13280602,4274194,2269477,1001971,3884702,1839197,3569250,671987,2021155,560592,432873,200447,381969,0,0,0,721176,0
56,000156,2017-11-13,-0.008516678495386731,-0.008516678495386731,0.4527481369553374,11200.0,88632.37895772894,968,19851970,9368130,681208,1021236,4486653,4196872,2839124,1501506,2586294,1091595,1405891,788694,1053549,331115,1388253,437112,5410998,0
57,000157,2017-11-13,-0.002178649237472685,0.0,0.09082724329384806,14291.0,158893.27954840276,2567,69405376,67349181,2547035,1533524,10539217,13749547,11283513,8382404,10941659,7335226,5775663,6187536,4660624,3848965,4004674,3570934,19652991,22741045
58,000158,2017-11-13,-0.02185223725286156,-0.018730489073881307,0.27695760813228126,13258.0,158289.6912109862,1204,38721262,19204697,1037508,1186403,5788862,5083944,5607367,3796302,5376712,3335653,3303421,1312277,1073438,694386,1391822,476999,15142132,3318733
59,000159,2017-11-13,-0.009852216748768461,-0.008210180623973717,0.24688386016219704,6105.0,58301.29337922412,608,10192105,5071687,679859,506151,2605229,1683798,1728505,713898,1366583,833765,1208766,468600,1643211,304000,959952,0,0,561475
60,000166,2017-11-13,-0.005253940455341555,-0.007005253940455369,0.12689016837125272,11420.0,116927.64548077031,2030,46393260,37275892,1388272,1596586,7329359,9046030,6034452,6657333,10097286,6325054,3217950,1914783,3306692,1796063,1375136,2353352,13644113,7586691
61,000301,2017-11-13,-0.022222222222222254,-0.008547008547008517,0.13884441905414915,14650.0,112779.5008832784,1778,51398695,31222875,1598623,1226342,9369814,6905239,7371979,6389682,10438992,6785755,3843479,2183922,3569207,1661291,1808484,881729,13398117,5188915
62,000333,2017-11-13,-0.0007441860465116079,0.0011162790697674119,0.9037283182807864,177573.0,693216.9614677626,3539,634523695,657742171,240548,177877,7695537,5790057,20096627,15047313,59104182,54022384,57637527,49449381,45918385,44535175,41310776,32831657,402520113,455888327
63,000338,2017-11-13,0.00222717149220486,0.0033407572383072903,0.1512660012096238,95970.0,501381.28469810874,3532,426864142,436934281,787048,444913,13718535,11758486,24061441,19294538,42655943,46643705,42374802,37171758,30154748,27471725,30132405,37296456,242979220,256852700
64,000400,2017-11-13,-0.0006410256410256387,0.0,0.3298645848901162,15540.0,126761.7113475765,2237,62880825,49136508,2838603,1226670,10124573,9321996,9580257,7488689,11116570,9129271,6585770,3209479,4403936,4764068,2653060,1397302,15578056,12599033
65,000401,2017-11-13,0.02384291725105192,0.01192145862552585,0.28415292598494385,29935.5,239319.67010339047,2520,126124920,128957843,1299329,1576366,11102928,14459587,13660003,11917811,15118833,17187997,13013957,11635054,11937726,7958193,8323442,8765906,51668702,55456929
66,000402,2017-11-13,0.0036101083032489267,0.0027075812274368616,0.2290408063736638,8880.0,85741.01374405695,2342,39079439,30256646,4575828,2173441,7964060,7588682,4471311,4553344,5250886,6707177,3444905,2095044,1379552,1990681,1779114,433679,10213783,4714598
67,000403,2017-11-13,0.002388059701492473,0.00388059701492538,1.120621432397558,46858.0,239475.5365258604,893,50987179,41153396,285403,236206,3439310,4196847,4075647,6810376,17047377,6532080,2469000,1570996,2717037,3615236,1715110,1703590,19238295,16488065
68,000404,2017-11-13,-0.008982035928143617,-0.004491017964071808,0.2599111043021779,10640.0,87224.79163268882,660,14217485,9367760,690565,759267,2573490,2419921,2168088,1809875,1947013,1836467,1380349,230602,665000,683064,2108664,0,2684316,1628564
69,000407,2017-11-13,0.0474934036939314,0.03693931398416894,0.22325825490685977,19000.0,183523.82004010867,1153,19196055,37605646,910141,620534,5204016,5949258,3925394,7695888,5034239,7076326,2166191,5047528,977230,2741827,475236,436325,503608,8037960
70,000408,2017-11-13,0.04033149171270711,0.01933701657458542,0.41487096630641407,22080.0,150168.7245141548,1904,57960668,81399193,835767,1031423,7216069,13714167,7804084,10177939,11306349,16307669,6586913,7283425,5548030,6299649,2201466,3099213,16461990,23485708
71,000409,2017-11-13,-0.0014836795252225476,-0.005934718100890191,0.2931192650166057,8426.5,58327.94861283619,528,9041508,5255789,482481,564784,2202156,1616873,2127482,1244057,1596912,707661,889083,207492,703381,303550,404745,0,635268,611372
72,000410,2017-11-13,-0.003225806451613078,0.0021505376344086446,0.330997854247113,10285.0,69166.66431281854,789,15075477,10606985,964697,749238,3882778,3088870,2658815,3058936,2345492,1274071,2131925,817708,1512135,702112,931210,0,648425,916050
73,000411,2017-11-13,-0.006692160611854736,-0.0019120458891014325,0.7761119138946051,2096.0,15391.662749833118,726,3318571,1586673,1540035,122457,896870,903612,441866,424104,230300,136500,209500,0,0,0,0,0,0,0
74,000413,2017-11-13,0.01528175740210136,0.00764087870105068,0.18155966738878265,71672.0,428044.35978074995,3329,296393762,311106639,734873,827681,12212352,13665088,22368182,23549249,41597359,43765637,32826919,29924424,19116447,27220566,21046398,19462482,146491232,152691512
75,000415,2017-11-13,-0.015267175572518998,-0.012213740458015265,0.14165942821542485,7752.0,74421.68000681514,2142,38072731,24802772,2721743,1697274,9369269,5906168,7823170,4504117,6624086,5304514,2485501,2363484,2703306,736999,3971214,488790,2374442,3801426
76,000416,2017-11-13,0.10704960835509136,-0.009138381201044377,0.2709021680753844,7610.0,54034.34089154264,799,12817587,7520100,1306782,579559,3408604,2366521,1901175,1835498,2840592,1819273,1365523,228000,705611,691249,0,0,1289300,0
77,000417,2017-11-13,-0.0011574074074073293,-0.004629629629629761,0.35548878756018626,8600.0,91928.92220873084,590,14793564,6920342,681949,389727,2500286,1238568,1992545,1153619,2221262,1500003,1786237,1040097,669014,309328,1742340,429000,3199931,860000
78,000418,2017-11-13,-0.009279568078285894,-0.01046060401552229,1.568410771696186,17700.0,109634.84478805763,1429,42208838,31218463,625227,1471522,8262878,6264976,5228489,3906625,9723127,5487450,5456723,3539550,4340912,684530,1888365,2347873,6683117,7515937
79,000419,2017-11-13,-0.0075987841945288626,-0.00911854103343468,0.348810664951819,13040.0,52189.90141619398,355,6297747,4469949,311396,424250,1307739,1726847,1287067,1395786,1435771,692416,561253,230650,965496,0,429025,0,0,0
80,000420,2017-11-13,-0.00952380952380949,-0.006349206349206327,0.1053213935404422,3140.0,51799.86443683568,896,11061222,3593091,1225068,392648,3335094,937261,1568927,360597,1359268,540239,983691,0,1007689,321222,955485,423489,626000,617635
81,000421,2017-11-13,-0.007256894049346818,-0.004354136429608024,0.25230079653715765,4851.0,31497.924171901635,747,6909237,4442799,1095964,850517,2115937,1925656,1605492,687259,1466884,360722,284960,203445,340000,0,0,415200,0,0
82,000422,2017-11-13,-0.02637362637362639,-0.01318681318681314,0.13695676090656814,8980.0,108849.50213120846,1105,23969596,15609775,1102667,1284905,5607277,3268938,3373216,2715437,1913575,1703848,2609877,679920,968750,660310,499421,1274349,7894813,4022068
83,000423,2017-11-13,-0.005674846625766894,-0.004447852760736337,1.2894933709471652,45430.0,320053.41389704385,2556,178737734,152285586,972630,1339742,10942303,12039827,17164052,15516426,24352111,23064046,17737538,16794837,11697802,12001983,9603549,10804133,86267749,60724592
84,000425,2017-11-13,-0.002624671916010568,0.002624671916010346,0.06923342648556358,14667.5,185816.34366451862,3056,83282312,96465539,2276838,1520436,11272170,16354114,8642492,12164269,8975578,16818190,3037236,9863443,5213900,7117887,6993388,6043951,36870710,26583249
85,000426,2017-11-13,-0.028459273797840967,-0.01962708537782132,0.23066794077866215,13000.0,231243.17043710453,1955,70789125,52118944,2195753,1797278,6509370,8091532,7244645,7698618,7043482,11615194,7127172,5497835,3048023,3789695,5027166,2653873,32593514,10974919
86,000428,2017-11-13,-0.013363028953229494,-0.013363028953229494,0.22601429927101327,8920.0,44771.309133615,394,5506130,2859511,339660,495118,2060351,1368638,888124,634102,535964,361653,766202,0,389716,0,0,0,526113,0
87,000429,2017-11-13,-0.009803921568627416,-0.00367647058823517,0.20613035105511332,5698.0,78966.0129261782,1569,27027113,8937030,2773751,979105,5767607,3202170,2822604,1459751,3612276,2184585,1939826,691098,679747,0,2741963,420321,6689339,0
88,000430,2017-11-13,0.03929679420889354,-0.005170630816959787,0.5659501575047328,9680.0,44270.55804081044,291,3944936,3069622,277715,359466,1360103,1198984,934353,1027672,650771,0,721994,0,0,0,0,483500,0,0
89,000488,2017-11-13,0.011778563015311994,0.013545347467609048,0.30265245646967387,40152.0,375841.3553784074,3151,241281300,190444024,1363402,1416008,12832701,13758861,17371694,17079841,29995044,30420448,21058344,18052316,17275343,19193225,12989754,13040188,128395018,77483137
90,000498,2017-11-13,0.008141112618724522,0.006784260515603879,0.1602149452718389,7390.0,31586.181030298234,2122,11312376,24304351,1184132,3624829,4689032,8660344,2908651,5138005,1153073,5063944,678468,1106651,699020,710578,0,0,0,0
91,000501,2017-11-13,0.0,0.004027617951668505,0.44703943034906896,12194.0,55706.13783778123,1512,22761299,18150136,919697,1669264,10912616,5637027,2723787,2701089,3339245,3571109,1718793,1505147,717794,1712606,492703,1353894,1936664,0
92,000502,2017-11-13,-0.017450682852807264,-0.01062215477996964,0.38613018057087267,13040.0,52329.61096603588,1165,19810173,15352054,964554,974011,6438270,5252809,4729184,3164598,4091851,3104111,2004617,732963,962169,1455336,0,0,619528,668226
93,000505,2017-11-13,-0.011904761904761862,-0.007936507936507908,0.4499771544469178,10030.0,56826.22254803556,501,10097688,4490149,503805,434216,2195653,1740317,1578374,1657923,2528955,657693,920372,0,1326621,0,499000,0,544908,0
94,000506,2017-11-13,0.04292929292929282,0.022727272727272707,0.30697588341969184,17556.0,158565.24326840363,665,15803058,25062125,569029,513474,2392237,4391068,1581797,3126160,2404047,2305536,1219668,1446149,2603037,2706210,1401793,1928120,3631450,8645408
95,000507,2017-11-13,-0.016037735849056545,-0.015094339622641506,0.22230628384120316,25440.0,135837.126964174,2275,77071243,69312854,1194359,1108262,11755687,10877551,11186639,11457119,19241612,15295117,11607059,9096659,6889889,4798991,4507723,2798218,10688275,13880937
96,000510,2017-11-13,-0.023782559456398733,-0.020385050962627327,0.25938059588490553,11193.0,219491.92524132793,1159,30783150,14925135,1198308,1452173,5338712,4946889,4087127,3329086,3018113,1551305,3096038,1005473,1482206,383195,430000,851501,12132646,1405513
97,000513,2017-11-13,0.02987575038391732,0.015496300432779497,1.2451011563828758,119152.0,360345.0877004839,3315,345825248,376304790,504396,656623,6934590,7840877,25578329,20789243,51472855,45565964,47074920,44118219,34731616,37534496,31313627,30640720,148214915,189158648
98,000514,2017-11-13,-0.0027932960893854997,0.0027932960893854997,0.2804834822002929,8628.0,53201.35847941404,651,10324835,4040954,763175,505822,3288613,1921218,1752534,891390,1672121,722524,235176,0,791896,0,0,0,1821320,0
99,000516,2017-11-13,0.0,-0.0019646365422396617,0.1720827275184935,10160.0,101426.26144690516,875,23110389,10215571,833744,635336,3612481,2878545,3016112,1972775,3147901,1869486,1809777,1895904,635508,310999,862914,0,9191952,652526
100,000517,2017-11-13,-0.002409638554217053,0.004819277108433662,0.11410215979265478,4140.0,68411.07007230473,1325,16238705,10549349,1741153,617376,4051620,2895789,970877,2134112,2062760,1402441,2479848,2065130,0,340300,841660,473201,4090787,621000
101,000518,2017-11-13,-0.013793103448275779,-0.016551724137931045,0.24110426381554032,7200.0,80745.40590407561,904,16224033,10231148,829332,1206038,2466712,3392853,2316630,2203652,2872525,1637405,1795972,839920,1114720,358000,430800,0,4397342,593280
102,000519,2017-11-13,-0.010822510822510734,-0.010822510822510734,0.2622737060618111,10968.0,66647.80714455144,1241,26525719,12578527,1501759,1147955,6468563,4267989,5351384,2233160,5439568,2510856,2136380,1715263,654347,703304,1348642,0,3625076,0
103,000520,2017-11-13,-0.0020876826722338038,0.0020876826722338038,0.16935908596824675,8640.0,57284.86265498549,800,12932341,8508647,797414,887140,3284303,2818258,3067695,1437742,2801530,1770855,1303168,768092,302541,384000,460800,442560,914890,0
104,000521,2017-11-13,-0.01025641025641022,-0.008547008547008517,0.14223739637531524,7552.0,63986.24949276191,1695,30912182,13450064,2292910,992218,8357611,3124888,5940125,2734352,3977524,2063427,3520526,1466439,738783,2067177,1718284,442725,4366419,558838
105,000523,2017-11-13,-0.011542497376705096,-0.01049317943336825,0.44734733924103803,13216.0,54357.11387213643,453,8386160,5675766,511009,359151,2833223,1656272,1840673,1582639,2089319,802648,217120,505400,327816,357200,0,412456,567000,0
106,000524,2017-11-13,-0.017828200972447417,-0.012155591572123203,0.3755454194291069,4856.0,34207.73750234076,1080,12822456,6152220,375237,1561644,2495996,2697011,6358994,1013979,2322269,576282,232180,0,1037780,303304,0,0,0,0
107,000525,2017-11-13,0.01948051948051943,0.01558441558441559,0.49322996436900596,48342.0,263164.43173127354,2198,160011677,96379511,715920,554387,13346278,8179944,17628870,11195329,27806098,16761094,19467950,13891621,11705654,7991114,8578903,7533606,60762004,30272416
108,000528,2017-11-13,-0.007352941176470673,-0.006127450980392246,0.1634166142359911,11326.0,85805.45194910964,2497,62456277,31531717,3683157,1341449,12711421,6468010,12593927,4845090,17284258,5967883,3765666,3181079,2092331,1342674,2583051,1780531,7742466,6605001
109,000529,2017-11-13,-0.017948717948717885,-0.017948717948717885,0.261592419903529,13243.0,90746.99566008685,889,22171310,11949041,760061,1087621,3232926,3731526,4796334,3092758,4438563,3693762,944063,0,1765005,343374,891625,0,5342733,0
110,000530,2017-11-13,-0.01579778830963663,-0.01579778830963663,0.17459738473969388,8125.0,84027.43496428653,1315,22591772,18259660,704305,1705289,4672218,5067196,2778357,3540758,4083269,3891884,1791208,855495,3112853,2279022,0,405000,5449562,515016
111,000532,2017-11-13,-0.023664122137404653,-0.016793893129770865,0.40693205473650707,13090.0,57444.935205105736,1036,22521258,11183347,892197,622026,7098010,3704695,4962481,2471530,4348069,2500366,2329875,1437186,694634,0,940576,447544,1255416,0
112,000533,2017-11-13,-0.015274949083503131,-0.005091649694501044,0.41965642219374555,14595.0,268173.10394556174,547,21901237,11772006,350480,602389,1879670,3343865,2377390,1807886,3424330,2528066,2770125,462374,628860,725775,0,1347147,10470382,954504
113,000534,2017-11-13,-0.007843137254902044,-0.014379084967320321,0.6270965566623115,7605.0,107786.93202980545,595,13805143,5684241,646718,369565,2667506,1465330,1339652,1352209,1076269,1578740,686393,918397,1878816,0,1798773,0,3711016,0
114,000536,2017-11-13,0.016728624535315983,0.013011152416356975,0.1810634929733698,10336.0,56409.797632403635,883,9991597,15926091,641055,839935,2787007,3768415,2573834,2875969,2663392,2586771,219678,3494774,669555,1045680,437076,1314547,0,0
115,000537,2017-11-13,0.004895104895104696,-0.0034965034965035446,0.3885668989557923,15840.0,93348.83985967311,1355,35366383,29464466,1512595,759007,7145097,5253265,7548795,5021901,6696144,4326577,5525499,3188221,2469233,2424047,2245814,2726735,2223206,5764713
116,000538,2017-11-13,-0.004455445544554459,-0.0013861386138613874,1.8631656811106838,71393.0,665749.7939406515,2940,293679548,249460566,157104,8120,10626938,9585284,21052881,18075116,41665550,32401461,30446270,20377270,27865523,19550150,17380692,16373165,144484590,133090000
117,000539,2017-11-13,-0.007766990291262155,-0.001941747572815622,0.16572189633973977,3591.0,16569.79941837848,968,3612957,5122851,531189,1131575,2138160,2839272,404472,778526,311296,373478,227840,0,0,0,0,0,0,0
118,000541,2017-11-13,-0.0031948881789138905,-0.0010649627263045192,0.21380201512737929,14100.0,87123.83496773647,1930,38396536,42423968,1905329,1585498,8405790,9125438,6301215,6720225,9017465,8547123,4189873,6752182,2686742,1711151,0,1905873,5890122,6076478
119,000543,2017-11-13,-0.0055248618784529135,-0.007366482504604033,0.13293892058591186,4336.0,41998.49957151782,1670,21865443,6448809,3143160,309820,6719182,2101956,3107142,1420967,4124167,1808541,2039524,807525,684126,0,864794,0,1183348,0
120,000544,2017-11-13,-0.014577259475218707,-0.01574344023323615,0.5259200177655955,15246.0,105760.84583244291,1063,22610604,8396490,546532,668523,9165622,3098067,2410930,1859601,1728081,1082683,1823122,468749,724434,678800,419652,0,5792231,540067
121,000545,2017-11-13,-0.011029411764705954,-0.007352941176470562,0.16145446690001447,10700.0,102528.78518735486,1136,25866206,15405910,1005417,1096839,4475807,4255003,3736761,3017455,5210370,2422956,3166715,1504156,645131,0,1702048,950761,5923957,2158740
122,000546,2017-11-13,-0.00104438642297644,-0.0026109660574411553,0.45196837930941713,23770.5,127343.41020364224,1806,61257337,53963995,1558286,951132,10284884,6686170,8318382,9661676,13489151,11413586,6249724,7424778,6085870,5535320,3108151,1809109,12162889,10482224
123,000548,2017-11-13,-0.0193103448275862,-0.017931034482758568,0.26502604739802904,7430.5,71394.11589397037,748,12978050,4914166,873722,709746,3891424,1503269,1235690,744470,2019785,891804,692803,224421,1041232,376278,1335036,464178,1888358,0
124,000550,2017-11-13,0.0011210762331839152,0.0022421524663676085,0.5554377326202832,10740.0,51876.2596374437,1031,17700784,11788441,1219534,1159121,4846894,2778649,5652720,3285551,3515126,2181780,1195086,213724,707680,693634,0,875784,563744,600198
125,000551,2017-11-13,-0.009039548022598876,-0.006779661016949157,0.39080144403712097,17520.0,89374.76036326951,512,15234972,6660613,462191,450503,3360505,1261608,3534685,935060,2177527,1772434,2237956,554256,0,677102,419356,453632,3042752,556018
126,000552,2017-11-13,0.0,-0.008064516129032362,0.09736829639613993,6290.0,70523.28206168635,1467,24583576,15317757,947595,1310010,5550997,3541797,4841457,3005151,4508292,2394808,2523994,2401034,1726917,1339338,455588,1325619,4028736,0
127,000553,2017-11-13,0.0023952095808381646,0.011976047904191489,0.3524370853777737,26768.0,149403.15945898416,2248,81345960,81297989,1497056,939132,13786966,9507072,12457105,10155241,15972761,15684688,8720905,10223839,5357949,5724333,3620577,5284293,19932641,23779391
128,000554,2017-11-13,-0.006734006734006814,0.0011223344556676729,0.27610778940988195,14400.0,67788.58358428774,1041,21997914,17842912,1185999,941755,5397964,4139043,4730239,3496795,4982334,2985997,2482233,3265181,1816729,2140201,0,873940,1402416,0
129,000557,2017-11-13,-0.020676691729323404,-0.015037593984962405,0.17273741868414674,9432.0,55340.51522770442,949,15145602,8590461,736782,1033916,4714194,3189287,2555447,1523627,2641032,1487399,1518992,546026,353025,344520,1300489,465686,1325641,0
130,000558,2017-11-13,0.0,0.0016694490818029983,0.20412638746520162,6300.0,55864.811113845266,861,9516387,8871012,865569,1020042,3235679,2442794,2416804,1235862,1969072,1747727,1029263,845736,0,324239,0,0,0,1254612
131,000559,2017-11-13,-0.007620660457239636,-0.00592718035563089,0.24426231014688324,31968.0,229369.7641884928,2339,110113601,105975724,1045747,1097337,10930625,13049516,12422010,13217951,20394480,18280519,12641888,11286372,7969974,8754413,6471991,5419390,38236886,34870226
132,000560,2017-11-13,-0.01614434947768284,-0.0047483380816712994,0.24529326271192567,20900.0,84641.35204602554,1844,43439424,42054248,1149693,1165911,9954712,8846593,9304696,7787939,9421275,8844200,6626953,5808250,3065426,2505291,1347681,2649105,2568988,4446959
133,000561,2017-11-13,-0.020299145299145227,-0.017094017094017144,0.29206844711306373,13725.0,43459.36373313641,1027,16701956,8131926,946236,1017387,6299301,3037717,3896754,1684920,3363716,1711847,695239,680055,310420,0,457500,0,732790,0
134,000563,2017-11-13,0.011695906432748648,0.007797270955165692,0.1272157620496078,13338.0,130951.5719141851,1629,40771957,53377626,1445462,1075581,5545929,5779042,5228386,6189170,9405195,9550013,6543558,5486687,4191575,3122773,3127485,3148521,5284367,19025839
135,000564,2017-11-13,-0.014519056261342977,-0.00907441016333932,0.1406907054977123,4352.0,59623.394813196406,1536,20585743,9420780,1572902,960800,5783250,2914586,3737137,1616124,2535961,1639862,1266482,1952672,3163984,336736,499590,0,2026437,0
136,000565,2017-11-13,-0.00121212121212122,0.0036363636363636598,0.3254242646887503,8260.0,36903.42888486862,642,8172275,5470334,825095,692375,2732554,1920257,1870419,1479564,1233243,1109688,1173536,268450,337428,0,0,0,0,0
137,000566,2017-11-13,-0.008333333333333304,-0.003030303030302939,0.41670110746661077,14432.0,198285.68118902313,1003,26043406,23424020,722557,785123,5827933,4343820,3112549,4082717,3742671,1812508,3703187,3762494,2087359,0,1369994,901460,5477156,7735898
138,000567,2017-11-13,-0.015355805243445708,-0.015355805243445708,0.8216845620141199,18340.0,99527.03317144116,1056,29385460,21887862,629702,764774,6375723,4355737,6043719,3521148,4781387,5046405,3335241,2453719,1791728,1106482,2404999,463050,4022961,4176547
139,000568,2017-11-13,-0.013430656934306562,-0.0024817518248175796,1.2411160521693152,60965.0,391636.9842850061,3048,246818232,278830726,761175,1081718,10541458,17375438,16877413,22437672,26846715,33259703,26022528,26719531,14388219,20115537,9665088,16702237,141715636,141138890
140,000570,2017-11-13,-0.007716049382716195,-0.006172839506172867,0.2952477950767183,6440.0,37716.00729679373,481,6720751,3672665,406960,429668,1723314,1726441,2060511,602078,1794937,709050,735029,205428,0,0,0,0,0,0
141,000571,2017-11-13,0.008995502248875686,0.008995502248875686,0.2118035119064951,10768.0,60954.95659414778,992,14368815,16990294,690474,1014212,3915634,3821248,2629113,3486198,2275755,4892077,1614121,3324976,1024897,0,884868,451583,1333953,0
142,000572,2017-11-13,-0.015151515151515138,-0.005681818181818232,0.12950305767120035,12624.0,131259.13167428048,1666,49083592,29214031,1738600,907913,8740754,5091881,8112302,5603179,8067590,3575776,6955654,2829650,2351584,1771252,1342310,849861,11774798,8584519
143,000573,2017-11-13,0.0092592592592593,0.0092592592592593,0.20687906756452557,5390.0,63830.34897909825,681,8165147,9560369,1030277,566305,1704014,1515935,2233193,1678539,2232478,1673935,472540,771744,0,1034990,492645,433911,0,1885010
144,000576,2017-11-13,0.0012360939431397266,-0.006180469715698522,0.8301234399015153,27268.0,80869.31162225995,379,14295065,6865546,289473,222869,2790801,935172,4286865,605212,4514980,1676873,1468600,850490,944346,728433,0,0,0,1846497
145,000581,2017-11-13,0.028163580246913567,0.03587962962962954,0.44868250365777596,129016.0,798348.5573951926,3341,449783528,567711822,492585,381802,10288909,7163648,21908252,14805770,54473018,37566340,44098726,37737702,32142424,38302607,26312096,32428264,260067518,399325689
146,000582,2017-11-13,-0.03905674281503324,-0.024318349299926267,0.26111366677641873,32887.5,215801.21226613972,2706,140175093,104668585,1115041,1387754,12014297,13627145,13254625,16249828,22951897,26227289,15956700,13293664,12005085,8617778,8744647,6121236,54132801,19143891
147,000584,2017-11-13,0.016191709844559643,0.008419689119171014,0.32909307206054517,42039.0,197048.15280492167,2203,98464068,105224955,566548,761931,18390432,7730907,18618838,10315732,25631992,16138025,9871527,9373987,8727790,6621884,3785313,6729293,12871628,47553196
148,000587,2017-11-13,-0.004524886877828038,-0.004524886877828038,0.18802447316855636,11880.0,162347.73007105358,1244,30789820,37611603,1070912,1274229,5448016,4396412,3970664,3143705,5352939,2139513,2456734,3553237,3083055,2753817,1310092,911649,8097408,19439041
149,000589,2017-11-13,-0.01183431952662728,-0.0019723865877713243,0.19988325140823607,3048.0,41614.654119068444,643,6033815,2934883,830179,443583,1833356,1153838,1151669,915535,513222,421927,202000,0,738318,0,0,0,765071,0
150,000590,2017-11-13,0.0,-0.0006653359946773296,0.6737517344735252,13599.0,104585.87654727194,497,10976869,6311187,303926,489553,1924749,2742432,1532867,1752914,850184,1056288,1049543,270000,1401750,0,430110,0,3483740,0
151,000591,2017-11-13,0.05465288035450522,0.04726735598227472,0.12126887031163265,42748.5,505034.5139702769,3154,297056153,324214434,1178766,1762596,11313350,14999985,11649846,17147279,21759884,31424050,15880090,22511904,18065445,20708432,10082727,15733606,207126045,199926582
152,000593,2017-11-13,-0.05381944444444442,-0.03732638888888884,0.36665063637883455,14391.0,118102.56538787133,991,27580943,26281803,498388,869913,2869283,4058436,3935359,4240059,5029050,4101591,4579709,3971484,1975614,2135145,1841603,3575695,6851937,3329480
153,000595,2017-11-13,0.0016666666666667052,0.0050000000000001155,0.17188782311695436,12100.0,57981.54162320693,1219,21556404,19755621,1066033,1058289,5211719,4901760,4472844,5233280,4314975,4583029,2846524,681835,1958076,3297428,1686233,0,0,0
154,000596,2017-11-13,-0.02592087312414726,-0.020600272851295953,1.546870284256641,28802.0,258058.88914968615,2246,102718289,97424194,1094440,2712938,8821947,10748096,12796795,11961475,16529272,17541364,11577497,11290437,5472291,5494187,4051598,5849791,42374449,31825906
155,000597,2017-11-13,0.007171314741035939,-0.0023904382470120167,0.3054290611720523,18960.0,93183.44500574388,1689,42734359,31003571,1113956,678588,14397912,4812478,7540925,5621630,6799014,7362991,3130605,2612867,2504144,3299900,2264741,457500,4983062,6157617
156,000598,2017-11-13,0.010398613518197708,0.010398613518197708,0.15067818260379562,12672.0,232050.38334677767,1468,50330914,47623299,1700056,889533,6199245,4372127,5931895,5761690,5128102,6956163,5783498,4029727,2869936,2118725,1436350,2273631,21281832,21221703
157,000599,2017-11-13,-0.0016207455429497752,0.0,0.2162153021674894,3085.0,39844.81224555409,814,7588286,5826387,976166,383693,2462874,1941702,1768778,1329380,361061,1231828,970036,454488,1049371,0,0,485296,0,0
158,000600,2017-11-13,0.0,0.0021413276231263545,0.23751483207144808,13076.0,129934.32481773784,1547,39910725,34538611,1683872,1342192,6746401,6317237,6773504,4646010,6122665,6215930,4856488,4410163,2064110,4646337,2327104,863950,9336581,6096792
159,000601,2017-11-13,-0.024390243902438935,-0.02195121951219514,0.2577296019471801,12059.0,75673.30003403574,1012,27238389,12078898,1200626,907978,5826023,2676343,4074990,2758257,6273062,2309881,3296477,1920023,371083,1020398,3136167,486018,3059961,0
160,000603,2017-11-13,-0.01716068642745716,-0.01638065522620913,0.4717456431479624,12017.0,82695.8040508415,738,14445050,6272224,800540,473256,4250643,2590021,2052324,1497885,2877047,819849,1218756,476403,714864,0,0,414810,2530876,0
161,000605,2017-11-13,-0.021285838401389978,-0.03040834057341435,0.4838571977927817,33780.0,192928.26466732658,2268,114366761,92157694,592772,1621022,8814381,13019945,11989740,12268460,16522825,18728203,12180536,11157678,13687851,9504756,15932916,6423121,34645740,19434509
162,000606,2017-11-13,0.014008620689655249,0.012931034482758674,0.28713973887669836,16133.0,65327.6031756195,1045,20208077,15811735,645567,905150,8560097,3821580,3954268,3141811,2448821,2898018,1907556,1812596,309205,748470,416916,1345950,1965647,1138160
163,000607,2017-11-13,-0.012379642365887178,-0.015130674002750921,0.2595831877891116,8676.0,50566.75834744281,784,13797084,6264167,951020,511612,4243441,1720853,2759498,1485093,2476651,1301529,2378286,249920,355716,995160,0,0,632472,0
164,000609,2017-11-13,0.0032414910858995505,-0.00648298217179899,0.5633937676509412,9792.0,125415.29069375098,479,9430593,7039585,341217,533618,2119626,1796713,1389544,1128178,1588357,371827,210158,0,0,382530,0,0,3781691,2826719
165,000610,2017-11-13,-0.009544787077826689,-0.0022026431718060735,0.718425717143277,27020.0,75831.06810384829,359,11560207,8004786,213777,134913,1746910,1161529,1532435,2187852,4308885,3832852,1132794,687640,695406,0,1331383,0,598617,0
166,000611,2017-11-13,0.01558441558441559,0.016883116883116944,0.30599911588435486,9958.0,66795.74232076833,633,10352165,8872297,568164,582900,2710743,2562290,2509491,1846020,1492825,1239861,520208,914368,312830,761750,411950,453184,1825954,511924
167,000612,2017-11-13,0.02236719478098781,0.02050326188257201,0.23739500315188108,21520.0,253849.01169419894,2047,62078629,79029456,1398889,735197,12084176,6876216,13369793,5478405,10280886,19243831,4090370,4434830,2502459,2489358,3164393,2762275,15187663,37009344
168,000613,2017-11-13,-0.026910656620021567,-0.019375672766415497,0.2668358237573541,12005.0,101017.44008671735,1216,23893320,21399290,1171190,1300020,5686814,4805739,5042691,3891448,4333362,3148959,2299217,2042197,354734,1129371,1827671,1295951,3177641,3785605
169,000615,2017-11-13,-0.02589807852965753,-0.03759398496240607,0.2262456495802679,33147.0,180361.02826124392,2802,125563388,98511413,1171104,1408162,14364728,13046867,19274614,15111807,25980403,19513441,17962574,16304923,11989773,4126324,4839012,7434305,29981180,21565584
170,000616,2017-11-13,-0.011792452830188593,-0.014150943396226578,0.1436139178142228,6270.0,97950.24290768306,872,21547782,6563309,972365,615508,2870515,2797211,2090634,1830819,2745869,775246,1063921,544525,2441251,0,2199238,0,7163989,0
171,000617,2017-11-13,0.0025889967637540146,0.0025889967637540146,0.534011478823036,7785.0,42629.279342722504,837,9589042,9259797,733126,927508,2689840,2649593,1773478,2070119,2755164,2156409,1637434,750140,0,706028,0,0,0,0
172,000619,2017-11-13,-0.00919540229885063,-0.0045977011494251485,0.3860804907453341,6062.0,58038.52815422016,507,7038953,3954276,437186,857109,1784482,1506584,1697037,711879,1705970,331576,0,547128,376278,0,0,0,1038000,0
173,000620,2017-11-13,-0.001547987616099089,-0.006191950464396245,0.2610269216488057,3852.0,126724.61880943378,612,11780949,4289074,692518,394311,2168678,1079542,1558042,818816,985519,1418649,0,220248,1048771,357508,0,0,5327421,0
174,000622,2017-11-13,-0.020442930153321992,-0.01873935264054516,0.2691888494642753,11780.0,64742.98770683431,475,10250478,4647392,268213,416758,2147708,1525491,1787143,954165,3561540,936195,1212974,233783,0,0,482160,0,790740,581000
175,000623,2017-11-13,-0.0016266775111833942,0.010166734444896353,0.4347292441213725,107125.0,495132.19096057,3201,370609742,448051787,937904,631934,9975732,9243546,17339643,19908112,43922655,38729413,34972789,33352364,33046244,41660887,27515738,25871241,202899037,278654290
176,000625,2017-11-13,-0.01097293343087058,-0.01097293343087058,0.25258125592267394,61020.0,417682.3413253507,2932,213656220,180254116,617824,982431,13290975,8736489,33628515,18234983,49109321,33978973,22738221,16370555,12832377,9580654,11554694,5782053,69884293,86587978
177,000626,2017-11-13,-0.014112903225806495,-0.0013440860215054862,0.513680549592472,10465.0,247045.76702285468,839,14927725,18307736,822055,973986,3367091,3196234,2534395,2311735,3283415,2574628,1129838,501382,634943,0,889840,0,2266148,8749771
178,000627,2017-11-13,0.012845849802371578,-0.0039525691699603405,0.1841973844611982,42756.0,303085.39714478806,3023,212973371,178523398,1154359,1203113,12754086,12721289,16888821,16375821,30536461,25270735,23329994,21921097,20423891,16724286,9722078,16656824,98163681,67650233
179,000628,2017-11-13,-0.0021810250817884125,-0.004362050163576825,0.42264351683995427,9200.0,56200.39548476026,470,8926694,3300226,432489,563491,2352527,1194181,2119850,616087,963538,558750,1246280,0,371385,367717,888625,0,552000,0
180,000630,2017-11-13,0.003558718861209842,0.0,0.05800113463126375,9711.5,183027.6337996905,2376,73185378,40834102,1734032,2312257,9054239,9364145,7097628,5698407,7822274,6277084,4503700,4152457,2367409,3182602,1776958,450354,38829138,9396796
181,000631,2017-11-13,-0.004555808656036331,0.015945330296127658,0.10227373915607177,8760.0,65664.83375463082,1850,23462295,29471177,2073717,1927442,6065574,5854829,4524433,6703824,5667965,6522960,2201418,2569883,316395,1729175,1324041,951648,1288752,3211416
182,000632,2017-11-13,-0.01634472511144136,-0.004457652303120341,0.3132491012147088,10050.0,80660.33822538728,461,9803151,7074090,329382,519251,1488316,1389380,2176308,1291140,1818857,1030770,1708043,869709,1063794,1081380,432883,892460,785568,0
183,000633,2017-11-13,0.04325437693099898,0.01750772399588052,0.28242532165391093,11760.0,80611.97547945534,1183,19685670,23195072,1094572,1503978,4487190,5521820,4175299,3745212,4415378,3206386,1321706,5198047,369085,652576,401212,884786,3421228,2482267
184,000635,2017-11-13,0.008403361344537785,0.012605042016806678,0.5092536509292055,13472.0,54463.97172350516,1071,17469331,17747466,892175,1210705,5240508,3878059,4676064,2380952,4036827,7071367,1429763,1462629,698394,1743754,495600,0,0,0
185,000636,2017-11-13,0.0026548672566371057,-0.0035398230088495852,0.19878299492196513,43797.0,267635.2524476245,3243,175914637,184306538,1007798,1242575,12517436,19891752,19440718,17860923,38418099,30581395,20618895,20254409,14468289,17912155,7757828,6800049,61685574,69763280
186,000637,2017-11-13,-0.004761904761904856,-0.006349206349206327,0.26035023304276744,6260.0,65712.3593891239,585,9659282,3543977,630445,348201,2404592,1216954,1787137,519012,2881109,439054,0,0,312374,0,0,409431,1643625,611325
187,000639,2017-11-13,-0.03126601742696067,-0.02511532547411599,0.5953287789841105,9550.0,107128.09961089324,1074,26080971,11736068,1616998,1015635,4878472,2480910,3117989,1761639,3286138,1497728,1927284,760765,3736817,314111,883100,0,6634173,3905280
188,000650,2017-11-13,-0.01018675721561968,-0.003395585738539819,0.17193494966563574,5900.0,83902.44576840801,1174,20454875,10547703,1853707,659045,3476370,2830800,2331226,1118228,3547890,1770062,3392877,1254682,2109505,626068,884768,0,2858532,2288818
189,000651,2017-11-13,-0.006746463547334103,-0.005223068552774768,0.7677176115433992,311508.0,1793444.8555271854,3583,1274360173,1401293196,137429,155671,3204267,3350931,11814179,12191195,46190283,47794613,50020558,48817606,49194347,57044012,45640554,43794863,1068158556,1188144305
190,000652,2017-11-13,-0.001953125,-0.001953125,0.16730723223420044,10220.0,94659.95409031102,937,22343554,10956540,715322,835120,3623370,3355823,3046486,2204916,3978295,1122706,2666603,1217530,2242934,321623,1328656,429894,4741888,1468928
191,000655,2017-11-13,0.013123359580052396,0.005249343832020914,0.25611460157097543,15240.0,67776.03914523145,885,17285943,13503352,676102,771944,3913693,4901910,3358701,4023698,2862247,1777070,2641846,802297,1409122,673426,1333632,0,1090600,553007
192,000656,2017-11-13,-0.0021413276231262435,-0.004282655246252598,0.12334937460936088,4650.0,150646.3967693288,1437,28853440,19706586,1889502,1182781,4160884,2882224,2632464,1824976,2852851,1632964,2308508,705578,2017536,371070,847695,1908272,12144000,9198721
193,000657,2017-11-13,-0.0014869888475835813,-0.0037174721189590088,0.4529842855356293,13350.0,80161.36668084195,881,18597404,13523668,711630,691664,4528491,4120613,4137376,2487637,2318406,2122146,1250730,1954888,398100,321618,1875413,446544,3377258,1378558
194,000659,2017-11-13,0.0025510204081633514,0.0025510204081633514,0.15354308113829462,11820.0,67059.2165792112,652,12396148,9757242,470629,616931,3128587,2469157,1927558,2148230,2986632,2246880,1119687,1470689,1428795,305603,0,499752,1334260,0
195,000661,2017-11-13,-0.012412891986062768,-0.011977351916376389,4.585337416744347,54738.0,404102.59536010836,1605,143555460,105006193,24681,8008,7583706,7509908,9674872,11480554,16367011,16712184,15889376,11159929,9491568,7812926,4566275,5568779,79957971,44753905
196,000662,2017-11-13,0.0,0.003629764065335772,0.5863380197825367,11595.0,83331.09465688953,794,12292135,15702668,665885,909474,2989660,3897356,2799621,2442821,3316777,2334873,844344,1061076,1675848,317952,0,865474,0,3873642
197,000663,2017-11-13,-0.000587544065804857,0.002937720329024618,0.595865463272365,16860.0,95717.2032551169,816,17744895,16741442,724645,578374,3146128,3404435,3364238,3089588,4868611,4069245,789210,1430641,978923,0,408000,1824126,3465140,2345033
198,000665,2017-11-13,-0.014375561545372895,-0.016172506738544645,0.37196283037445477,16425.0,151839.8765557445,895,33472192,15431745,426641,1257276,3208638,4102528,3944710,3861364,4153895,3385382,2694903,738349,4479308,332100,3542641,1754746,11021456,0
199,000666,2017-11-13,-0.005166744950681035,-0.015969938938468764,0.5213088633986873,20885.0,143987.62748531144,1668,68804864,41926162,1212938,924806,7980667,8651857,6167435,4429174,10525266,7362025,7804504,2606357,6666765,3442844,6212655,4770725,22234634,9738374
200,000667,2017-11-13,-0.006269592476489061,-0.0031347962382444194,0.10186534218140866,3492.5,120787.72089267566,984,19393908,6061918,1120931,842898,2372549,1557777,2404040,1310929,2331547,1249503,1596128,468309,1703354,632502,1384339,0,6481020,0
201,000668,2017-11-13,-0.0024554941682013443,-0.0055248618784530246,0.9739601657356525,12991.0,47296.32474051719,279,4593230,2818193,235120,264615,1104359,1380753,918352,672334,1130988,500491,736809,0,0,0,467602,0,0,0
202,000669,2017-11-13,-0.009247027741083214,-0.006605019815059565,0.47985242885279045,15090.0,89700.29717618889,995,24634712,16662125,860248,596289,6031522,3941791,4855455,2236669,3967622,3282644,2761194,1590485,2613143,1316133,1742803,0,1802725,3698114
203,000670,2017-11-13,0.03008595988538687,0.025787965616045794,0.1258136709881387,35241.0,193245.77171749773,3088,126185538,122390460,1614629,1392609,15172490,14635616,20276538,20123381,26137539,27268734,15793604,15027541,12148556,14740186,8434906,5384946,26607276,23817447
204,000671,2017-11-13,0.011475409836065653,0.00819672131147553,0.13024079587325119,14760.0,119329.89196864527,2199,41528075,64502151,952185,2144092,5046649,13749028,6132032,10371054,7266784,11686486,4279642,7709728,3613117,3619915,902972,3651721,13334694,11570127
205,000672,2017-11-13,0.00915564598168861,-0.00406917599186174,0.22236795258083522,17586.0,106765.87290865758,1955,44857968,38458752,1585242,2389372,8269540,11741409,8126613,7732429,7594844,7790518,6168505,4281433,3040156,2901007,886233,430066,9186835,1192518
206,000673,2017-11-13,0.005050505050504972,-0.0033670033670034627,0.4872495425112645,17700.0,328644.88840196707,594,26772376,31309676,425873,458123,2449223,2414034,2244928,1880488,2297343,2502229,1960218,1705285,1636805,3149835,1891250,3107414,13866736,16092268
207,000676,2017-11-13,-0.0034059945504086864,-0.006811989100817373,0.3862461415621198,14640.0,106714.000555264,1445,40205727,24518652,1098050,876851,7731883,6140900,6480161,4500948,6940754,4237257,4453276,3276525,3018338,357192,1758852,484915,8724413,4644064
208,000677,2017-11-13,-0.008968609865470878,-0.008968609865470878,0.2452283956312464,6451.5,54624.86470659772,330,6600036,1447316,386953,308659,1438359,739095,903508,265462,1476336,134100,1464384,0,0,0,930496,0,0,0
209,000678,2017-11-13,-0.002484472049689601,-0.003726708074534346,0.3733843888383401,8010.0,59999.22973535356,464,6637860,4055911,498724,448660,2374499,1396796,1102165,602271,714474,224524,681050,226860,721467,322392,0,0,545481,834408
210,000679,2017-11-13,-0.012195121951219523,-0.01097560975609757,0.31071247347487707,6452.0,47920.44107609257,696,8562198,4540320,778820,853361,1837913,1865937,1746259,1378252,1667985,0,693041,442770,1033180,0,0,0,805000,0
211,000680,2017-11-13,-0.016728624535315983,-0.009293680297397744,0.16759248440815092,10680.0,98946.44149866083,1031,23868752,12547100,1000428,540743,4823307,3053230,3854833,2670305,3477174,3856195,2713096,225769,1343261,311805,1787958,1258181,4868695,630872
212,000681,2017-11-13,-0.010010010010010006,-0.0015015015015015232,0.5604552765846965,19920.0,95084.14825857931,1271,21742108,26179930,1082786,855482,7255108,6736905,3894936,7087966,4165355,2761404,1424226,1862135,1088493,334656,802565,1303148,2028639,5238234
213,000682,2017-11-13,-0.021400778210116655,-0.013618677042801397,0.2088064568554659,6565.0,62734.59637148441,606,9406089,5724787,555089,573820,2312582,1903568,1520840,991849,1240293,920522,1480342,659643,781850,675385,0,0,1515093,0
214,000683,2017-11-13,0.0,0.0,0.08102682151299205,8627.5,116143.49189536423,1360,33192162,16381136,1458096,965907,6502004,3094312,4872783,1782470,5609072,2694165,2499907,747646,2378520,645315,1697634,903474,8174146,5547847
215,000685,2017-11-13,-0.0028142589118198558,0.0,0.3047601157719452,5320.0,89089.74442854946,1223,24243664,10519566,1408056,482425,4329170,3165299,3694773,2134223,3197718,1739753,1900712,1602777,2146529,0,946810,0,6619896,1395089
216,000686,2017-11-13,0.0,0.0,0.25145182438309943,18018.5,128184.06732335407,1516,47883092,43933234,1089813,1630910,5825104,8148218,6019198,6348726,8702747,8527215,5358565,6156950,3738594,4187812,3580331,1907843,13568740,7025560
217,000687,2017-11-13,-0.0030464584920031346,0.0,0.3970596087041559,17004.0,78814.34095546279,1093,24748563,21982085,720228,856922,5697384,4864708,5399520,3625560,5119180,4592766,3039578,3521529,2540765,1112480,422436,1361788,1809472,2046332
218,000690,2017-11-13,-0.010012515644555742,-0.008760951188986232,0.26298486816709143,14400.0,213352.6138314974,923,39142288,19920441,929841,567094,3729699,3669711,2724990,4603924,3098885,4486687,2882358,1693927,1115200,716360,2203459,832521,22457856,3350217
219,000691,2017-11-13,-0.028727770177838563,-0.03283173734610112,0.3878227323556463,13528.0,130557.51795442132,355,9395706,7173786,233589,301122,1406780,1610252,1740216,1019321,1245833,1180998,279740,0,1368642,0,1373248,896093,1747658,2166000
220,000692,2017-11-13,-0.006546644844517169,-0.008183306055646544,0.30299550380856316,10336.0,46936.19724730355,406,6381421,4942612,210270,423370,1470576,1552312,1090007,1461709,2286175,1200721,978243,0,346150,304500,0,0,0,0
221,000697,2017-11-13,-0.012499999999999956,-0.013671875,0.6483246005242396,25360.0,178739.8707192471,1559,79096029,40948639,629914,837807,7503379,7082795,8441122,7235507,13985063,8934246,9931781,7792755,6558102,2410840,3862708,2693699,28183960,3960990
222,000698,2017-11-13,0.0032414910858995505,0.004862236628849326,0.1916887633621103,4375.0,47958.11761701784,1037,8831822,8853271,1335349,1193992,2967841,2231585,1590170,950069,1823879,1469012,493343,946713,0,312500,0,0,621240,1749400
223,000700,2017-11-13,0.018808777429467183,0.017241379310344973,0.1802872687665535,12860.0,78343.01148285586,1253,19275249,27235315,706132,1357268,4692684,6216451,3244530,5316438,3566745,5614399,1994955,2492479,984043,2210611,868086,922365,3218074,3105304
224,000701,2017-11-13,0.014333895446880351,0.004215851602023646,0.32579938824570326,7158.0,37341.93770634252,1325,10440640,14073494,877442,2046543,4114584,5102421,2192318,2205473,1089568,2436912,1475603,910840,691125,1371305,0,0,0,0
225,000702,2017-11-13,-0.014371257485029876,-0.010778443113772407,0.31728482582213546,11655.0,60442.785540424506,692,14940442,7852106,795512,552813,3434241,2645661,3099201,1535589,2721140,2080627,2573137,705817,695152,331599,416500,0,1205559,0
226,000703,2017-11-13,-0.006430868167202619,-0.0012861736334406348,0.3371329358014908,7770.0,56661.397595735994,2133,22562772,26407357,1850552,2894758,6386114,8651388,3494402,5128714,3561962,4430003,1716470,709499,2030866,976494,2747406,917747,775000,2698754
227,000705,2017-11-13,-0.005181347150259086,-0.004145077720207335,0.34608351617103345,6755.0,67439.59373972644,777,13988260,3585587,1297929,602576,2985206,1692911,1249396,846974,3340774,443126,740091,0,1079755,0,838674,0,2456435,0
228,000707,2017-11-13,0.0,-0.009331259720062102,0.2873748290995577,3210.0,54344.103806644045,500,6918315,2915757,466793,365285,1753812,1290018,1486071,744684,1497999,515770,742097,0,0,0,0,0,971543,0
229,000708,2017-11-13,0.033996683250414605,0.02487562189054726,0.3851794077784963,19464.0,76967.91334207966,980,17550467,23460303,527518,733065,4668577,6000854,3114396,3492111,5062203,4475821,2378651,2534209,1799122,1672196,0,2217495,0,2334552
230,000709,2017-11-13,0.012019230769230616,0.012019230769230616,0.07675529193189358,24960.0,337480.31141748314,2956,136563472,176958744,2113580,1644070,16235729,10503169,15728456,13741869,19257158,19554177,12608569,14776451,7260967,10694889,8460233,7699747,54898780,98344372
231,000710,2017-11-13,0.038551744356493556,0.040603928466725225,1.3103344987350773,63288.0,228159.95977739294,2714,158204728,214947694,719132,782141,11749863,13397097,14374876,19173927,25048363,30474202,24743327,25445561,20473607,21360293,14796595,16744038,46298965,87570435
232,000711,2017-11-13,-0.011428571428571455,-0.01224489795918371,0.34534014645541017,22952.0,116481.78590994077,1259,37133165,26900129,516279,1140325,7126825,6792124,4435253,4157709,3594813,6543249,3098113,2572675,3294450,1674519,1401797,0,13665635,4019528
233,000712,2017-11-13,-0.10127226463104322,-0.04020356234096689,0.43223244008066364,30239.0,320959.1269475815,2069,153633447,102389635,835499,1659980,7684540,10810231,10715781,11471108,17290507,16433279,11518229,7922930,9528893,7906955,5315836,3729978,90744162,42455174
234,000713,2017-11-13,0.0025974025974024872,-0.0012987012987012436,0.3583827923735227,7680.0,71098.50113816795,461,7218584,3569875,381871,335449,2164808,1162239,679424,967341,925771,490246,0,231600,383500,383000,0,0,2683210,0
235,000715,2017-11-13,0.0019286403085825299,0.0038572806171650598,0.46437783521864756,3117.0,39028.48322904188,498,3298089,2692957,773911,246533,1089072,629278,710426,449775,204680,386011,208000,0,312000,0,0,408204,0,573156
236,000717,2017-11-13,0.0780141843971629,0.08037825059101644,0.14577059303852824,96615.0,851708.413695523,3381,373800086,537962586,681436,802537,9934486,12519392,19336520,24402528,40781410,39103551,38619508,38354462,36592846,31172604,25838741,36836319,202015139,354771193
237,000718,2017-11-13,0.01547388781431347,-0.005802707930367523,0.1541358100129438,10280.0,66033.87088430815,1126,18760027,8245123,1559103,693953,8029077,1549897,2246707,513373,2932496,1318435,2380872,1668625,326772,0,0,0,1285000,2500840
238,000719,2017-11-13,-0.007866273352999054,-0.003933136676499416,0.3328829444504976,5095.0,124579.38436374572,933,12717556,9214969,1220346,378804,3821430,1734339,2700079,727879,2377242,1441982,1452639,949861,608400,395224,0,0,537420,3586880
239,000720,2017-11-13,0.0020746887966804906,0.0020746887966804906,0.21676997410207047,9660.0,83545.41037097959,494,8830356,5789947,604446,409617,3145283,1285512,1647315,869712,470375,1482520,0,1387581,731745,355005,0,0,2231192,0
240,000721,2017-11-13,-0.017964071856287456,-0.0029940119760478723,0.2902386476009086,6660.0,58277.858718285446,529,8252057,4721219,458606,541153,2093851,1551466,1490026,1137104,1505099,138736,707276,698904,0,653856,899149,0,1098050,0
241,000722,2017-11-13,-0.012488849241748534,-0.008920606601249048,0.4683640431864653,11150.0,50702.348327575826,572,9539592,6372542,460179,467089,2797492,2597884,2271617,881894,1528571,1104359,1109133,482424,1372600,363624,0,475268,0,0
242,000723,2017-11-13,0.0011764705882353343,-0.014117647058823457,0.20960927652053435,17598.0,175718.96069536745,1646,57139114,42750980,1045679,1400403,6911899,8030513,7628888,6562585,9905405,7393874,8691165,5980306,4599789,2439115,855120,2231221,17501169,8712963
243,000725,2017-11-13,-0.013846153846153841,-0.003076923076922977,0.10847939757929928,1102769.5,3199231.933779056,3602,3252042227,4062433602,0,0,107273,208363,1008758,996286,9837844,11692062,26379523,29807636,29661695,47374924,42841649,61137991,3142205485,3911216340
244,000726,2017-11-13,-0.008071748878923701,-0.00627802690582957,0.29568137047309423,14391.0,134433.97307408138,1422,35535791,23483602,1125212,846520,9266265,4914983,4993703,3937552,5222147,3897810,2695798,3847937,1952618,333900,1363492,487080,8916556,5217820
245,000727,2017-11-13,-0.007168458781361964,-0.007168458781361964,0.06862912149426739,9141.0,189018.8897187676,1667,53133729,28287427,1367969,1169148,6358447,5447854,5423693,4654596,5698398,5200480,2743679,3102813,2519172,1751860,2577038,952727,26445333,6007949
246,000728,2017-11-13,-0.004654771140419012,0.0015515903801395226,0.28133079515732873,25960.0,158293.26027650872,2100,97386895,76102849,1350104,1012692,10235903,8093494,10642137,10556286,16342193,16055401,10633969,7194260,13088991,6918508,6174977,5156603,28918621,21115605
247,000729,2017-11-13,-0.004846526655896688,-0.001615508885298933,0.15784568101810553,3714.0,78824.15614314273,1539,17396360,13684225,2065145,1039358,3669368,3484876,3147793,2476409,2644786,1946634,973986,739010,351592,368305,448559,1778186,4095131,1851447
248,000731,2017-11-13,0.022106631989596837,0.014304291287386084,0.2415778602371342,9396.0,82463.64001207617,1013,16477775,17501354,747253,1348728,4165588,3860174,3066074,2915700,2493130,2256547,1621901,449625,2157968,1602843,894089,1333486,1331772,3734251
249,000732,2017-11-13,-0.015807962529273967,-0.01873536299765788,0.43474075973533116,11746.0,108185.89862644061,1544,40201539,28513223,1469072,1559741,6384044,5045137,5444002,4582517,11031089,6095791,3646976,3904072,2081081,606657,2741619,0,7403656,6719308
250,000733,2017-11-13,-0.0012578616352201255,-0.0018867924528302993,0.4820988635401713,15860.0,102364.62495237587,1088,28494612,31712305,876920,986471,4398813,4555496,3893673,3261225,6296365,9756163,3969377,7480272,2688789,2753538,418700,1442575,5951975,1476565
251,000735,2017-11-13,-0.03297997644287387,-0.016489988221437102,0.17195078770161937,27720.0,208295.16220023527,2443,119428818,100932715,1241232,1737585,10610093,11929989,11319406,15431547,16524647,17974138,13482679,9836134,11943472,7297942,9521502,6632937,44785787,30092443
252,000736,2017-11-13,-0.01978302488832162,-0.01850670070197824,0.4925400612449049,13990.5,88571.95039463832,1012,24715307,10990396,950706,876771,6289737,3727088,4164199,1904000,6035684,1183027,666141,894870,1276081,306873,428216,0,4904543,2097767
253,000737,2017-11-13,-0.02329450915141429,-0.016638935108153063,0.2136769277882162,8910.0,53178.72452294031,791,12962607,8193905,801749,689765,3337658,2338016,3078539,1573072,3471659,1551946,927488,256113,1345514,1091911,0,0,0,693082
254,000738,2017-11-13,-0.008237232289950658,-0.006589785831960571,0.503965527596562,18090.0,73207.24204398347,1305,32409421,17437759,1030004,1280464,10813335,5221307,4782776,3606724,7733159,2512461,1952668,1653798,2422370,362000,1780342,950250,1894767,1850755
255,000739,2017-11-13,-0.0028208744710859213,-0.007052186177715081,0.22871861089780315,9870.0,92019.25394511723,961,23480277,10366456,1270478,496146,4850891,2248635,3840027,2211153,4100783,738274,2701236,442575,1408842,1119010,0,452907,5308020,2657756
256,000750,2017-11-13,-0.003616636528029016,0.0,0.14103292945295665,17465.5,111777.89256172667,1540,40173907,30223607,899690,848521,11165715,5227993,6367701,4898292,4425726,4664503,3996206,2923464,2402968,2022034,914618,1349821,10001283,8288979
257,000751,2017-11-13,0.011516314779270509,0.0057581573896352545,0.12048470098545938,10836.0,129350.76360719367,1875,39087363,39673977,1123476,1797055,6643802,8562937,5607602,6842129,6922640,4774617,3441805,5621521,0,2760209,2657633,2670230,12690405,6645279
258,000752,2017-11-13,-0.012327773749093551,-0.012327773749093551,0.6036789728680307,10984.0,77409.8639247015,521,9764978,7294326,597867,459845,2250063,1608089,1944348,882199,3206632,1033803,406940,0,950228,1037436,408900,0,0,2272954
259,000753,2017-11-13,-0.01631701631701643,-0.011655011655011593,0.16122416540562662,8440.0,59299.196776242425,708,13643491,6449782,475384,1045143,2706359,2274632,2703185,1612926,2813326,866981,2945954,211500,380222,0,909267,438600,709794,0
260,000755,2017-11-13,0.03305785123966953,0.036363636363636376,0.15834160310881912,11304.0,91458.65137929584,1463,25719258,30750881,1298490,1325111,5509942,5871806,4878785,4510960,6263754,5495270,3987042,3497433,1373280,2399364,1293846,1294727,1114119,6356210
261,000756,2017-11-13,0.01863354037267073,0.017391304347825987,0.41015380649869454,14688.0,108325.95345544652,1541,33855446,37961021,1102125,2013550,5759152,7107170,3994061,6492286,4574996,8527307,3380831,4477811,2766304,5514979,3313864,1747349,8964113,2080569
262,000758,2017-11-13,0.0014513788098695635,0.0014513788098695635,0.17248812334169694,10245.0,101226.36037565254,1597,32187085,28923783,1299502,1673046,6704858,5735199,3735261,4232615,4977599,6452044,2769862,3316355,1444784,3581178,2207369,1355388,9047850,2577958
263,000759,2017-11-13,-0.018830525272547027,-0.019821605550049526,0.2248116298047396,15808.0,61877.237493232504,2016,37834181,24182436,1764707,1190668,14633558,5938441,6545969,5271880,7919946,4312406,3539374,3930602,2086958,638644,0,850604,1343669,2049191
264,000760,2017-11-13,-0.021935483870967776,-0.024516129032258083,0.23298064198206536,11482.5,114262.58891139545,1108,21836951,24837687,526683,1605375,2958996,6226745,3450815,3043114,3785206,4354361,1492288,1458470,2500331,3091398,1283299,464736,5839333,4593488
265,000761,2017-11-13,0.027322404371584508,0.02003642987249532,0.11607353321823333,12188.0,140448.10820636633,2245,65215678,60996754,2889463,1343484,9211820,7561676,8034930,5995624,9650423,13604411,7684332,6865716,3118323,6107910,5368277,1767584,19258110,17750349
266,000762,2017-11-13,0.01467136150234749,0.0017605633802817433,0.36513180798278033,25380.0,174231.78478660152,2179,84318412,78675579,1220480,1347758,10032097,9991864,11869401,11198780,16251415,14165284,11569196,8125962,7578432,3995132,4911374,4425020,20886017,25425779
267,000766,2017-11-13,0.026986506746626615,0.03748125937031488,0.3957122145442642,14685.0,145229.1906868315,1137,27683298,36982262,974076,755190,5053468,5368803,3887403,5037731,4915777,4536088,2462993,1929422,2476262,1727917,1269408,1855693,6643911,15771418
268,000767,2017-11-13,-0.009287925696594312,-0.012383900928792602,0.1457697787680023,3864.0,70501.07886159765,491,7892419,2905217,513126,452947,1433692,973671,1065075,497938,902944,716799,290505,263862,1129867,0,441054,0,2116156,0
269,000768,2017-11-13,-0.014508328855454056,-0.018807092960773653,0.3905891970600018,36580.0,161983.32406253874,2271,120481485,60291319,1076838,1564307,10958407,10523518,14719509,10853704,34461708,13139143,12925186,6101178,5796808,2697966,3521345,3688708,37021684,11722795
270,000776,2017-11-13,-0.009214092140921282,0.0,0.36046592477964495,48048.0,480065.82061144273,2621,211724426,199209290,1410849,1105462,12228436,8678343,16585658,13430286,31801605,19993549,20215737,18165254,18316422,13791018,13944960,14444321,97220759,109601057
271,000777,2017-11-13,-0.0017910447761194659,0.005970149253731405,0.4763947239859529,16870.0,79297.03458532812,1236,26207403,21323838,881771,992660,5566913,6638927,6325711,5048980,5328021,5119441,1946556,1284163,1031690,1732006,433697,0,4693044,507661
272,000778,2017-11-13,0.013769363166953541,0.012048192771084487,0.12164066121474754,14136.0,153194.32674850742,2287,53766309,61677803,2461146,1619521,11198317,9566803,8966875,9568210,9886155,8082158,4850076,6599632,3009928,4811020,4152914,2646553,9240898,18783906
273,000779,2017-11-13,0.01852924145917778,0.01852924145917778,0.43989360687417933,17610.0,80444.51693469458,1542,31009771,37313751,1300342,1265205,6968750,7439719,7976185,7344359,7235080,7213575,3613826,5223372,706294,4223743,877750,1328339,2331544,3275439
274,000780,2017-11-13,0.016260162601626105,0.014227642276422925,0.16700676484286803,2976.0,67045.12539536637,868,8555855,11071870,927406,505355,2780227,2180384,1889872,933913,1810994,2330551,804432,1651108,342924,669614,0,941000,0,1859945
275,000782,2017-11-13,-0.013978494623655968,-0.02580645161290329,0.3098574682632622,9200.0,201745.13463828465,901,34303916,10682403,764033,1144937,3120020,3583273,2469278,1905730,4208773,2529200,1634232,770111,2460112,749152,909023,0,18738445,0
276,000783,2017-11-13,-0.00221483942414169,-0.00221483942414169,0.21352785170445324,18060.0,211038.2696715815,1789,71949183,65112913,1036361,2045492,6985830,8159267,6054308,9948402,8109387,9584715,6513077,4169922,2398622,5750908,6377434,1850684,34474164,23603523
277,000785,2017-11-13,-0.009451795841209809,-0.011342155009451682,0.6369727827391162,13611.0,56889.852812435856,275,4754636,3698306,250081,153306,2420686,642489,865812,459871,350265,547149,867792,1039123,0,315600,0,0,0,540768
278,000786,2017-11-13,0.08945969884853877,0.04827280779450849,0.3831570223181324,109433.0,379909.8682587078,3482,390022410,369114262,635775,340434,10590230,7956379,27863611,21544719,50599193,38939162,48416692,44290621,40264128,28402590,33445311,32855189,178207470,194785168
279,000788,2017-11-13,0.002178649237472685,0.0010893246187364536,0.3893920575702888,9180.0,45886.076442388614,555,8459248,6040391,694821,597333,2181386,2038351,2004806,1699615,2391861,1059546,728874,0,0,645546,457500,0,0,0
280,000789,2017-11-13,0.02178899082568808,0.017201834862385246,0.18938192941730364,23036.0,114189.42055183252,2122,63404905,72181848,1575446,1597889,10454744,9341476,10531383,12850587,12679920,14777584,9939027,6855055,4859579,6807191,2330835,9158404,11033971,10793662
281,000791,2017-11-13,0.005530973451327581,0.0,0.21764441617675953,14528.0,84931.57998535129,1726,40578591,26365957,1830092,1733713,8984854,8015643,7896711,4755673,7562264,5577555,3644356,2387554,3740813,1423222,1790493,1814486,5129008,658111
282,000792,2017-11-13,0.02111324376199608,0.01791426743442104,0.26921102783062983,97030.0,460376.1273528453,3375,335952554,437603248,744698,736346,11619172,12072137,18785950,20707492,42985201,47979597,33823588,42669445,32703005,33421061,28160786,28439887,167130154,251577283
283,000793,2017-11-13,0.005681818181818121,0.010416666666666519,0.25697434969516586,46684.0,540453.8150856048,1689,141896399,145037806,848647,606026,5491949,5619608,8056056,6561822,14973774,15264632,14463580,18692887,12087553,10641783,10297406,10879357,75677434,76771691
284,000795,2017-11-13,0.018320610687022842,0.016793893129771087,0.14250317666775347,16225.0,126963.66558459302,2117,56056450,54443964,1746515,1652990,10004049,9402573,8191086,8390394,10983574,9755493,7429936,7218922,4873997,3538928,3569495,3471734,9257798,11012930
285,000796,2017-11-13,-0.017064846416382284,-0.0252559726962458,0.38134767077348525,14510.0,119134.52841919776,1476,39848710,20230771,915572,1338658,8605378,6309919,5698191,4147389,9312028,3288694,4870867,2625211,1059894,1017185,918074,404829,8468706,1098886
286,000797,2017-11-13,0.020423048869438354,0.006564551422319376,0.31551607015583377,30382.0,156861.41025970416,1890,82827099,53316392,1109979,1071648,9996840,8361910,13632821,10636850,15604977,11683982,7871994,8819165,11043595,3586230,3623638,3949896,19943255,5206711
287,000798,2017-11-13,0.0033370411568409697,0.0022246941045604984,0.4456570646228134,8990.0,30396.93351645638,406,4581746,3341084,422840,569482,1799647,1301754,1383859,545677,975400,718515,0,205656,0,0,0,0,0,0
288,000799,2017-11-13,-0.007973421926910418,-0.009302325581395432,0.5455833726597954,50991.5,261390.86800740767,3046,195709537,169434122,1075772,1772916,11646713,12877415,21467154,20438731,28774826,31202355,24895707,20164463,21131188,14406530,14131119,12961347,72587058,55610365
289,000800,2017-11-13,0.0032867707477404196,-0.0008216926869351049,0.2859131960344989,15859.0,115183.89281884034,1812,53125706,47419218,1191222,1443623,7741193,7017807,7693705,6654165,10836504,10021818,7112994,6503808,4490642,5172496,4063039,2838534,9996407,7766967
290,000801,2017-11-13,-0.013568521031207648,-0.008141112618724633,0.23759220361101752,10164.0,54786.46297294376,962,17046714,9827474,1048983,898836,4793879,2869446,4366865,1697149,3591121,1667391,1389911,1496256,1031055,670594,0,0,824900,527802
291,000802,2017-11-13,0.0020366598778003286,0.0033944331296673624,0.45621340241500136,14850.0,57198.932263466304,1042,18046981,17853214,813354,903349,5809637,5282700,4222768,3479779,3044860,4308858,1597385,2471665,624587,985193,1323286,421670,611104,0
292,000803,2017-11-13,0.030303030303030276,0.01515151515151536,1.5840567585790604,12727.5,79111.6735782583,250,6355053,3675393,177659,201644,1288089,732096,1103275,431672,898586,1001988,1199600,493403,669844,330850,0,483740,1018000,0
293,000807,2017-11-13,0.027077497665732864,0.022408963585434094,0.1833541050936883,111300.0,496741.4262696681,3419,398802377,427855255,632769,619892,8988190,9123739,23341127,18550861,64599726,47416281,42468965,41936900,29480549,33133259,21215227,24983245,208075824,252091078
294,000809,2017-11-13,-0.0072289156626507145,-0.004819277108433884,0.2384998660132317,12419.0,112781.58903638122,302,9319194,4399714,307500,140313,1527176,1059758,1388821,1780415,1712567,1018063,413000,0,1024859,0,1359183,401165,1586088,0
295,000810,2017-11-13,-0.01658986175115207,-0.012903225806451535,0.4061532757819095,10710.0,45126.97808035796,713,12329030,4851243,786272,549971,3737469,1909993,2525571,1194437,2298085,982042,1432292,214800,1100409,0,448932,0,0,0
296,000811,2017-11-13,-0.010538641686182681,-0.012880562060889833,0.24593338276190554,8440.0,111596.40217237895,1206,28747106,13079078,1410617,1355676,4397455,3552950,4626234,2592458,3503967,2623419,3834518,638617,745015,394800,2175039,849209,8054261,1071949
297,000812,2017-11-13,-0.0073081607795372205,-0.0036540803897686658,0.28304366855660046,10634.0,82798.65920984911,841,17737005,11588740,857960,964549,4228757,2750940,3152515,2219014,2348507,1740826,2066438,709546,1458832,1056149,1454336,490028,2169660,1657688
298,000813,2017-11-13,0.00901916572717032,0.013528748590755368,0.20270841089092684,10782.0,101619.15076285599,1918,44863948,39045610,2011974,1404176,7487301,6029454,5719869,6071293,8201990,9285026,7749627,5240391,3047400,3734602,1782128,2707759,8863659,4572909
299,000815,2017-11-13,0.0026483050847458944,-0.01112288135593209,0.6256727057444378,16848.0,78950.4103533223,912,21465581,13056786,776855,908889,3876378,4255136,3377255,3720159,3648146,1518095,3743713,691295,1749972,690650,0,0,4293262,1272562
300,000816,2017-11-13,-0.04235294117647048,-0.03529411764705892,0.08156626666368556,20808.0,177312.5529397998,2730,105989513,97180646,1415563,2377621,10094795,13561544,11244162,13905236,17319513,19004382,10387930,11516309,11217258,7642988,8424382,5572896,35885910,23599670
301,000818,2017-11-13,-0.0042918454935623185,-0.006008583690987113,0.3542927594713773,15067.0,112650.05096044586,1081,35765906,21118722,941319,650622,5959419,4544600,4692148,2634603,5812652,3897918,3202244,2233115,4386309,2490049,3470018,1862731,7301797,2805084
302,000819,2017-11-13,0.008381689232753065,0.010960670535138606,0.6276322235263257,12575.5,42864.31207205578,610,7780411,7113739,608107,519477,2733731,2832801,1525154,1774807,1953668,1220904,548542,0,0,302250,411209,463500,0,0
303,000821,2017-11-13,0.0,0.007736943907156846,0.296093687356565,21588.0,82360.45948513856,2753,77324131,51711640,2299373,1840739,21015785,9703296,15236723,10226718,19501371,11723361,7314128,4768442,6419690,2943779,1896965,3080399,3640096,7424906
304,000822,2017-11-13,-0.022182786157941448,-0.01685891748003543,0.20761535832945952,42370.0,239605.2065661387,2952,174565261,113981576,877329,1580412,13669945,14660080,19274474,18660323,32586164,26506069,26538738,16165898,12735048,10369857,12205757,5323109,56677806,20715828
305,000823,2017-11-13,0.006521739130434856,0.010326086956521818,0.37882226440908984,38109.0,303476.98779665364,2364,154858132,142774367,1201763,1400983,10057199,9131134,14491437,12458706,23331562,18611923,12585688,10522092,11646218,11580794,8809834,11971458,72734431,67097277
306,000825,2017-11-13,0.03065134099616862,0.026819923371647514,0.094516243298597,30797.0,299238.98457548954,3065,151551960,199139888,1934691,1311950,16177154,9669017,17537320,14225369,25884715,19280021,21240772,18989688,11707168,13352126,5812475,9182249,51257665,113129468
307,000826,2017-11-13,-0.006685236768802283,-0.007520891364902416,0.7555220139231663,39204.0,334086.74523222726,2259,152971455,132167240,688784,669122,13683647,14661498,11181054,13304787,18081070,15613152,13266551,10029583,7893721,9256203,8351081,5980214,79825547,62652681
308,000828,2017-11-13,-0.029268292682926966,-0.008943089430894391,0.4030044135310321,12200.0,94092.41286198421,931,24185890,10983663,1359047,668001,4728519,2605516,3427093,2354718,3273368,1921496,3397656,1712712,1385130,1721220,1408918,0,5206159,0
309,000829,2017-11-13,-0.0038647342995168366,0.0009661835748790981,0.3616289803753487,10460.0,58466.09888864091,819,13180749,11011109,762993,395414,3729352,3709956,3042150,2002725,2084795,2250240,1086553,1205726,1262109,0,0,824083,1212797,622965
310,000830,2017-11-13,0.0631753948462177,0.049044056525353374,0.20596909940819638,112112.0,1008244.5857298063,3425,564005997,552096351,677331,797065,9765788,10889298,15928010,19504417,38379618,39476081,34105033,34109031,33582117,35073738,22118957,28731949,409449143,383514772
311,000831,2017-11-13,0.028455284552845406,0.027642276422764178,0.261987119282016,22554.0,186728.1337539508,2206,64793955,92368210,1538650,1581277,10020015,10237265,10017824,11161870,12415242,15854876,5501414,9568613,6319191,3863546,5087784,4428944,13893835,35671819
312,000833,2017-11-13,-0.007978723404255317,-0.007978723404255317,0.2841400502626571,7475.0,124060.01522686261,700,14453271,7977040,826523,753982,3124831,1982305,1942634,917239,1783660,946410,498079,246926,0,357334,0,0,6277544,2772844
313,000835,2017-11-13,-0.007717750826901959,-0.011025358324145529,0.33281301689911913,11700.0,64893.898482459525,742,15313043,8473326,631719,1034406,3503654,3585947,3211142,1698130,2813173,794549,2082832,910294,1053580,0,441708,450000,1575235,0
314,000837,2017-11-13,-0.006896551724137945,-0.0027586206896551557,0.26035422792003526,13737.0,74038.08264833193,775,15356350,11444789,759232,648906,3986235,3144072,3353429,2203847,3185888,2492833,797713,1240802,347040,1040703,451532,0,2475281,673626
315,000838,2017-11-13,-0.011419249592169667,-0.011419249592169667,0.20047356613580866,6688.0,73221.8087928802,935,16413535,5777804,1237143,822440,4246915,2428016,2866651,1036304,1755759,1048292,1208813,442752,972700,0,0,0,4125554,0
316,000839,2017-11-13,-0.023323615160349864,-0.008017492711370311,0.22891169628569158,341000.0,1530882.8912034072,3599,1413464829,1375691524,86220,93178,3743800,3831762,12735284,12052906,47194476,42040343,52284145,45832843,53146791,56583065,54212575,47145772,1190061538,1168111655
317,000848,2017-11-13,-0.003809523809523707,0.005714285714285783,0.26624535570729285,13682.5,72723.2511296121,1556,30039308,25424549,986860,1608571,8668203,5657886,5253610,4140529,6265803,5502842,3615441,2756259,1370765,2017908,415910,1293900,3462716,2446654
318,000850,2017-11-13,-0.003976143141153132,-0.003976143141153132,0.2574222124559655,6000.0,36578.577493617646,381,5719780,1999309,542291,306724,1682954,1028700,1331649,441752,1305194,222133,555488,0,302204,0,0,0,0,0
319,000851,2017-11-13,-0.002929687499999889,-0.003906250000000111,0.34369258380088347,15299.0,131637.16241978604,888,23903503,17961799,639596,560008,4582598,3689278,2706730,2353790,3483514,4070920,2836553,1670679,627216,2273934,914528,454028,8112768,2889162
320,000852,2017-11-13,-0.010543390105433925,-0.012976480129764822,0.27158073771119007,18352.5,82546.23855585752,2062,51723343,37686628,1779440,1381252,12028096,9259373,11783686,7382902,9900944,10040110,4798612,3283541,2215941,2660055,3151537,1744811,6065087,1934584
321,000856,2017-11-13,-0.005919854280510117,0.004553734061930603,0.4804967307031204,26256.0,115515.39546127853,2090,71327894,57423946,1141529,1201091,12165913,9860536,11925169,10434280,15329275,13649020,7842645,7443812,5663853,4085379,1793831,1806451,15465679,8943377
322,000858,2017-11-13,-0.002412221924417146,0.0,1.2531613198859028,187149.5,819542.296241298,3546,684660051,738621077,244704,170516,5546367,5965912,16768238,22233212,44024899,59822229,46918287,49219569,37174575,43092884,45628657,42734665,488354324,515382090
323,000859,2017-11-13,-0.004166666666666541,-0.006250000000000089,0.22737174375868732,10472.0,43768.42951622547,445,7723916,4473298,492975,394256,1982890,2016804,1700119,808027,2487785,1014711,680147,239500,380000,0,0,0,0,0
324,000860,2017-11-13,0.005943536404160454,-0.003962357602773747,0.4740554123195652,10050.0,121891.345474124,1814,42154832,35277376,708646,2427930,6286787,7736604,4829263,6295683,6657055,3867978,6512820,2583162,3423329,2079014,3600723,2588552,10136209,7698453
325,000861,2017-11-13,-0.008474576271186529,-0.008474576271186529,0.1562703972528264,7040.0,54799.32840293291,513,7183247,3057889,604167,429433,2211903,1218164,1084367,856315,1229875,0,547499,0,315900,0,417952,0,771584,553977
326,000862,2017-11-13,0.0229681978798586,0.02473498233215543,0.18541597352897796,11370.0,40437.15361140785,932,8480080,14145138,880497,722839,3547343,4866899,2449624,3531682,1358597,3386136,244019,730582,0,339000,0,0,0,568000
327,000863,2017-11-13,-0.018154311649016708,-0.015128593040847238,0.2911397373887244,6530.0,71037.40235298684,515,7377632,4820518,624369,492136,1328852,1492122,1203795,1114024,1525235,597875,0,0,1698205,0,456492,0,540684,1124361
328,000868,2017-11-13,0.02777777777777768,0.015555555555555545,0.16147366269830948,38430.0,216889.24396384988,3113,150995109,140546762,1598921,1301878,16709786,13926159,20601181,16782280,31907560,24628701,17955714,19900788,13699485,14559390,10302229,10237588,38220233,39209978
329,000869,2017-11-13,0.013457556935817738,0.005434782608695565,0.9346276325176488,23280.0,122500.98258526101,1709,54716021,49023498,1176924,1120017,8412466,9603304,8787001,8304469,12730748,9317437,7679021,3652317,3895188,4733488,2174887,885849,9859786,11406617
330,000875,2017-11-13,-0.0022172949002217113,-0.0022172949002217113,0.16865522543130518,7667.0,49576.072321365566,715,10391116,4632958,981175,516947,3548644,1734310,2320157,1377764,1181347,1003937,675000,0,370350,0,405443,0,909000,0
331,000876,2017-11-13,0.0,0.0038910505836575737,0.15376685189619643,21826.0,206986.30903586085,2518,100740162,89633450,1826767,1576036,13487888,11550786,12522455,11960182,14101834,14496368,5896582,8646476,6216408,7267138,8019594,5917681,38668634,28218783
332,000877,2017-11-13,0.006233303650934996,0.006233303650934996,0.24503350864981438,15820.0,91506.64875751741,2101,42627911,48800457,1414861,1473663,9158923,10286059,7993317,10662389,9047823,11578250,4106895,4611445,3092616,2450016,1831260,1359087,5982216,6379548
333,000878,2017-11-13,0.01718983557548559,0.0097159940209266,0.28664123852902323,24192.0,177013.09125010212,2180,82950878,78406750,1433879,1293443,9581536,10798468,11099810,11976212,14975844,14355750,11018504,9040624,3451608,4130049,4559453,6811097,26830244,20001107
334,000880,2017-11-13,0.026743075453677045,0.03247373447946522,0.3329344030021189,10460.0,63632.782132985,990,14755080,17133245,834828,988080,2818225,4424408,3179658,4449947,4186621,3573348,1101044,1714266,326462,374718,427569,960658,1880673,647820
335,000881,2017-11-13,-0.02708058124174373,-0.021136063408190298,0.42610231748561117,16379.0,124041.81926632993,1263,47328399,15425466,724554,1023729,6506913,5143337,8354233,3438448,9494305,3182720,2318180,1536004,1612554,657228,4541634,444000,13776026,0
336,000882,2017-11-13,-0.018181818181818077,-0.012121212121212088,0.10034321276213559,6540.0,90130.1728177864,1085,23007117,11089814,836073,1217235,3644186,3786654,2931713,1596868,4500466,1271485,1841859,792975,2147377,0,491999,879630,6613444,1544967
337,000883,2017-11-13,-0.008179959100204526,-0.004089979550102152,0.11282173979445542,3915.5,37860.67864143852,1882,17543438,7694327,3683697,858891,4910572,3258782,3023854,1734957,1603941,1120424,1228703,232274,1015283,0,1446892,488999,630496,0
338,000885,2017-11-13,0.010055865921787754,0.011173184357541999,0.43471817728970524,18050.0,55843.70115086723,1695,31291054,30078026,1253483,1605068,8662321,9295553,7294426,7557727,8959759,7851445,2564043,1745435,731405,688128,1283817,831638,541800,503032
339,000886,2017-11-13,-0.011494252873563204,-0.003831417624521105,0.19866479483329405,23520.0,147597.44639267717,1555,49947102,51833388,886468,1089665,8866228,6221906,7517613,7057538,8823823,9360730,4905358,6762136,5862127,6649043,1810027,1776274,11275458,12916096
340,000887,2017-11-13,-0.009197751660705134,-0.01073071027082273,0.5016834595020703,19560.0,194368.65969047853,1522,71609443,44419039,1649012,691332,7033705,5590175,7442978,5539576,10764224,9454649,6410107,3185793,10865580,4006453,3476686,3469491,23967151,12481570
341,000888,2017-11-13,0.0,-0.0019212295869356355,0.442337389019978,8296.0,47176.16525447747,553,8462216,4736442,428870,428858,1629003,1540213,2398522,1238836,1357932,1528535,1122988,0,1080053,0,444848,0,0,0
342,000889,2017-11-13,-0.01126972201352372,-0.01577761081893314,0.4182405589527495,11781.0,106615.69678549957,1013,24771841,12717885,1115996,956416,4403368,3686362,2921199,2387387,4165584,1426525,1867355,2001446,1170600,1085507,0,0,9127739,1174242
343,000890,2017-11-13,-0.012587412587412694,0.0,0.32186324702876973,8496.0,97797.24804940094,493,6022049,12519061,360592,476834,1777468,1682725,1463034,1266845,1062856,1352732,974741,2527112,383358,1441441,0,455879,0,3315493
344,000892,2017-11-13,-0.008695652173913104,0.0,0.29966051378486225,11955.0,58730.772567289045,721,11994705,10851037,633655,780462,3470287,2917545,2438017,2209388,3129287,2173895,1111757,240899,741302,649580,470400,1355865,0,523403
345,000893,2017-11-13,-0.02130177514792897,-0.015384615384615219,0.3049501894663382,9996.0,61730.516092945385,768,13704101,7535028,792074,647101,3734918,2657985,3012824,1272590,2537074,1496107,774886,961445,374245,0,0,499800,2478080,0
346,000895,2017-11-13,-0.031808434596140134,-0.022873481057898548,0.47625341819126876,53010.0,286652.81313965126,3459,257551012,173829249,1081841,518297,20576220,14245859,28166060,18767864,46883433,29275271,30466139,19606925,26346784,14189931,17013004,9013752,87017531,68211350
347,000897,2017-11-13,0.0,0.0,0.14723354784926215,5291.0,57199.52448977431,757,8703244,5993735,948529,760674,2632245,1681142,1804573,1036466,742097,667522,452595,830431,334125,0,817080,407000,972000,610500
348,000898,2017-11-13,0.03196347031963476,0.028919330289193246,0.1347605132426134,26560.0,333038.78966220526,2383,93225586,201937266,1385628,1849158,7040706,8615616,17479797,10881145,18433261,16830333,9757175,11660413,8863016,12689457,5445753,12215849,24820250,127195295
349,000899,2017-11-13,-0.011922503725782407,-0.01341281669150518,0.3153395534793662,7962.0,81620.81622325048,452,7511811,2914837,536123,395289,2093789,1073090,826683,612317,1281399,408495,504730,0,325496,0,466511,425646,1477080,0
350,000901,2017-11-13,-0.023646071700991533,-0.010678871090770259,0.7445431333155424,25930.0,151296.86604886613,1240,43960205,17894656,561786,791135,8947216,5487093,5399215,3610958,6442287,3487972,2971958,1960934,398871,650000,1745623,940124,17493249,966440
351,000902,2017-11-13,-0.023414634146341484,-0.022439024390243922,0.3124139424258006,10000.0,130027.90011018826,1078,22502577,22280458,877480,551943,2662959,3657006,3551989,1821230,3493570,8797062,2741824,2334312,690731,1299163,1795257,1825671,6688767,1994071
352,000903,2017-11-13,0.010309278350515427,0.005154639175257714,0.1157395404091663,13297.5,98413.17298737129,1126,28089926,21193629,940492,765846,6136956,4470113,4657425,2714872,4270430,4177149,2930398,1812580,2947207,2891291,1417048,413952,4789970,3947826
353,000905,2017-11-13,-0.010447761194029903,-0.003731343283582156,0.34098253237258114,21536.0,93218.3304882251,1544,42197501,39646871,1017814,1206245,8178485,7168012,8523394,6507499,10227130,10357420,5406785,4287305,3004268,3162483,2305683,1850145,3533942,5107762
354,000908,2017-11-13,-0.0029197080291970545,0.0,0.29163766022228904,6880.0,54209.90759820322,551,6745715,6049825,726268,532947,1723226,1902322,1185359,1171291,1214080,749189,455982,917756,343000,368530,479500,407790,618300,0
355,000909,2017-11-13,-0.018385291766586764,-0.01758593125499608,0.47881272352772547,12400.0,70013.3810987781,682,14437887,7639707,551451,650655,3389053,3235971,2633073,1314185,3877925,843622,526910,485002,1374975,1110272,916000,0,1168500,0
356,000910,2017-11-13,-0.044618395303326785,-0.049706457925635994,0.5101635362291757,39392.0,174000.30353029145,2534,142630865,56223368,930051,987287,26137332,7119979,23940432,8637061,36174004,11413394,12512441,7214067,3799471,3205915,3192840,5769988,35944294,11875677
357,000911,2017-11-13,-0.013358778625954248,-0.013358778625954248,0.33762590672006815,9315.0,72667.93139812155,963,14676090,6834231,1161393,786117,4064105,2895218,2697006,1424892,2179061,1216761,415562,210105,1321297,301138,433139,0,2404527,0
358,000912,2017-11-13,-0.026151930261519185,-0.018679950186799466,0.20751364982308237,11488.0,50683.499697206156,1498,26591034,17619369,1544551,1535105,7426086,5647699,5667659,4293292,5254182,3569050,3338021,1537472,2939209,1036751,421326,0,0,0
359,000913,2017-11-13,0.04392236976506658,0.003575076608784533,0.7199772076327081,17545.5,125870.37638419506,740,14681412,18671742,773586,728443,3437347,3678827,3187779,2466997,2540951,3212792,1780175,1495392,1053389,1394744,0,971883,1908185,4722664
360,000915,2017-11-13,-0.013214593507612782,-0.01809824762999146,0.7756371389801349,34260.0,230612.9701281008,2014,118534333,71493610,633349,1008668,14981084,10455397,9992384,9407594,16323852,12157080,10059798,6725067,8763171,4069699,4802052,1269846,52978643,26400259
361,000917,2017-11-13,-0.00877192982456132,0.002631578947368318,0.20553055653501465,58853.0,390608.5021042118,3081,270857512,278924360,1072179,1021171,13295356,11058906,15371265,15094311,36450860,30510848,29951482,28061165,22732557,24800939,21844851,15232014,130138962,153145006
362,000918,2017-11-13,-0.00417246175243402,-0.002781641168289384,0.20372265959160582,14839.0,90347.8889209942,1246,34379573,20486361,1086972,882792,6600269,4828468,5949999,4516122,5931352,5233676,3211676,2656660,2872382,1331875,1783589,452512,6943334,584256
363,000919,2017-11-13,-0.0029940119760478723,-0.001996007984031878,0.4771838012394063,12000.0,76053.61032432075,440,10031772,5956185,361716,419222,2093767,2180211,2000250,603203,2089392,1135695,955555,224775,397847,330870,412174,404209,1721071,658000
364,000920,2017-11-13,-0.0043630017452007674,-0.006980802792321161,0.4451442856790361,11952.0,69948.86855508287,662,14288187,7871161,574661,351546,3816457,2586100,2824060,996665,2205184,2317184,2425460,1267506,340500,352160,454734,0,1647131,0
365,000921,2017-11-13,-0.009316770186335588,-0.014285714285714457,0.31440536084162257,33579.0,143292.40536059506,2624,114535387,82953288,1397738,1405425,11460507,13807194,20337362,14340013,28550676,18872881,10116643,7778033,10889713,6087503,4836769,5436570,26945979,15225669
366,000922,2017-11-13,0.001179245283018826,0.00589622641509413,0.28725503775913086,13728.0,56537.164930964056,871,15381468,13006198,843943,853047,4179310,4803636,3617915,3008045,3147748,2034570,1656026,1183140,1423373,344000,0,0,513153,779760
367,000923,2017-11-13,-0.01081916537867067,-0.0061823802163832875,0.8210713277205162,12795.0,57297.95143105239,993,13753675,13795046,682362,977600,4831544,4056007,3133853,2942171,2523153,1655559,1219023,953152,721740,1478242,0,0,642000,1732315
368,000925,2017-11-13,-0.021410579345088276,-0.016372795969773368,0.49614346107664886,6272.0,70538.2508034681,1024,19502286,7472203,1748159,764246,3605379,2274505,4421383,1954262,2165483,649684,1064645,473841,2399592,364645,468000,440820,3629645,550200
369,000928,2017-11-13,0.007032348804500765,0.0014064697609001975,0.21380764917480985,14120.0,74416.67874678013,1106,22022364,18364772,782225,1048187,6655567,4161897,2694080,3944375,4377265,2736107,1590962,1660012,3232430,2812500,1349872,0,1339963,2001694
370,000929,2017-11-13,0.0032025620496396456,0.006405124099279513,0.6246536839907456,10080.0,68904.90149726122,399,5528810,4706241,374713,332531,1979813,1486332,750118,864078,633245,1071238,664289,285566,0,666496,0,0,1126632,0
371,000931,2017-11-13,-0.002777777777777879,-0.004166666666666652,0.24691798814985577,9366.5,51656.77254127513,850,13224617,8118769,849907,828456,3468602,3452082,2176732,1469216,2594722,1498907,2115818,0,1395612,0,0,870108,623224,0
372,000932,2017-11-13,0.04784688995215314,0.04784688995215314,0.15501365434082984,33920.0,498761.83399772254,2918,193311108,180010696,1894153,1221885,12404649,9404752,18417547,13127082,30106610,23378423,17484773,16153313,11248941,10590141,7873789,12344814,93880646,93790286
373,000933,2017-11-13,0.03410341034103426,0.01980198019801982,0.1668177655439275,32868.0,339523.26055508724,2976,178171872,179225891,1471365,1446035,12877455,12064772,15497973,13339234,30157801,23388938,15038128,19851208,15589077,13329899,15580562,9837667,71959511,85968138
374,000935,2017-11-13,-0.01970692268822638,-0.01920161697827183,0.3739932792423609,29145.0,126226.43740150056,2801,100103608,84462242,1422966,2128324,13019336,15525540,17589723,15153079,22971834,18923467,12274972,11580617,7029952,5194934,4485833,3096520,21308992,12859761
375,000936,2017-11-13,0.007440476190476275,0.011904761904761862,0.15052288862495297,14755.5,321266.0611544223,2000,61855494,81792792,1643560,1754107,7770590,9254358,6048396,7710355,8763722,9807707,8136217,4604926,4244990,5174004,5360661,1867136,19887358,41620199
376,000937,2017-11-13,0.006568144499178974,0.006568144499178974,0.14287482677952515,8930.0,121200.38259747386,1820,31514248,32992962,2070062,1479093,6253034,7356029,6245111,5163635,4692917,5225229,2625389,1715173,2712994,686764,899684,901976,6015057,10465063
377,000938,2017-11-13,0.050520059435364084,0.04368499257057956,1.2389872305694891,77330.0,368541.0373764554,2953,238930674,310728873,728537,865483,10432460,11410660,17328014,18333782,33590777,36225653,24622802,34229589,25943762,30538622,19654934,14809715,106629388,164315369
378,000939,2017-11-13,-0.016393442622950838,-0.016393442622950838,0.15799686638005184,7245.0,169281.85827732531,955,22452369,10619197,1030021,869019,3660928,3153745,3748000,2012854,2817063,2048169,3306602,1162623,339500,0,903065,846077,6647190,526710
379,000948,2017-11-13,-0.0017241379310344307,-0.006896551724137945,0.48198243789156403,4632.0,65360.856552503916,579,9143257,3870613,602627,472390,2191120,1139752,1503467,1135236,1191923,427535,504392,0,1065250,695700,467428,0,1617050,0
380,000949,2017-11-13,-0.014184397163120699,-0.01654846335697402,0.18016322694687703,8320.0,67125.47187057616,551,10445404,2913599,893071,481652,2477664,1476711,1440453,955236,2110665,0,853444,0,357730,0,0,0,2312377,0
381,000951,2017-11-13,-0.0012158054711245425,-0.009726443768997006,0.33962856936433483,17897.0,94152.08233885176,2348,63588176,36495203,2210233,1258395,16014776,9261473,8358320,7663536,11448458,6368040,7965031,3955057,4307581,2294430,3417192,1869956,9866585,3824316
382,000952,2017-11-13,-0.0013764624913971124,0.0034411562284928365,0.5240641557473595,14630.0,97509.0170553462,768,16869033,14848503,474112,872457,3288376,3701908,2624125,2076704,4484348,3441543,2274964,1735092,303876,1011508,493480,0,2925752,2009291
383,000955,2017-11-13,-0.02583586626139811,-0.027355623100303927,0.25887884739258554,16783.0,110469.5686824727,646,18880996,9385158,426811,625765,3421217,2571271,3309357,1409774,5059996,3731296,1832813,697580,925819,349472,428340,0,3476643,0
384,000957,2017-11-13,-0.01670644391408116,-0.007955449482895727,0.2997612248437043,17696.0,101538.52309904284,1759,49350579,38309558,1157012,1322465,8540508,8203862,8948926,6346920,8664102,8755175,6505775,4047555,3754669,2430318,3501581,1373441,8278006,5829822
385,000958,2017-11-13,-0.0030487804878047697,-0.004573170731707266,0.1778741504482251,13080.0,88657.74269145074,1361,31708764,16730864,1234009,1311613,7163151,5025860,5870213,3852920,6361491,2776400,2304617,1005849,1681158,718396,1738403,481998,5355722,1557828
386,000959,2017-11-13,0.012618296529968376,0.007886435331230235,0.13020064290981137,7596.0,49224.96087051437,2382,22059019,27239888,1498353,3037709,11551127,8196310,3616693,3381702,3520839,4065842,908760,1439588,322695,2732965,0,1798605,640552,2587167
387,000960,2017-11-13,0.009971509971510084,0.0035612535612536966,0.30895117129276567,28140.0,194751.8322556837,2066,99991875,76389765,1194187,1294772,7589579,12041949,9665938,11655021,18804471,13772688,14750631,9275293,10471042,6308498,6233568,3214331,31282459,18827213
388,000961,2017-11-13,-0.0016474464579901982,0.0049423393739702615,0.1576574767347165,6710.0,89325.67869862074,1484,23957438,23498057,914356,2840985,4375715,4814565,2685492,2868420,3559563,2942035,2361774,2441520,2666005,1768392,2324439,851222,5070094,4970918
389,000962,2017-11-13,0.015642458100558754,0.02011173184357551,0.24694489812512016,14552.0,55967.000371830174,1314,21022251,22172501,1133926,1381232,6688719,6056018,5361582,5492850,4543364,4345886,1770324,1806088,0,1446053,903867,455039,620469,1189335
390,000963,2017-11-13,-0.01059360730593606,-0.005479452054794498,1.0943109181908814,38402.0,195020.98676275977,2505,105020755,132654460,622924,667398,13187723,17958149,10140014,18409966,18467111,25398442,13897613,12493061,10616961,10454711,4527250,6263423,33561159,41009310
391,000965,2017-11-13,-0.009615384615384692,-0.009615384615384692,0.20298404754455748,8652.0,55514.93851685847,945,15730551,8799900,1261972,1023198,3903415,2624915,3165359,1872932,3359657,1600838,1153385,1058017,1703183,0,425940,0,757640,620000
392,000966,2017-11-13,-0.008676789587852451,-0.008676789587852451,0.21644629547670152,7769.0,31333.939602913935,453,5066081,3218065,478174,460197,2182026,1096990,1142883,883210,807848,548668,455150,229000,0,0,0,0,0,0
393,000967,2017-11-13,0.024654832347140054,0.018737672583826415,0.2756334049343089,16416.0,183744.3060557436,1354,33342463,43752803,968958,812397,5145989,5743996,5012447,6803836,7121840,9321159,6389036,3391196,2709286,2377642,1357818,450054,4637089,14852523
394,000968,2017-11-13,-0.029585798816568087,-0.017094017094017144,0.4220146246161857,19558.5,125872.81705783513,1302,33299512,24665724,713886,942785,10506415,6968166,3628758,4680856,2581758,3826147,889932,1450857,0,942035,909265,2194558,14069498,3660320
395,000969,2017-11-13,0.002022244691607611,-0.0010111223458038054,0.27988566514535074,11676.0,74478.60371982795,1249,22836763,22483529,1251369,989472,5532284,4923399,4005306,3988444,4625667,5820270,3286044,2900425,1730753,1359593,1866718,453740,538622,2048186
396,000970,2017-11-13,0.027440970006381793,0.014039566049776742,0.2839567759104731,54050.0,279600.0328176303,3048,222507198,212711539,1016668,1424375,13457922,12441047,19196293,17672199,36147160,34552291,22837366,21934588,18377333,18139635,12649710,16164663,98824746,90382741
