,code,date,pchange_whole,pchange,change_std,amount_median,amount_std,length,sumsell,sumbuy,sell_vol_0,buy_vol_0,sell_vol_1,buy_vol_1,sell_vol_2,buy_vol_2,sell_vol_3,buy_vol_3,sell_vol_4,buy_vol_4,sell_vol_5,buy_vol_5,sell_vol_6,buy_vol_6,sell_vol_7,buy_vol_7
0,000001,2018-01-24,-0.0013642564802182067,0.006139154160982319,0.24534200019545271,328240.0,1554068.8248082087,3577,1414422536,1530649084,188294,163092,4590995,4095835,13521022,11395311,38014163,34942547,47146232,51181598,47103949,57201930,54906674,47461637,1208951207,1324207134
1,000002,2018-01-24,0.010565110565110558,-0.0007371007371007599,0.6831297827414544,241546.0,785265.2017702584,3553,823220193,836133918,221338,258258,6575589,5594432,15236391,14724356,40852388,44920717,51355981,49947228,41187175,49702087,49527213,53112490,618264118,617874350
2,000004,2018-01-24,0.017980636237897585,0.023513139695712226,0.9039385194142949,13134.0,151489.50630317378,575,7519915,13198124,561607,419586,2748229,3158519,750881,2231869,898270,1167824,0,848063,332928,356208,0,1322499,2228000,3693556
3,000005,2018-01-24,0.0,-0.0071428571428572285,0.19966011049371984,4195.0,41749.52636505907,442,4750552,2907560,529337,491466,1910681,858765,533123,442783,1005401,273730,772010,0,0,398888,0,441928,0,0
4,000008,2018-01-24,0.0,-0.004807692307692402,0.296480169629548,8280.0,82222.64335791396,787,13215917,12818556,799052,999073,2886402,2090047,2758782,1330050,2616236,2326132,761835,1934522,1075686,1443701,878360,499800,1439564,2195231
5,000009,2018-01-24,-0.0058651026392961825,-0.0058651026392961825,0.15959682033719588,13500.0,157140.9058592914,1828,50422869,43124302,1264338,2259714,6740068,8328353,8199304,7009499,5636946,6181463,3765535,5368409,1729634,3532568,3142769,2722228,19944275,7722068
6,000010,2018-01-24,0.0037664783427495685,0.0,0.17088404738538582,6883.5,82548.09685915108,966,16390849,8756556,821175,983549,3434407,3156444,2855641,1706094,2721550,1581450,976670,530674,780187,383720,1775416,414625,3025803,0
7,000011,2018-01-24,-0.003917179630665957,-0.00559597090095143,0.4476817529741052,17760.0,99592.41227091574,1596,40117928,28705799,1022240,1310586,8897604,8016504,6607531,5094377,10326100,5332742,3910460,2123196,4373379,1971750,1347387,866410,3633227,3990234
8,000012,2018-01-24,0.00330760749724357,-0.006615214994487362,0.19320119061015284,26100.0,192910.53021180557,2206,119737690,73577092,1381888,1841729,9213369,11564339,11515471,11004864,20066411,12002837,13975536,9331228,8424081,4773835,8874688,6711735,46286246,16346525
9,000014,2018-01-24,0.006833712984054552,0.006074411541381997,0.3289749986245954,15960.0,67634.74028027857,1607,30224605,26118142,1419546,1108371,9409461,7148907,8252428,5361491,6563039,5625674,2962723,2853419,1016400,635865,0,441560,601008,2942855
10,000016,2018-01-24,0.0,-0.00974930362116988,0.15837794318095139,22242.5,213953.065342485,2060,84255050,84178254,1614746,1538188,9069803,6685615,9406345,10074259,16353861,13080575,12781483,15781337,7062399,9137916,5425381,3600267,22541032,24280097
11,000017,2018-01-24,0.004966887417218624,0.0,0.3717980496230176,6060.0,22208.280968450126,263,1971004,1952909,231743,254960,797913,907088,468031,684811,473317,106050,0,0,0,0,0,0,0,0
12,000018,2018-01-24,-0.004784688995215225,-0.0031897926634768536,0.2062660844235937,10032.0,74706.30358462271,924,15617743,19554371,744505,786314,4298543,3009407,2346335,2140383,3029393,4307959,1818280,5894847,2315728,2229492,415584,463125,649375,722844
13,000020,2018-01-24,-0.005586592178770999,-0.0027932960893854997,0.7319599705083456,9891.0,39828.90228755805,382,3881855,4248480,393962,440901,1698815,1379047,788617,486917,1000461,1044140,0,213150,0,684325,0,0,0,0
14,000021,2018-01-24,0.02289281997918846,0.02289281997918846,0.174308403389067,43380.0,201079.14264809072,3043,139103443,189105314,1635164,1544170,13061980,14760147,17407809,21701900,26495650,32310244,17678227,21717645,14658502,13429909,9071251,14665601,39094860,68975698
15,000023,2018-01-24,0.0050000000000001155,0.006000000000000005,0.9965467726913925,9997.5,38855.53426937666,402,3772840,4599056,250878,475374,1523567,1749415,971770,843235,607952,824272,418673,242160,0,0,0,464600,0,0
16,000025,2018-01-24,-0.0033915992695016106,-0.005478737281502721,1.108100533892392,15170.0,58965.39195016385,1196,20054142,18713686,795150,1414230,5241165,6675842,4441969,3358909,5193692,3384338,2386107,1438440,718928,1759727,436195,0,840936,682200
17,000026,2018-01-24,0.007476635514018781,0.009345794392523477,0.520921313756979,10720.0,44841.326387001536,421,5233171,5533697,366705,396790,1888178,1501573,1187152,874399,1288708,1371446,502428,659220,0,730269,0,0,0,0
18,000027,2018-01-24,0.004870129870129913,0.004870129870129913,0.16817174182942576,6190.0,89272.38600531542,1343,17517215,21137687,1518337,1415858,4472877,4160591,2447864,2693345,2394092,2481983,1504472,1745566,397290,2096285,919890,461900,3862393,6082159
19,000028,2018-01-24,-0.011940773762139756,-0.011144722177997224,1.8817708772266433,24744.0,83539.84014298135,1115,26590470,21456404,443950,1417604,6702531,8606487,4065749,3999887,3548013,2906083,2727334,2003609,3413841,367098,1788531,884021,3900521,1271615
20,000030,2018-01-24,-0.00121212121212122,-0.002424242424242329,0.31039123865113555,11903.5,47744.36523288203,706,9915974,10087840,597606,599687,2670888,4012205,1584691,2016269,2704191,2465476,1171300,994203,308320,0,878978,0,0,0
21,000032,2018-01-24,0.039957939011566745,0.04311251314405884,0.29534212574460234,12447.5,94477.51760298898,1038,18185258,24229715,908840,1082017,3684220,4586057,3061167,3776790,3749708,4652191,2357123,2669688,2031401,2459566,899976,937154,1492823,4066252
22,000036,2018-01-24,-0.011741682974559797,-0.011741682974559797,0.2095471774934995,30660.0,189097.97220542017,2381,120752289,92368549,1053297,905148,10430423,11300369,13846466,12233319,21948057,18404101,14886125,11989182,10983201,9870345,9288246,4391527,38316474,23274558
23,000037,2018-01-24,-0.0029673590504452063,-0.004451038575667643,0.33942181965986307,5344.0,35717.51127044408,394,3647290,3246318,226561,422182,1140432,1573868,928155,501722,928597,481079,0,267467,0,0,423545,0,0,0
24,000038,2018-01-24,0.016161616161616266,0.016161616161616266,0.549528670785078,16072.0,66912.88989106666,1298,21058865,24203297,960456,1043181,6252255,6911311,4605070,6250669,4756742,4190102,1927849,2520393,341380,1035296,429194,405216,1785919,1847129
25,000039,2018-01-24,-0.016064257028112428,-0.017849174475680463,0.4428565695376284,37468.0,271872.8032927969,2562,173827347,116182822,1174062,1044236,10679455,13438512,12580324,16037086,21888833,20413537,19744509,17137446,14393212,10557143,12533790,8380513,80833162,29174349
26,000040,2018-01-24,-0.011406844106463865,-0.006083650190114032,0.5083895225717444,10452.0,103168.56038813679,670,16244591,7246231,341839,578543,2250152,1958499,2863572,1084721,2228984,872650,1217233,943592,1499466,353926,875917,0,4967428,1454300
27,000042,2018-01-24,-0.0017615971814445297,-0.004697592483852153,0.704713270732049,10209.0,72340.605220973,584,9859879,4271192,427710,553926,2752725,2179910,1090902,1120992,2073999,416364,508716,0,399345,0,0,0,2606482,0
28,000043,2018-01-24,0.0029325513196480912,-0.0029325513196482023,0.3834549540013007,13273.0,210225.18702765778,713,17737236,22642359,395438,551278,2685045,3327439,1628378,2495606,4702786,2485737,1863294,708956,1960020,1619948,892626,986013,3609649,10467382
29,000045,2018-01-24,0.007268951194184581,0.0031152647975076775,0.40201010108982554,10571.0,46400.336104729824,573,7975938,5998053,700742,783136,2591219,2623965,2255527,1708998,765451,881954,207260,0,671419,0,0,0,784320,0
30,000048,2018-01-24,0.018226600985221664,0.006896551724137945,1.5718015354277768,10115.0,32752.39976867429,166,1622820,1456219,170926,79346,610777,396055,508676,315860,332441,460958,0,204000,0,0,0,0,0,0
31,000049,2018-01-24,0.005957216355266581,0.005144868670457603,0.8578672452660612,21942.0,98414.78455182002,1853,38965880,51568201,934034,1679099,7965620,10241461,9043527,10164235,8096915,12375193,3357357,7448514,765358,2587174,814967,813710,7988102,6258815
32,000050,2018-01-24,0.04028925619834722,0.0346074380165291,0.34584254835460104,56168.0,329929.02313247055,3136,200511536,251589172,1061946,1320089,13521702,13966548,20857919,22227165,29685698,35929659,24021518,25696960,19513712,19605886,16409377,14579736,75439664,118263129
33,000055,2018-01-24,0.0239043824701195,0.025232403718459473,0.13470862501555694,44720.0,683857.6141976467,3142,248358762,283976274,1438901,1472269,11449700,14050096,14205058,19528596,27744792,29670944,18579179,23228289,17212375,21564956,11642965,17244487,146085792,157216637
34,000058,2018-01-24,0.0013280212483399723,-0.0013280212483400833,0.2362263614751489,10598.0,61065.27620090388,1016,17216596,11170809,846666,1099778,5122356,3928452,3547285,2550674,3511815,1899103,1181556,515428,1049586,378750,407584,0,1549748,798624
35,000059,2018-01-24,0.0066539923954371805,0.0,0.2306177688856241,31530.0,179031.9383770276,2082,101485107,90531936,1152173,964388,9909269,7894662,9582727,11377432,16800192,18758288,12002372,8112804,10423620,10938769,8769578,5761694,32845176,26723899
36,000060,2018-01-24,-0.014592274678111528,-0.015450643776824036,0.20449293734292495,81863.0,680439.0491515374,3249,396278295,365565687,525925,759522,9742179,14717267,16627002,23186665,33419181,45176394,31613017,32561327,27862015,30761521,20251618,20859094,256237358,197543897
37,000061,2018-01-24,-0.00496894409937898,-0.002484472049689601,0.2669634567815537,7970.0,84102.4149366151,909,19086442,12492130,795184,1006466,3462797,2555813,2989761,2292668,3335185,2139779,2232377,1089538,2504073,1397977,918887,401999,2848178,1607890
38,000062,2018-01-24,0.020346320346320335,0.016883116883116722,0.6232237135854495,11862.5,99109.47931386641,1374,24589420,34502510,801973,1502111,6318294,5519227,3743067,4631560,6005026,6736984,1465545,3781004,1701451,1388167,1301654,3565257,3252410,7378200
39,000063,2018-01-24,0.024612831858407125,0.00027654867256643456,0.6051216279203772,295856.0,1117587.0623053694,3572,1204894187,888831562,83829,115742,3732332,4146097,12851070,12250637,43517911,41981832,62031869,50505825,51129285,55891970,55819898,60259123,975727993,663680336
40,000065,2018-01-24,0.015695067264574147,0.011771300448430555,0.4740440972484395,16253.0,79231.40874311916,1416,23741727,29701712,680940,1809455,5803731,6900377,6366131,6521656,6842449,5134929,1577227,2362007,636324,2116855,844925,485545,990000,4370888
41,000066,2018-01-24,0.01849217638691325,0.01564722617354186,0.14527036818096029,22336.0,151892.96112875376,2345,69330555,98978052,1906871,1756432,10420696,12058961,11611918,12249489,12343851,14050675,8794168,10964750,6620279,8213059,2743283,5894278,14889489,33790408
42,000068,2018-01-24,0.007532956685499137,0.0018832391713747842,0.22376374128412285,5290.0,54024.53269623724,563,5869778,6029122,341698,564315,1743410,1521459,922765,916788,1439264,847462,445639,946297,394002,645401,0,0,583000,587400
43,000069,2018-01-24,0.0038572806171650598,0.012536162005786,0.18095190904682762,87731.0,603280.8189396443,3295,398245377,428626970,834308,860543,9533020,11475517,14666264,19942036,32105743,44477038,27459218,44104043,27585503,39907053,21168698,30179472,264892623,237681268
44,000070,2018-01-24,0.009221311475409832,0.008196721311475308,0.2933159845407548,13776.0,58866.54731809587,1107,19133737,16897111,1153590,1221074,5460907,5117695,4809094,3155569,3607393,3840870,1293885,1936553,1380345,655344,0,429678,1428523,540328
45,000078,2018-01-24,0.0016501650165017256,-0.004950495049504844,0.13591510191212536,20519.0,177520.79852188478,1992,75127859,70330695,1011695,1783961,5778803,7392386,6785335,8145482,34988585,12531685,5336695,7645402,4055607,4650208,2253757,5990346,14917382,22191225
46,000088,2018-01-24,0.0036275695284160303,0.0012091898428052694,0.2652110477767202,14930.5,88478.43128418332,972,27298072,15850396,1234251,726212,4900591,3737758,4600815,2941172,3331265,3472064,4278720,1302813,4772823,2731149,495040,939228,3684567,0
47,000089,2018-01-24,0.04022346368715102,0.03575418994413404,0.16373113191826075,38640.0,348547.58443284355,2997,158608190,168818010,2095249,683818,20030116,7469244,20661006,16807137,33664321,29971185,12745868,14802054,9731002,9742119,10761382,6831927,48919246,82510526
48,000090,2018-01-24,-0.007233273056057921,-0.012658227848101333,0.2540462572927145,10930.0,105832.4134509076,1898,49336436,25416494,2369696,1432166,7788227,6752245,6471777,5157305,6318474,4912681,5974989,2394427,4393296,2920186,3711053,1300984,12308924,546500
49,000096,2018-01-24,0.002262443438914019,-0.0037707390648565875,0.7205726184521162,11889.0,40579.287172535725,338,4011931,4308597,387203,268299,1922740,944689,540849,1109199,806059,1503950,0,482460,355080,0,0,0,0,0
50,000099,2018-01-24,0.010729613733905463,0.005364806866952732,0.31811392860776905,7516.0,45393.52349910762,858,9117171,8832188,671007,1250681,2546573,3530722,1975591,1836376,1098728,1569316,798656,645093,1372116,0,0,0,654500,0
51,000100,2018-01-24,-0.005221932114882533,-0.013054830287206332,0.06649415821265052,41934.0,511085.6047914507,3350,297530858,267868750,1314871,1664285,12763237,15393895,19298441,18878356,28552087,37895005,21423987,23714995,15612017,19182190,13996355,14917650,184569863,136222374
52,000150,2018-01-24,0.010465901417960888,0.008777852802160702,1.6855320674732617,13418.5,86705.61728315806,308,5987952,4678265,402350,149035,1231744,1541401,639954,1533578,662328,1004156,235420,450095,0,0,0,0,2816156,0
53,000151,2018-01-24,0.005417956656346812,-0.001547987616099089,0.41159027460547537,13000.0,72095.69769078321,985,17906131,16816185,811043,729321,5452672,3960800,3807974,3628954,3064547,3537323,2717077,1461744,718020,722855,481558,443350,853240,2331838
54,000153,2018-01-24,0.020757020757020683,0.012210012210012167,0.36024892814824194,9053.0,32255.743480800465,516,4597751,6612217,600717,673006,1870836,2857053,1244449,1914172,224009,878085,657740,289901,0,0,0,0,0,0
55,000155,2018-01-24,-0.015898251192368762,-0.0031796502384738856,0.12095456652827538,32760.0,248015.24698785733,2713,143113596,140250767,1324903,1854826,11055781,11561760,14835980,15253742,21123290,25092418,13794180,16984273,12059254,14090475,10759157,7599302,58161051,47813971
56,000157,2018-01-24,-0.004301075268817289,-0.006451612903225823,0.09747660102742571,17149.5,190699.78736432464,2284,82297019,74914121,1710629,1739342,10815040,9984051,9392380,7816094,9584002,12612869,8876004,7774229,4119269,3802807,7756857,7637538,30042838,23547191
57,000158,2018-01-24,0.021951219512195363,0.021951219512195363,0.21373076486343215,10115.5,102924.26836866027,1474,17824566,27637229,1089427,1579589,4483371,8633532,3687039,2792698,3308259,4700003,2035983,742296,1346190,0,1323783,409995,550514,8779116
58,000159,2018-01-24,0.005747126436781658,0.003831417624521105,0.24723685376754845,9342.0,65412.091118610886,445,6274262,5462531,565712,371905,1634037,1690146,766589,833014,1325456,758239,995367,0,987101,0,0,973505,0,835722
59,000166,2018-01-24,0.02333931777378817,0.016157989228007263,0.10428776531594083,34968.0,288242.94872873696,2863,170527421,195527312,1329982,1518655,10279171,11896782,15047746,13741986,27676288,25202680,18604570,19202607,19088235,18838270,10657877,15931587,67843552,89194745
60,000301,2018-01-24,0.0016835016835017313,0.0016835016835017313,0.19234673024098503,13145.0,110236.00885453864,954,24325765,17340395,729450,666613,5027275,3309386,3996686,2852723,5561316,4489799,2583706,1428322,1447535,1622210,414992,412032,4564805,2559310
61,000333,2018-01-24,-0.03173585510498489,-0.03446065074531168,1.04953622802301,199287.0,922799.3104564678,3535,837456331,734453851,138519,341865,5753044,9528998,13460067,19845632,40555593,50502521,44017330,53697276,49601826,52676869,46257046,43314841,637672906,504545849
62,000338,2018-01-24,-0.021691973969631295,-0.007592190889370909,0.1602490104163759,75364.0,493997.3078836997,3319,371246094,375478078,1007149,891973,12297654,11937454,18664486,15559040,37341179,40802202,28017502,31965988,23214266,43219462,24326202,30939454,226377656,200162505
63,000400,2018-01-24,0.00801924619085792,0.003207698476343168,0.2838343054053959,16224.0,65175.017534146216,1931,34042675,28379739,756523,1326457,16768125,6926978,3870395,4547149,5046686,6325015,3289762,4491231,1830649,1367190,828588,450720,1651947,2944999
64,000401,2018-01-24,0.00501792114695343,0.016487455197132572,0.25254549602065984,59834.5,270839.638170328,3054,190197313,167331705,995187,1232064,9162281,10186774,43150081,19738052,37904826,27278784,24312898,18226642,12839134,13871636,9182261,9623076,52650645,67174677
65,000402,2018-01-24,0.0,-0.0024610336341263084,0.2330391747491396,48067.5,261654.36364013908,2744,188543432,193527190,906348,1168384,9444759,11347067,15582718,13243044,26824902,28466635,17981462,18248489,17238131,15371871,12339898,12973169,88225214,92708531
66,000403,2018-01-24,0.0019199999999999218,0.0028799999999999937,1.699912786205034,21966.0,67384.22381669545,337,4290253,9535142,361530,192308,1183109,2437585,1084286,3060226,626828,2361147,0,200576,627600,0,406900,0,0,1283300
67,000404,2018-01-24,0.012048192771084487,0.005163511187607606,0.26093654090555646,11660.0,100688.47850210412,495,8914287,11572862,446172,509271,2225783,2224278,1655275,914474,1212128,1391277,770060,1259597,1024356,3033869,466400,0,1114113,2240096
68,000407,2018-01-24,-0.0025284450063212116,-0.007585335018963413,0.2524251980575618,9492.0,167970.65487189524,982,23179423,20886085,1025632,923594,4743862,2821982,4142424,1992803,4438956,2819331,1106347,2303069,1738437,1038361,827631,402110,5156134,8584835
69,000408,2018-01-24,-0.021701884637350233,-0.019988577955454057,0.5024640858787095,22269.0,267587.0565911141,1215,62591473,39555983,756152,946487,4408732,6404670,6126757,4123929,9173068,8321424,3330293,3717986,7195100,3493603,4134854,1310281,27466517,11237603
70,000409,2018-01-24,-0.014195583596214534,-0.014195583596214534,0.2033515517342781,8177.0,41710.77783877362,973,13882399,8459314,1025988,956081,3793677,3893101,2651613,1940682,3853636,1112405,935084,557045,1622401,0,0,0,0,0
71,000410,2018-01-24,0.014577259475218707,0.013605442176870763,0.2573527459449729,19950.0,152508.4943167289,1599,37664656,59765556,914353,1036987,7228292,7520662,5614385,8766217,7539346,8020107,5104705,8589782,2801448,3794950,1319726,5433801,7142401,16603050
72,000411,2018-01-24,-0.008767657087189518,-0.005358012664393508,1.4597833239674984,6171.0,86613.30981910066,197,2282011,2668032,116450,162174,418012,759737,670112,241950,433627,424561,0,0,643810,0,0,0,0,1079610
73,000413,2018-01-24,0.0022026431718060735,0.0,0.17230049773159375,31587.0,219497.09637150823,2780,138012575,146989553,1730538,1920466,14946624,12756025,17170794,14591757,22536037,19697579,15328476,13687741,11181462,10250848,8426069,7131318,46692575,66953819
74,000416,2018-01-24,-0.00687757909215958,-0.008253094910591452,0.3262033965811469,9717.5,56677.2505675592,496,7382681,5946458,455389,551226,2223975,1781670,1790151,1455402,1731430,310512,508968,1008496,672768,0,0,0,0,839152
75,000417,2018-01-24,0.00248447204968949,0.0,0.3085263889130221,14077.5,99703.92916180231,680,14934601,15572519,516935,589016,2801667,3748282,2354541,2872737,1709726,2837189,1398867,888166,1036431,645207,2699062,1811164,2417372,2180758
76,000418,2018-01-24,-0.017024726388325973,-0.017700310768815064,1.5865427102457106,14865.0,101588.56958185142,2182,47363358,51983044,3108686,1275067,12147875,7743365,8768218,10692188,10313766,10655238,4290844,5019055,2171444,11830585,427489,1322753,6135036,3444793
77,000419,2018-01-24,0.006482982171799101,0.008103727714748654,0.25246123575896284,12460.0,86433.40344575346,597,10909339,12732405,517378,591751,2774060,2131482,1838734,1838386,2279687,4266450,1369099,1467393,711201,956427,0,946141,1419180,534375
78,000420,2018-01-24,0.0,0.0,0.11669568688248294,3275.5,42733.69846777087,716,7041259,4728956,627297,883328,2642398,1404369,1579545,915579,609584,798720,251910,258960,708525,0,0,468000,622000,0
79,000421,2018-01-24,0.00654664484451728,0.00654664484451728,0.2695558831341131,4888.0,41434.52531301905,513,4800094,5542899,307992,490221,990066,1974111,949102,1544490,1728962,957087,501364,210450,322608,366540,0,0,0,0
80,000422,2018-01-24,-0.007263922518159882,-0.007263922518159882,0.1657595155632052,8589.0,141426.08469596252,621,15606544,6970860,601434,546808,3012156,1811887,1912175,1512915,1877298,626077,1825749,1308329,357109,647050,444583,0,5576040,517794
81,000423,2018-01-24,-0.0061484409310496035,-0.016103059581320522,1.2832848959994225,67220.0,254543.6374506419,2833,237511375,171933456,706687,1130974,10608766,13025043,17101703,17334484,40560849,33157138,28701767,21803558,26700641,15567789,16502524,16210378,96628438,53704092
82,000425,2018-01-24,0.0,-0.004192872117400381,0.08281763067107498,62356.0,452766.084004817,3338,343843806,339320708,1240634,1286760,12349253,12126242,19000386,22080290,34401347,31475013,30101734,31511393,23949820,26808869,16061645,22168990,206738987,191863151
83,000426,2018-01-24,0.002803738317757043,-0.00747663551401867,0.2209754069673412,30957.5,218159.33308600483,2350,122708654,82083108,1341437,1107914,11307136,9410820,15536164,10323253,20922238,14875724,13382420,12482155,10201395,6877661,3472681,4595507,46545183,22410074
84,000428,2018-01-24,-0.0023866348448688957,-0.0023866348448688957,0.24870732988548633,6270.0,71163.9961043622,283,4237769,3390684,252903,194917,1226525,660028,1151704,584411,825419,951594,781218,0,0,0,0,0,0,999734
85,000429,2018-01-24,0.01674641148325362,0.00837320574162681,0.22485395822993953,12615.0,93295.18805037547,1383,31267595,30805927,1706180,1023581,5653759,5614584,4101526,4424603,5296474,7403767,4204447,3822805,3668598,2008311,3523124,2222360,3113487,4285916
86,000430,2018-01-24,0.006952491309385689,0.0,0.5176307812733859,8640.0,25666.50984218637,277,2242845,2495733,265164,373708,1120061,1426390,558719,196480,298901,499155,0,0,0,0,0,0,0,0
87,000488,2018-01-24,-0.01982378854625544,-0.018171806167400995,0.33798706702257236,42720.0,472337.56096626516,2889,289321903,214763019,818207,1739079,8984381,13923092,14066869,15768610,25395758,32864919,17178783,17104494,19170803,18524888,12468862,9672550,191238240,105165387
88,000498,2018-01-24,-0.007204610951008772,-0.0057636887608069065,0.20319134017948612,6890.0,49719.93748629455,1167,14889049,10703310,744574,969278,4229605,3490767,3396682,1898051,4105901,2064020,1360862,727590,362049,334719,0,491301,689376,727584
89,000501,2018-01-24,-0.0062929061784896545,-0.010297482837528626,0.45770942827430877,20748.0,97554.03812734401,1459,37652461,31295391,661069,1088899,7345083,6530522,11786059,5541672,6505580,7476794,3118903,2086561,1008550,1089455,945120,2336670,6282097,5144818
90,000502,2018-01-24,-0.02310536044362288,-0.014787430683918634,0.5195302597724166,5415.0,44217.62387410196,433,5018017,2513901,379391,575918,1421914,1204706,571035,377916,684068,355361,765031,0,661578,0,0,0,535000,0
91,000503,2018-01-24,0.06461232604373768,0.06113320079522855,0.8310391167573316,53274.0,508767.6486109399,2350,198696292,326808151,981432,994620,9818443,8803374,9870498,10538447,19024470,18658958,20316112,16124567,15226891,12226827,13687655,26347678,109770791,233113680
92,000504,2018-01-24,0.005355776587605332,0.004590665646518888,0.9326049705837144,15618.0,107014.55179027973,785,18485173,19419829,616393,461569,3889196,3241074,2486049,3297869,3046599,3655575,2458044,1682643,1819226,1107300,1308678,878670,2860988,5095129
93,000505,2018-01-24,-0.005827505827505908,-0.005827505827505908,0.3113645344327755,8530.0,103187.03651546653,759,10141199,10251320,570193,929877,2575940,3251330,3582306,1459033,2291008,1084134,697752,211048,0,0,424000,0,0,3315898
94,000506,2018-01-24,-0.006906077348066253,-0.00966850828729282,0.35464337759606357,9386.0,97428.63254200807,416,7993679,8063049,352856,395663,1753996,1001509,917129,1320257,1381863,656699,1437647,499044,350613,373752,0,1261386,1799575,2554739
95,000507,2018-01-24,0.0060606060606061,0.004040404040403844,0.24569014130104874,17410.5,105647.49364788886,1624,44815374,33235849,1703921,1725186,8726672,6319202,7991064,5991621,7704359,6344579,3664013,2268418,4263987,2401971,1950704,3269882,8810654,4914990
96,000510,2018-01-24,0.0023809523809523725,0.0035714285714285587,0.28949111687115753,14178.0,105322.55231606834,842,12113000,32615357,776927,820005,3152095,3501539,2244198,2800651,2664506,5129438,2505656,4577241,309591,4924462,460027,4924655,0,5937366
97,000513,2018-01-24,-0.011432160804020097,0.0026381909547739113,1.4792740493370673,80100.0,505824.0044501658,2899,285552242,315669727,768665,1157051,10348683,10421421,21277376,18269580,30350765,32279106,24342336,23393615,23781476,23476016,18657101,24550790,156025840,182122148
98,000514,2018-01-24,-0.0057553956834532904,-0.0057553956834532904,0.1784471249666776,11176.0,58378.719304927574,1518,27578894,17470116,1651218,1116156,7214688,5717684,5859363,3044586,7482423,3262754,1640444,1987910,953814,1068895,1379248,0,1397696,1272131
99,000517,2018-01-24,-0.020676691729323404,-0.015037593984962405,0.09387510524153993,47320.0,333863.2277678378,3231,217736660,176157006,1465570,1209753,14376279,12677657,23696688,16813850,35232130,32786610,27552524,23902744,22016375,14864948,16514728,12166084,76882366,61735360
100,000518,2018-01-24,0.010324483775811188,0.005899705014749346,0.277338661754167,10736.0,52167.64859731019,597,6550536,8217839,440807,683407,2381817,3020375,972313,1491040,1304522,1199577,1133564,203700,317513,339500,0,0,0,1280240
101,000519,2018-01-24,-0.003325942350332567,-0.005543237250554167,0.20065775051666015,15266.0,80235.05686632177,2023,44065884,32860097,1715546,2143769,10321233,9299518,8956975,7209070,8906842,7326531,4555822,1595259,2141068,1050966,1367194,1719428,6101204,2515556
102,000520,2018-01-24,-0.007692307692307665,-0.002564102564102555,0.13880477795664087,7780.0,102286.02408339734,790,18823520,8031962,802488,879364,3085098,2570943,2279697,1660418,3273576,1353717,1157279,228532,628898,0,1335342,407788,6261142,931200
103,000521,2018-01-24,0.0019417475728153999,0.0019417475728153999,0.24701186883200724,8514.0,60351.387039914116,434,5375814,6716771,474347,375439,1343039,1817286,718239,1056399,970013,1976326,714146,738569,0,752752,491454,0,664576,0
104,000523,2018-01-24,0.0,0.0,0.44810373847271745,8039.0,51891.12887578286,321,4841469,2364777,323474,357375,1814235,858162,906991,526937,893717,123011,0,0,315186,0,0,499292,587866,0
105,000524,2018-01-24,0.004363001745200545,0.002617801047120283,0.4552407439778444,4576.0,15434.11571111839,633,2255694,3576274,381554,833865,1231824,2309592,271071,277097,371245,155720,0,0,0,0,0,0,0,0
106,000525,2018-01-24,0.0,-0.006779661016949157,0.67585965988159,23360.0,92963.83324422727,1219,37717251,23209856,857095,761543,7419042,5931928,6546684,3553441,6902343,4883218,5273344,2343777,2414592,1054222,2732493,4078523,5571658,603204
107,000526,2018-01-24,-0.00034710170079821356,-0.003471017007983246,1.6778799797876667,14367.5,70571.06447825959,294,5483545,7050256,299764,190190,1214480,1084029,812081,1843259,1394952,1592843,477614,1994935,358750,345000,400400,0,525504,0
108,000528,2018-01-24,-0.004672897196261738,-0.008177570093457986,0.16657457277918622,11076.0,103197.4294212181,2645,67205965,45564911,2096382,2104085,12323266,8905299,10768205,7304702,11680774,8773884,8467406,6070353,2722973,4722100,4868588,1407259,14278371,6277229
109,000529,2018-01-24,-0.002808988764045006,-0.0098314606741573,0.3087978583723925,9191.0,89039.65989820712,531,12336033,4385236,423372,652537,1851515,2151078,1628800,1237827,1924008,343794,634485,0,1389662,0,0,0,4484191,0
110,000531,2018-01-24,-0.035469107551487467,-0.0240274599542335,0.19449177581342325,17100.0,487813.22971729893,2024,66819436,103740429,879332,2559587,4964798,11109645,6858381,11175560,7613907,15577427,5784280,7843268,5924807,4881507,5338359,4811967,29455572,45781468
111,000532,2018-01-24,0.03463203463203457,0.05454545454545445,0.2474921920363351,27116.0,146770.36497782616,2187,75022771,83633337,1410191,957256,10617985,9447282,11001436,10724110,17531684,15054264,10409801,10307430,8782112,8402802,3996315,8405593,11273247,20334600
112,000533,2018-01-24,0.013756613756613856,0.00846560846560851,0.26835369203980247,10307.0,177281.71899221867,1243,27021149,38572258,1356400,1169438,5655621,3443837,5058700,2786134,3429103,2409016,3703130,3379463,2418384,1670513,920718,0,4479093,23713857
113,000534,2018-01-24,0.0031249999999998224,-0.03125,0.5808241018261862,6290.0,81922.51252410893,485,10766822,4328614,284503,577597,1449375,1455427,1420574,603211,2436751,776909,2310649,0,0,376852,424520,0,2440450,538618
114,000536,2018-01-24,0.004228329809724984,0.010570824524312794,0.14546647525869083,8490.5,164784.23903650345,1058,17165127,25259765,1119498,1037096,3672283,3439210,2568625,2774583,2696101,3111963,1019567,2630456,0,1079157,909920,990546,5179133,10196754
115,000537,2018-01-24,0.0012158054711246535,-0.018844984802431575,0.31482186639241316,66174.0,669300.0538072259,2743,304639407,348470423,622226,1689047,7005883,12745495,15641586,15001289,26115821,23117353,18443577,23434414,17175345,21800940,15608843,19371539,204026126,231310346
116,000538,2018-01-24,-0.011073985680190912,-0.010978520286396232,2.2374933518547198,52050.0,460014.984030062,2194,184229567,161737695,9360,0,10292022,9723948,17278836,11396575,19149994,26129963,11856937,13457410,10819021,8456460,12428626,10315814,102394771,82257525
117,000539,2018-01-24,0.006085192697768749,-0.0020283975659228792,0.18616203562414618,3451.0,40992.22857785658,701,5694801,6057112,433371,680048,2598000,2408331,693062,814022,271200,1141405,519543,618106,712684,395200,466941,0,0,0
118,000541,2018-01-24,0.010626992561105109,0.012752391073326264,0.21570531167549045,14197.5,125876.36237189575,1904,36214249,55617351,2225827,1750753,8245376,8650130,6125637,7497998,7711891,9837897,3982865,7032487,1834159,3676326,2591601,415577,3496893,16756183
119,000543,2018-01-24,0.01953125,0.017578125,0.13090262539842767,10400.0,128768.78898293976,1532,29630231,44197272,1117444,1361768,5177101,4852845,4674610,6185145,4207549,7187628,2119473,4541799,3373290,4007291,2235904,2680932,6724860,13379864
120,000544,2018-01-24,-0.008843537414965907,-0.008843537414965907,0.5214226067620711,13144.5,47762.76041938899,794,9687594,10183651,688167,611289,4359023,4015120,2074902,1922310,1251776,2293675,629902,655331,683824,685926,0,0,0,0
121,000545,2018-01-24,-0.003976143141153132,-0.007952286282306154,0.17479051442144591,10000.0,67394.40761348318,828,16637332,8390568,879537,831850,4774677,2525388,3246487,1970432,3204069,1323898,472548,549000,1392848,616500,932831,0,1734335,573500
122,000546,2018-01-24,-0.01740812379110246,-0.009026434558349505,0.4744260850128538,15400.0,79522.13111322983,1070,18133416,20893653,639312,1060156,4381598,5642664,3530172,4712451,4948738,3544274,1325569,1209072,695061,1250450,1845366,0,767600,3474586
123,000548,2018-01-24,0.0015527950310558758,0.0,0.28750151735527196,12160.0,58255.12357065571,501,7876769,4568603,505773,439590,2687472,2179690,1337215,853317,796289,580552,788480,515454,320000,0,0,0,1441540,0
124,000550,2018-01-24,-0.01868686868686875,-0.019191919191919093,0.4552124441861607,21362.0,165354.77594130073,1893,75888189,45893172,1402225,1507282,9686516,8341369,8936361,9731148,12920935,10693539,8002606,4536760,5623614,1766745,3996643,2734975,25319289,6581354
125,000551,2018-01-24,-0.0012150668286755595,-0.00486026731470246,0.3915565773780105,8200.0,73688.11370078575,441,8055512,6005130,251842,1279215,1733614,1428039,1395376,929988,1180643,1235526,1535516,0,785985,315362,432516,0,740020,817000
126,000552,2018-01-24,-0.005479452054794498,-0.005479452054794498,0.09322574190022707,5760.0,60415.69533855438,1537,13577552,15283586,581769,3906497,3177895,2598757,1834015,2263785,2576159,2341784,1132708,1190111,1097967,677437,0,2305215,3177039,0
127,000553,2018-01-24,-0.008488964346349825,-0.013016411997736288,0.36988922031083854,20892.0,114956.94546307578,2283,79265781,45424597,1362382,1660114,10405407,10476387,11835702,10730680,18569746,12797804,9325180,3440063,11796794,3144155,4453215,0,11517355,3175394
128,000554,2018-01-24,0.003708281829418958,0.003708281829418958,0.24269684375899195,16180.0,81145.59826152741,1111,23857713,22810827,1006572,1196818,5106363,5384407,5203179,4586979,4838816,5399224,2565267,1763703,1335980,324387,419640,1375229,3381896,2780080
129,000555,2018-01-24,0.01261564339781307,0.005887300252312988,0.31185210361824267,13068.0,68413.26300201571,1454,22787150,26677673,1594409,1021604,7265690,6626616,4874506,5999682,5167502,6234912,2312389,2470998,1099454,1723008,473200,488207,0,2112646
130,000557,2018-01-24,-0.009803921568627416,-0.005882352941176339,0.1099259000909361,11928.0,154282.7787842316,2160,60719416,43684930,1906821,1398396,9788338,7620745,8939567,6156734,10443496,7005205,7451342,4540985,5549885,3527947,3594219,2206589,13045748,11228329
131,000558,2018-01-24,-0.003824091778202754,0.0,0.16891414755459827,10400.0,43035.122280044925,959,12550886,10164300,870165,770378,4036187,3861634,2294709,1921332,3481791,1902481,1475490,930484,392544,350700,0,427291,0,0
132,000559,2018-01-24,-0.014014014014014031,-0.011011011011010985,0.2628513424406316,12883.0,104517.5794077145,1445,42410743,22320391,1338425,1725595,6643892,5668051,5576378,4088580,5910167,5449589,5052040,1754536,5111804,702174,2288036,1416113,10490001,1515753
133,000560,2018-01-24,-0.0053821313240042246,-0.008611410118406715,0.27821052868760676,16650.0,114844.86441114853,1115,35282291,20697340,866595,1319158,4452036,5283597,5592119,3971467,6707652,4481645,5215140,1642172,2368762,1314654,911670,1762647,9168317,922000
134,000561,2018-01-24,-0.003667481662591565,-0.007334963325183463,0.30879671296850086,8119.0,39570.665245631,701,8423656,6044820,703281,996935,2662793,2469120,1305026,1234287,2001331,857578,688343,486900,1062882,0,0,0,0,0
135,000563,2018-01-24,0.008714596949891185,0.01089324618736387,0.09306309557504214,21022.0,132348.96658720088,2443,68845457,84196585,1983432,1825995,11287384,10835480,11802348,11638390,12308464,17395069,8789760,11978037,5523179,4833381,4504082,5868573,12646808,19821660
136,000565,2018-01-24,-0.00809716599190291,-0.01619433198380571,0.31579819322310126,11032.5,91432.64993675645,550,15571141,5002799,454934,602291,1820767,2604362,1884439,1009792,2047948,786354,2922499,0,2362242,0,2145170,0,1933142,0
137,000567,2018-01-24,0.005479452054794498,0.008219178082191858,0.6930642498125968,22999.5,190531.9776750014,1364,50727598,37722817,1017787,595687,7357099,5723738,6811996,5950667,9651181,6514053,8257697,2982607,3379232,1447557,867238,907072,13385368,13601436
138,000568,2018-01-24,-0.02758132956152759,-0.033521923620933536,1.255581857638798,75674.5,534381.2394236664,3172,344006413,274510509,518189,923849,11239870,14006933,19572542,23742419,38056209,40043306,26819952,30025537,23916218,23933644,17004268,18710301,206879165,123124520
139,000570,2018-01-24,-0.003577817531305816,-0.00536672629695889,0.3409022857890899,7182.0,38552.37836984576,268,3669073,1761065,244328,276186,1006864,951442,847035,303881,914816,229556,209759,0,0,0,446271,0,0,0
140,000571,2018-01-24,0.0037664783427495685,0.0,0.15626177162587215,6916.0,53152.86770344937,1156,10298490,6624648,753969,2941223,3828239,1490983,1997546,1450429,1530133,279016,265000,462997,316200,0,0,0,1607403,0
141,000572,2018-01-24,-0.010504201680672232,-0.010504201680672232,0.14845606820357413,8092.0,90329.7555273679,1029,22031490,12433461,1038845,1332159,4347541,2920590,2435897,1894558,3002807,1131482,2980459,1411821,2031435,762568,3253178,435690,2941328,2544593
142,000573,2018-01-24,-0.00956022944550683,-0.01147227533460815,0.17017393980301404,9899.0,63611.90061713689,945,17895230,7877463,1163979,718768,4376474,2847974,3344408,1957081,2747269,1016149,2175283,499265,659364,327778,1359544,0,2068909,510448
143,000576,2018-01-24,0.003552397868561208,0.001776198934280604,0.9489081506747217,10119.0,49744.345589935,316,5290861,2721540,217513,275474,1528789,1044423,914752,99600,796538,977755,919830,0,913439,324288,0,0,0,0
144,000581,2018-01-24,0.010950332420805786,0.005475166210402893,0.5049930030961023,33553.0,191603.62122755422,2565,131837955,119583354,1039108,956725,13572662,10676562,13834110,13559396,21567145,25332382,14860833,17761121,12211591,8060826,6611458,3974805,48141048,39261537
145,000582,2018-01-24,0.007028112449799062,0.00401606425702794,0.35111517771675543,14000.0,111354.23798180083,804,15378974,13364463,678781,846568,4106307,4274123,3251187,2276515,3437291,1771227,1493340,0,315368,0,498500,944694,1598200,3251336
146,000584,2018-01-24,-0.0014164305949008194,-0.0014164305949008194,0.6021156822515273,14090.0,71287.43462565143,549,11460067,9129773,399793,328604,3080841,1443223,2194780,1292395,3580404,1646433,278982,1941514,1020135,938423,905132,423600,0,1115581
147,000585,2018-01-24,-0.023376623376623495,-0.023376623376623495,0.09885650802245026,7600.0,83589.67167894529,1522,25388761,16199479,1458381,1642130,5197126,6463546,4068553,2477684,4606682,2225252,2001531,454530,1073065,730891,2173878,0,4809545,2205446
148,000586,2018-01-24,0.042516016307512894,0.0017472335468839972,1.0371352470440667,8500.0,116632.01779607992,275,6853703,4208999,243698,215378,897984,548143,902785,768062,132210,597322,0,1689075,682800,391019,969846,0,3024380,0
149,000589,2018-01-24,0.0,0.0021834061135370675,0.2404651387463281,6397.5,60897.08527023532,362,5707351,3910121,389019,391022,1171941,1105271,769180,864770,1432958,891193,1193859,291465,0,366400,0,0,750394,0
150,000590,2018-01-24,0.0014609203798394699,-0.0036523009495981196,0.8972046196980987,12244.5,46460.86596344399,232,2888836,2628173,93623,333601,634464,1545726,269594,748846,706925,0,779550,0,0,0,404680,0,0,0
151,000591,2018-01-24,0.005357142857142838,-0.012499999999999845,0.11792821887292779,19407.5,171478.91451011508,2262,74801309,66264275,1335491,1852772,9457486,10889201,12452752,10255046,10684664,12684543,9669104,5841161,6425950,3910633,1354603,2190866,23421259,18640053
152,000593,2018-01-24,0.015748031496062964,0.015748031496062964,0.2701017357495008,10884.0,52357.86000400131,1083,12280144,20742834,990053,1341599,3182179,5458732,2616971,5395907,3609604,4746205,849214,1177742,1032123,2065169,0,0,0,557480
153,000595,2018-01-24,-0.009469696969696906,-0.017045454545454475,0.17730263923807185,9975.0,65287.57228014565,887,16127149,9428782,664186,941045,3016309,3293846,2339771,2693988,3543868,1305231,1488660,1194672,2050818,0,898575,0,2124962,0
154,000596,2018-01-24,-0.024390243902438935,-0.025313117996044632,1.7594694540791282,29720.0,163679.83443662507,1859,78872676,49950007,1284580,2445904,9386755,9455373,9500919,10194187,11154695,8737675,7310890,3649597,6174781,3853111,4390188,1831698,29669868,9782462
155,000597,2018-01-24,-0.011555555555555652,-0.010666666666666602,0.38329433380906147,11080.0,71073.46887220691,861,15150130,12167801,596424,888856,2960634,3403252,2445785,2396502,3887032,2670786,879823,1081178,1087480,320544,0,1406683,3292952,0
156,000598,2018-01-24,0.005555555555555536,0.0,0.1501481446700659,8084.0,93335.57883557315,1295,23063648,18789498,1564367,1367664,4343754,4197437,2708123,3124720,3168841,3173045,1874753,2649124,1445781,1298221,1269540,0,6688489,2979287
157,000599,2018-01-24,0.0015948963317384823,0.0,0.25374458767691815,12540.0,89729.52620694198,610,12172038,12971901,379177,730155,2548146,1950697,1777101,1648486,3297167,2303843,2047593,2675671,961326,698262,0,0,1161528,2964787
158,000600,2018-01-24,0.0024330900243307862,0.0036496350364962904,0.1894131556677717,16480.0,191790.68958785498,1885,61405177,62078059,1578660,1859671,8010601,7197974,9807769,7095902,10499603,9687752,7908858,6082714,6176250,3443130,6854386,3167953,10569050,23542963
159,000601,2018-01-24,0.009708737864077666,0.012482662968099856,0.2844215690210725,7300.0,101391.469148677,642,8828121,13752184,545320,1444873,1613912,1987276,1548378,1573249,2843465,1106105,760346,1144815,1088920,1007421,427780,410990,0,5077455
160,000603,2018-01-24,-0.05142857142857149,-0.0535714285714286,0.3001073634502094,26940.0,566513.3635663949,2184,155431179,120076541,796429,1230685,9496595,9632516,9793760,9913585,15478572,13886159,12431805,11121390,8670321,7985821,12193853,8424290,86569844,57882095
161,000605,2018-01-24,0.004920721705850228,0.006014215418261415,0.5552059136705804,18180.0,85308.75187151675,1085,21563491,21395581,756788,868770,6763639,4507248,4017189,4696897,3651258,4429640,1885373,2053843,970211,1644655,0,924227,3519033,2270301
162,000606,2018-01-24,-0.003618817852834688,-0.008443908323280902,0.3967124840066841,8970.5,57087.644119230536,436,6931528,5626271,518399,389054,1704428,1730040,1214677,1230186,1983738,623198,210226,896935,729560,756858,0,0,570500,0
163,000607,2018-01-24,0.016393442622950838,0.0180327868852459,0.24082780274156268,10336.0,38626.552862287645,641,6057110,8949433,512949,687124,2109600,3330261,1205171,2213431,890752,2718617,712280,0,626358,0,0,0,0,0
164,000608,2018-01-24,0.0,0.0,0.2895064009308361,34809.0,565364.392078444,859,93665502,0,994142,0,14079051,0,8005221,0,7106469,0,3222294,0,2093506,0,3103944,0,55060875,0
165,000609,2018-01-24,-0.002608695652173809,-0.006086956521739184,0.3716637520252211,13884.0,57160.91198084439,957,16543404,15724043,675105,837596,4959672,4869690,3866186,3261831,3738207,4368032,1230497,672177,660142,0,859415,0,554180,1714717
166,000610,2018-01-24,0.0025951557093424338,-0.002595155709342656,0.612862180567998,10440.0,146258.2219869201,355,4772719,7881051,316888,222386,1530821,1147472,1186299,700679,899321,513938,453600,457056,385790,0,0,0,0,4839520
167,000611,2018-01-24,-0.005509641873278293,0.0,0.4998667033204306,9461.0,39364.756182488665,210,3353891,1671216,136341,213289,1076799,629871,749348,553970,957003,0,434400,274086,0,0,0,0,0,0
168,000612,2018-01-24,-0.01274623406720754,-0.016222479721900385,0.21786128174934943,5957.0,75613.737041267,1571,17298852,16734522,1043405,2165769,4910467,4991026,4416761,1993451,2194910,1633196,707052,969008,654516,1420587,820760,0,2550981,3561485
169,000613,2018-01-24,0.01995012468827939,0.01620947630922709,0.4284180916166937,8200.0,118738.53503751234,350,6235623,6966951,381799,405640,1417991,888464,846381,885211,773995,728008,1044141,0,399000,674660,815816,466752,556500,2918216
170,000615,2018-01-24,-0.008857395925597866,-0.004428697962798878,0.20426020021183922,36498.0,160953.56792657322,3059,147872268,106606880,1436837,1216658,16032899,14740771,21559990,16509463,34526378,23203379,21915013,14394590,9451019,7543981,10478953,5886011,32471179,23112027
171,000617,2018-01-24,-0.00654450261780104,-0.005890052356020914,0.4292772624235001,15105.0,58557.475922872516,1268,27426188,15970414,1184980,1010283,6156957,5515064,6208772,4294045,4522516,3267322,3786003,1434978,2885197,0,2681763,448722,0,0
172,000620,2018-01-24,0.022900763358778775,0.021374045801526798,0.1941872728124837,9990.0,51520.77884028771,1139,14175211,17400260,865308,1775827,3581216,4928082,3016800,5536649,1729019,3294405,2119380,1084077,1716303,372520,431505,408700,715680,0
173,000622,2018-01-24,0.006382978723404209,0.004255319148936065,0.19712983435527437,9520.0,31491.226652311398,568,6053598,5623536,716837,383632,2478264,2672143,1509828,1640968,1014269,926793,0,0,334400,0,0,0,0,0
174,000623,2018-01-24,0.02145922746781115,0.016309012875536544,0.4370071220319555,72819.0,423410.4880094769,2843,264541856,315014784,903961,952876,11098698,10135183,16844031,15359255,37692647,27141013,31600472,26693197,21962678,18924163,18881407,20314267,125557962,195494830
175,000625,2018-01-24,-0.0022573363431150906,-0.0030097817908201208,0.27371710631424945,25051.5,160509.29946843872,2358,91204961,80833372,1341030,1353549,11969898,11609577,11934830,11365205,16492741,13836263,10077581,8542513,8705744,6604459,5918248,5441622,24764889,22080184
176,000626,2018-01-24,0.027575020275750095,0.027575020275750095,0.40096739218398086,12490.0,85685.33078690876,946,15504719,19150933,928192,761912,4934093,2865934,3231306,2655677,2976027,2904778,742891,2331582,697660,2439366,1316400,850652,678150,4341032
177,000627,2018-01-24,-0.01497695852534553,-0.017281105990783474,0.18349851285811986,19619.0,179872.20508231624,2240,78954513,60045524,1766451,1732388,11062982,9357670,11613177,8697367,18433938,10782758,10019194,7070184,7301331,5406567,3572528,3695250,15184912,13303340
178,000628,2018-01-24,0.013986013986013957,-0.004662004662004726,0.3607512258354949,13552.0,49722.99178906729,565,9685982,7184966,472648,555666,2850143,2521304,2436308,1633882,2517618,1050276,753051,994481,656214,0,0,429357,0,0
179,000630,2018-01-24,0.0,0.0,0.0544286674209768,10260.0,262323.7723547564,2783,113232441,83778495,1913017,2290156,9135506,10766249,9613838,7765548,10181294,8689998,7186976,4937859,3702160,5430965,4923514,4462667,66576136,39435053
180,000631,2018-01-24,-0.02145922746781126,-0.015021459227467893,0.11263361237462875,9618.0,98590.88094520966,1717,46256580,27234030,1874168,973142,7658090,5419441,6444608,4217510,9383558,7555712,4486478,3178879,3409240,2523384,4101957,1722738,8898481,1643224
181,000632,2018-01-24,0.036666666666666625,-0.011666666666666714,0.25692385352386626,5382.0,57988.42998915703,545,7474019,5496941,345355,359184,1912599,1454603,1621411,906671,1396703,1190633,744712,805941,741639,305909,0,474000,711600,0
182,000633,2018-01-24,-0.003018108651911433,0.001006036217303885,0.40758058657542007,8941.5,52703.9370466815,594,7859265,7923237,457593,794281,2314071,2712269,2092603,1391729,1597305,1081903,560616,721483,343578,741470,493499,480102,0,0
183,000635,2018-01-24,0.005387205387205496,0.002020202020202033,0.5554921806315046,11776.0,55569.04002541652,714,10315981,7759286,622221,818144,3043292,3180150,2876317,1817399,2197507,723878,546244,0,0,740257,0,479458,1030400,0
184,000636,2018-01-24,0.01636520241171424,0.019810508182601216,0.21584269728529107,42426.0,247278.490514056,2898,166840107,174382993,1009719,1306092,11325564,14574142,13267929,19013069,25794140,30956289,22420473,21557572,13904369,15564344,13570119,4480908,65547794,66930577
185,000637,2018-01-24,-0.003389830508474634,-0.005084745762711895,0.256099505208764,11720.0,45588.97776811973,530,7502886,7079714,373326,581511,2247210,2404638,1536030,1871126,2116358,1133063,444999,749012,380835,340364,404128,0,0,0
186,000638,2018-01-24,0.005607476635514086,-0.0037383177570092796,0.25144013943920945,18122.0,83279.79022518174,1815,41914775,37453276,1103241,1412686,8583109,9067628,9398878,6381869,9073430,7035124,4654570,3269459,1452601,4790784,2324861,2143026,5324085,3352700
187,000639,2018-01-24,-0.005437737901033302,-0.0038064165307232223,0.6873803499615246,7359.0,65054.72594481814,715,11856829,8057525,919826,1009749,2468046,2462895,1896347,1117946,1834057,1335956,1606437,1705955,1743370,0,474746,425024,914000,0
188,000650,2018-01-24,0.01318267419962349,0.009416195856873921,0.19896095771307565,8017.5,194946.77899909217,712,10207050,19442083,870572,561112,2410411,2439432,1830053,2168323,1983061,3098017,1284799,1173373,1415814,1108629,412340,0,0,8893197
189,000651,2018-01-24,-0.016402116402116418,-0.022751322751322856,0.9461383753188817,444000.0,1131426.9339338483,3592,1433737189,1173453820,22180,44516,2080971,2249189,8405266,8811564,34277799,33404016,47576625,41877171,63365594,55917176,56674380,51617391,1221334374,979532797
190,000652,2018-01-24,0.017353579175704903,0.019522776572667988,0.13479980402716535,9380.0,84147.06553865592,1173,17964726,20549334,1541138,1394077,3725354,4806801,3381154,2922995,2430161,3239903,2579196,1482119,1337562,1416994,1898766,872564,1071395,4413881
191,000655,2018-01-24,0.006339144215530945,0.0,0.21885157678702905,11340.0,67270.65198899922,831,14615807,10213117,649665,868744,4071707,3019761,3519099,1865671,2611815,803100,883610,1325469,743378,715429,0,471696,2136533,1143247
192,000656,2018-01-24,-0.011385199240986688,-0.003795066413662118,0.1333899848380252,14436.0,174561.44112458752,1564,61188527,43699905,1057981,1393741,5724788,5682414,6992595,5202042,8926484,6323895,3321120,4149981,4792081,3819743,4075325,2255509,26298153,14872580
193,000657,2018-01-24,0.004830917874396157,0.004025764895330131,0.38245648068906957,12370.0,85611.76599472814,1056,17896684,17969795,890823,821848,5405933,4115468,3589397,2959887,3306268,2348048,1181653,927234,310750,328487,1330790,0,1881070,6468823
194,000659,2018-01-24,0.007246376811594235,0.007246376811594235,0.1898591821073474,12570.0,90098.9044924307,475,9957329,11426530,343437,410888,2120791,1871560,771654,2825523,1740144,2030576,2190729,700808,1440077,1012499,833000,0,517497,2574676
195,000661,2018-01-24,0.008135558088921302,0.0050782464504095515,4.900659070789268,57804.0,309604.619932599,1554,91287276,114375858,3677,0,8351145,8015312,9198250,15147298,16041361,12446468,10241931,9976577,5031600,7272061,6203636,5472746,36215676,56045396
196,000662,2018-01-24,0.006147540983606481,-0.002732240437158584,0.6261891209097953,8781.0,126082.52861363092,546,4841887,15219752,237673,718930,2603802,2138766,487707,1652761,791251,997112,721454,734283,0,0,0,1764746,0,7213154
197,000663,2018-01-24,0.015348837209302246,0.006511627906976791,0.5947018781382757,21220.0,95482.25290206102,1309,35116898,22274314,803306,716651,8917011,6001503,7166787,5907427,8141968,3671361,3774749,1458869,1052208,1454253,436720,436400,4824149,2627850
198,000665,2018-01-24,0.009661835748792313,0.007729468599033895,0.3857806415157961,14629.0,70702.11116073336,719,14592028,13344732,430031,447576,3423973,3500494,2795957,3043521,3575445,2773723,1318304,1622952,1772167,677050,0,0,1276151,1279416
199,000666,2018-01-24,0.005967180507210346,0.005469915464942687,0.5036169726560091,18121.5,134089.9159641454,1594,44437804,37489190,1662503,684337,8624160,6750071,5425803,4809157,7659491,7628458,5441760,3453851,2971385,972314,4783164,2897973,7869538,10293029
200,000667,2018-01-24,0.0,-0.0030120481927710108,0.08025442889473526,10656.0,152182.22743808586,1720,51209150,34997785,1434522,1671963,5812029,7321994,4410485,6552442,7693149,6231865,6033362,1910231,4053386,3036918,5406268,2212771,16365949,6059601
201,000668,2018-01-24,-0.006514657980456029,-0.005211726384364845,1.1953321663678256,11407.5,39180.25196400946,164,2105114,1867634,103666,220449,512138,743757,659852,203925,571578,487673,257880,211830,0,0,0,0,0,0
202,000669,2018-01-24,0.0117647058823529,0.0117647058823529,0.39414568345396117,13860.0,138157.6993873104,1191,26155035,38386375,664479,1237195,5760988,4793736,6319642,3738717,4615150,6380484,2350345,3008112,2846890,2105387,455504,843394,3142037,16279350
203,000670,2018-01-24,0.030000000000000027,0.03166666666666673,0.12465674915175809,21385.0,149796.03397233086,2323,60170620,79507056,1619057,1730396,9624496,11035461,11064619,11977369,13248103,21307271,6604225,9247003,4407813,7031896,2274453,1720495,11327854,15457165
204,000671,2018-01-24,0.04192229038854811,0.01840490797546024,0.17018064896409785,100648.5,987948.5176090545,3318,491853843,640971793,787713,1303152,8351532,11816293,11722520,17251492,27703183,39634083,23655184,36834239,28754621,39761872,20649132,25990664,370229958,468379998
205,000672,2018-01-24,-0.01680672268907568,-0.01680672268907568,0.21298867202826688,46820.0,232834.59429544891,3126,196964766,135779746,956419,1246907,15095133,14634051,20893815,21184679,32863948,29715212,28476754,22058931,17325158,11595430,10762446,10215411,70591093,25129125
206,000673,2018-01-24,0.012130401819560266,0.023502653525398154,0.49214966988105646,19935.0,158375.68832868192,719,29030105,19113815,413958,444825,2300197,3225436,2487954,3605133,6630768,3123697,5870677,1034476,2501708,631452,426683,833550,8398160,6215246
207,000676,2018-01-24,0.02357207615593837,0.00997280145058932,0.36446681725938274,11120.0,72126.97923522256,917,12897340,10565042,741557,580948,4052415,4466872,2222004,2288617,906321,1924388,514017,440364,993286,308853,0,0,3467740,555000
208,000677,2018-01-24,-0.0075949367088608,-0.0075949367088608,0.21275825778906082,3920.0,41525.91517904828,344,3978217,2209804,186744,442094,1177970,959960,901558,447431,898447,143445,0,216874,392000,0,421498,0,0,0
209,000678,2018-01-24,0.009485094850948617,-0.0027100271002709064,0.2712139821343772,8107.0,50433.13191727504,740,10389032,6317222,917354,791810,3083663,2686772,1578297,1264468,1732454,629256,574060,250920,632508,693996,1362264,0,508432,0
210,000679,2018-01-24,-0.0014104372355430161,0.0,0.3851387892873944,10612.5,56349.78402990626,338,4952882,4132615,254614,332742,1261817,1682864,1297691,1062657,1209710,349352,445402,0,0,0,483648,0,0,705000
211,000680,2018-01-24,-0.002016129032258007,-0.002016129032258007,0.1377555696914423,10868.0,67392.60442258572,1298,23601191,16587366,1148398,1403367,5884605,4513116,3494638,2866933,4365303,3500396,2705528,3278117,306516,0,2705096,416092,2991107,609345
212,000682,2018-01-24,-0.012345679012345734,-0.010288065843621519,0.16214004242122199,4840.0,45622.95132221869,899,10385175,6865104,904328,918901,2739667,2994906,1823984,1003114,2035255,1205539,1206623,287748,624501,0,0,454896,1050817,0
213,000683,2018-01-24,0.003401360544217802,0.0,0.08480033377059863,8850.0,152130.1681912039,1208,33858911,20162713,1252367,665414,5858750,2663848,4925431,2920301,5086919,5597378,2645336,1689172,1036500,1098708,1776582,894054,11277026,4633838
214,000685,2018-01-24,0.015051740357478582,0.015992474129821188,0.23292580218494344,16110.0,179004.5661763418,2084,55879531,76005434,1207806,2203427,8253993,8884368,7010678,8394401,11376260,10797778,5574053,7479150,4182657,5255483,2653400,4028644,15620684,28962183
215,000686,2018-01-24,0.013903743315508033,0.012834224598930577,0.17908768582381338,47700.0,225339.873935388,2730,175016453,174202283,1291619,1285676,13278235,10604836,17270124,16725379,27444018,26343503,24695444,17330122,17847707,15151601,14988389,18380995,58200917,68380171
216,000687,2018-01-24,-0.007518796992481258,-0.009398496240601628,0.34534468090730713,10560.0,68930.20386837223,949,19508426,10476409,917430,736810,4578068,3453165,3268839,2816874,3567848,1795875,2042219,206780,1363504,623920,480900,842985,3289618,0
217,000690,2018-01-24,0.014476614699331813,0.0,0.22602483435127252,14352.0,174052.4520102253,1579,40763460,59325374,737396,2205890,3544007,9377730,4565062,5571326,6165161,8523320,5968843,8161372,3790858,4445302,4569431,4106604,11422702,16933830
218,000691,2018-01-24,-0.005369127516778538,-0.010738255033557076,0.3222095825863812,17712.0,36259.67634359534,535,6305996,5134182,217968,330902,4609614,2552691,609643,650125,148000,678753,296676,545727,0,375984,424095,0,0,0
219,000692,2018-01-24,0.008888888888888946,0.0022222222222221255,0.2616489465202718,9922.0,36384.018836183575,295,3375183,3079158,235985,220863,1713769,1295567,730056,745600,392523,525660,0,291468,302850,0,0,0,0,0
220,000695,2018-01-24,0.00846560846560851,0.004232804232804366,0.5589674052861766,9540.0,44448.84309351525,285,3390839,3611218,352762,242471,1184341,1163881,696872,707825,583405,673918,573459,510573,0,312550,0,0,0,0
221,000698,2018-01-24,0.00337268128161905,0.001686340640809636,0.273310393690453,11900.0,104557.38612733025,470,9785537,10027974,388982,412099,2244042,2004132,1296105,1458972,1522406,1454836,1105250,537703,1058473,325280,415800,465660,1754479,3369292
222,000700,2018-01-24,0.0,-0.0017482517482516613,0.2600724404872118,9707.0,58765.61531724385,483,8726222,5255929,568625,416532,1888174,1611360,1811277,1520972,1651459,837153,1235767,461939,0,0,982110,407973,588810,0
223,000701,2018-01-24,0.010956175298804993,0.006972111553784854,0.3270806249677376,10120.0,67014.00541470319,942,10663813,16432339,672913,890881,3053616,4302942,2889579,2838900,2566577,2601284,467383,2057401,1013745,709071,0,0,0,3031860
224,000702,2018-01-24,0.00886262924667669,0.005908419497784312,0.2593253417867307,6780.0,36851.6733789327,681,6891441,4125358,1052036,335863,3403370,1838680,691954,286987,703094,777054,700987,0,340000,394499,0,492275,0,0
225,000705,2018-01-24,0.013431013431013605,0.013431013431013605,0.3040484972893698,9130.0,51869.03380125615,725,8272756,10136482,886298,542040,2688591,3460216,1634764,2801316,1560447,1785037,264384,207396,0,1340477,409555,0,828717,0
226,000707,2018-01-24,0.001808318264014508,-0.010849909584086936,0.2383044386337804,10940.0,83523.00846927444,538,11937167,7421455,330088,594791,1168122,3223414,1665766,1225153,2319056,1627316,2385218,750781,1005082,0,0,0,3063835,0
227,000708,2018-01-24,0.003401360544217802,0.0008503401360544505,0.40300095148985726,14124.0,89467.24183571029,851,19502465,18287330,427255,799731,3164769,4474527,3760629,2549408,4816165,3263145,2982972,1422237,1811948,1784203,419723,904040,2119004,3090039
228,000709,2018-01-24,0.007334963325183352,0.004889975550122383,0.08011205459547122,17262.0,354121.67870263354,2623,109356512,158481409,1813424,2266957,10620058,11423547,8098233,10666557,13234931,12241321,7912941,8757055,9294088,7584795,6441753,5638110,51941084,99903067
229,000710,2018-01-24,0.006358626536667966,0.008902077151335286,1.280407400875903,19026.0,85333.44847897165,1358,25276168,32032991,1215001,1709596,6731861,7592504,5304273,5297279,5358578,5816151,1615183,2806193,1017796,2156438,2778932,966378,1254544,5688452
230,000711,2018-01-24,0.04538690476190488,0.030505952380952328,0.3406768169399976,17459.0,86118.01353368959,1557,29437762,40190972,1206484,1055128,9605211,6868561,6156741,6810539,5214024,6571058,3230733,4453063,319476,4650000,1283142,2735190,2421951,7047433
231,000712,2018-01-24,0.023186682520808688,0.02556480380499404,0.36606687581494374,33560.0,263836.4352603837,2113,91009221,108236380,967400,1225708,9224402,9238721,10523819,11821072,17018591,18243650,14659032,12965672,8300669,11236457,4776608,6601019,25538700,36904081
232,000713,2018-01-24,0.0,-0.004411764705882337,0.37668217859176595,10155.0,32203.24354881938,325,3726257,2830436,287231,282679,2001463,941044,556347,751874,474716,854839,406500,0,0,0,0,0,0,0
233,000715,2018-01-24,-0.006256517205422418,-0.009384775808133461,0.6191882421649393,7640.0,47530.986258761666,239,4144384,899117,253900,177805,1047115,626312,829710,95000,623639,0,953940,0,0,0,436080,0,0,0
234,000716,2018-01-24,0.005565862708719838,-0.0037105751391465214,0.18119663736482589,10720.0,78816.73671817935,885,16562614,11704585,659799,813174,3455051,3554454,2262703,2443829,3424304,2134525,3145997,1298043,1441687,0,856800,0,1316273,1460560
235,000717,2018-01-24,-0.003592814371257358,-0.0059880239520956335,0.14907015487958808,38341.0,346395.48109987413,3144,228496285,147306522,2411627,1344172,17046029,12923891,22079244,16759279,30122789,23465733,20536268,16088121,16284769,13517700,11685011,11037009,108330548,52170617
236,000718,2018-01-24,-0.0359281437125748,-0.02395209580838331,0.10456117271102322,19149.0,185163.68287597425,2304,88813447,68343593,1484433,2252387,9305862,11298005,9559342,9510151,13319953,11517599,11432654,9874750,8930300,3464297,7149784,4343406,27631119,16082998
237,000719,2018-01-24,0.024520255863539342,0.025586353944562656,0.2649028599876415,9640.0,61754.92057649523,1254,13840449,22894188,790414,1995103,5093203,5314146,3787554,3981300,2484537,4927082,685070,1669742,0,1422989,489320,825096,510351,2758730
238,000720,2018-01-24,0.0,0.0,0.23043800157903352,7803.0,35172.805224816526,354,3598017,4141346,325136,416014,1137751,1346340,883027,1247995,820604,917848,431499,213149,0,0,0,0,0,0
239,000721,2018-01-24,0.007312614259597838,0.007312614259597838,0.22682362940144488,7658.0,39731.04115777515,581,5257345,6271947,490018,652055,1427973,2677333,1082800,1211077,546934,1310990,931248,420492,370272,0,408100,0,0,0
240,000722,2018-01-24,0.003285870755750153,0.0,0.44608043554224425,10032.0,29118.47942704974,418,3812287,5473442,495301,547197,1487386,2729759,1106492,1494232,517446,491156,205662,211098,0,0,0,0,0,0
241,000723,2018-01-24,-0.007331378299120339,-0.004398826979472137,0.18825770778830225,12939.0,144812.71857826936,1313,21472604,22444356,671248,1493007,4169681,7304387,2171352,2497482,3692615,2397237,1886979,2268344,694602,1414988,1728603,0,6457524,5068911
242,000725,2018-01-24,0.018662519440124425,-0.01244167962674958,0.10734133025956351,674472.0,4115675.7013865975,3601,3254086387,3571265227,6952,2520,1065384,1236734,6418422,7471435,26531501,31837128,35090856,54827321,43737412,59347159,45863099,60351713,3095372761,3356191217
243,000726,2018-01-24,0.004484304932735439,0.0008968609865471766,0.4161725319359139,12243.0,126607.57139824712,717,18007031,16252529,509337,477318,2970415,3025794,2432176,2030313,3634951,2470414,1775249,1178390,2156374,723930,1339113,488370,3189416,5858000
244,000727,2018-01-24,0.004098360655737876,0.004098360655737876,0.057651161957135134,2684.0,62134.811830769875,1813,17557571,12080878,849711,2418746,4593579,2855542,2096537,1924272,2561002,2125055,1979328,938999,0,328545,974000,404064,4503414,1085655
245,000728,2018-01-24,0.023539668700959027,0.020924149956408122,0.20723391309504713,71982.0,370130.5345150275,3068,266029339,286220694,762872,900703,11103092,11072231,20040417,15800215,35731361,37376688,30724873,31613968,27585538,27827381,22716623,21045548,117364563,140583960
246,000729,2018-01-24,-0.020807833537331732,-0.0244798041615667,0.15565484052709472,19295.0,121911.18993103888,2761,101236278,50606853,2614878,1783248,16485702,10785806,16561740,8731304,18685019,11071592,9252115,4051451,5994874,4731149,6890395,2694746,24751555,6757557
247,000731,2018-01-24,0.00657894736842124,0.0013157894736843812,0.2563114926405014,9132.0,128918.52055155695,879,24132209,10897830,936507,728295,4016116,2756789,3493884,1905287,3314903,1261545,1887152,994958,2119019,1140236,0,496280,8364628,1614440
248,000733,2018-01-24,0.010699001426533572,0.007132667617689048,0.4530893228449531,14060.0,45951.794157278666,957,14184584,14550890,768343,856820,5419301,4960466,3632197,3008819,2496719,2903227,699154,2821558,711560,0,457310,0,0,0
249,000735,2018-01-24,0.034052213393870545,0.022701475595913623,0.16128449553342458,50274.0,414312.27004210063,2993,236792553,231293554,1590325,1146133,11862443,12348238,18718089,17870015,31679221,25051522,26162489,19235645,22478973,16497020,15297648,14944758,109003365,124200223
250,000736,2018-01-24,0.009029345372460584,0.004514672686230403,0.6248290516442232,17840.0,77815.64125308138,804,19735525,13491502,652106,618382,4522802,2630475,5248205,3244225,4457531,4191172,1309186,981662,0,1336238,414180,489348,3131515,0
251,000737,2018-01-24,0.006864988558352492,0.004576659038901587,0.17731825392446776,8800.0,35902.13014989865,607,4938942,8022934,442126,697689,2117392,3396950,947856,1533306,742332,1229788,689236,840205,0,324996,0,0,0,0
252,000738,2018-01-24,0.005551700208188848,0.00346981263011803,0.4200205846005159,14370.0,80685.58445066902,1177,23084528,18942024,724697,1011391,6464344,5430779,3904113,4514372,3563208,4267287,2773957,1942804,1037681,934501,0,840890,4616528,0
253,000739,2018-01-24,0.004784688995215447,0.004784688995215447,0.24018017607099648,13104.0,58107.45977771756,681,11001164,9869382,342174,626683,3681352,2901421,1138926,2029446,2200298,2258270,1215519,218822,1899559,1389571,0,445169,523336,0
254,000750,2018-01-24,0.01512287334593565,0.013232514177693888,0.10789307573432738,26475.0,182195.89833632208,2412,94695865,108364778,1447111,1279713,10648290,8612131,13792700,10735774,18754513,19394228,13302845,15073567,10122321,12062079,5785806,8341352,20842279,32865934
255,000751,2018-01-24,-0.009398496240601628,-0.011278195488721887,0.11220256182443508,21200.0,160455.6791985233,2255,89095313,53703119,1008884,1859909,10666210,11520986,12247247,10392349,15080074,8562518,9298977,4168988,4537371,2713562,4493587,3115327,31762963,11369480
256,000752,2018-01-24,-0.004615384615384688,-0.006153846153846176,0.7280314506429457,10344.0,36619.96575410281,318,3944954,3363991,223568,285536,1466190,940541,1349317,642573,905879,1221210,0,274131,0,0,0,0,0,0
257,000753,2018-01-24,0.01041666666666674,0.0026041666666667407,0.19402843934795422,7700.0,50290.25714214934,391,4734549,4528203,353143,400874,1499882,1899432,829225,897416,892544,460945,543094,262391,616661,0,0,0,0,607145
258,000755,2018-01-24,-0.017133956386292892,-0.01869158878504673,0.27853955362344146,8203.0,60552.566797425,531,8525964,5260769,401958,641421,1833686,2044906,1100400,1128390,1301878,578440,767834,234472,2020562,633140,478674,0,620972,0
259,000756,2018-01-24,0.009538950715421324,0.00556438791732905,0.338922322390844,11313.0,53633.705296091335,1378,20224800,14333198,1736790,780411,8485044,4046678,3120248,2487195,2605996,3341704,1451061,1640072,1705380,697768,409212,442750,711069,896620
260,000758,2018-01-24,-0.007496251874062887,-0.007496251874062887,0.14883513650139363,16437.5,219917.42455369316,2012,74998581,43092391,1606669,1842316,10431908,8115268,8933599,7219997,10793106,9406383,7830977,4044320,2712330,3878916,2798081,2236614,29891911,6348577
261,000759,2018-01-24,-0.0066225165562914245,0.001103752759381793,0.21103090871408778,18140.0,131347.83922566444,1845,50419558,44951085,1459720,1871782,8177021,8554244,8253959,8774994,11646818,8170448,6530384,2152839,4471299,4168432,3494757,1699073,6385600,9559273
262,000760,2018-01-24,-0.01858108108108114,-0.02533783783783794,0.16929173496816013,11191.0,88185.42116585841,1225,26529888,17212717,902691,1228351,3789351,4684793,4791239,3196093,4724762,3578935,5445620,1032594,721033,691615,881898,413028,5273294,2387308
263,000761,2018-01-24,-0.006896551724137945,-0.01379310344827589,0.11887682564947326,19074.0,202866.25290473076,2388,99147240,79237348,1952447,1159391,9330993,7215170,13551967,9759821,18011944,15931435,9667738,10518161,7232882,8181140,5756408,3229516,33642861,23242714
264,000762,2018-01-24,-0.005235602094240788,-0.011780104712041828,0.3648452958577032,15150.0,77856.29438428694,1754,47372085,26691880,1073342,1757678,8137322,9261997,7978482,5089794,11054682,5512249,7852898,2441547,3342111,787544,2744973,0,5188275,1841071
265,000767,2018-01-24,-0.003355704697986517,0.0,0.13286523710535772,4768.0,66871.30853487687,503,5444701,5875374,355103,693023,1485492,1245614,1167701,752220,775256,1372965,569377,560548,318681,345084,0,0,773091,905920
266,000768,2018-01-24,0.011919698870765272,0.013174404015056318,0.3359206232352031,25448.0,165673.16944050297,2252,82275692,91961376,1448561,1686169,11541401,11126521,10404696,9221609,13610443,17227990,9784249,8385203,10540074,16286612,6265626,4535785,18680642,23491487
267,000776,2018-01-24,0.050000000000000044,0.04270833333333335,0.32935189455517616,248991.0,1242004.883260266,3401,846861154,1209795569,389613,735719,6459444,7383393,11345462,13439885,33885481,34313180,38815945,34216995,42765309,35664844,40609234,44005823,672590666,1040035730
268,000777,2018-01-24,0.005714285714285783,0.0019047619047618536,0.5268439650426553,9480.0,98546.24181113501,893,17875316,12139900,689376,1210024,3382546,3324417,2763070,2852403,4364645,1933815,2088785,1025348,1011099,714053,1352804,0,2222991,1079840
269,000778,2018-01-24,0.005484460694698434,0.007312614259597838,0.11645373088586285,14157.0,275134.9170108721,2212,67517803,92476850,1519821,2162890,8491827,8493989,8124592,8409032,8466298,12383214,7913340,6968656,4371538,3861976,2676112,3199501,25954275,46997592
270,000779,2018-01-24,-0.002873563218390718,-0.0007183908045976795,0.7734680567303833,12483.0,37857.79453240008,323,4323946,3436943,348793,222016,1433548,952959,1258802,729029,930880,1532939,0,0,351923,0,0,0,0,0
271,000780,2018-01-24,-0.02115384615384619,-0.02115384615384619,0.21588163608021557,7657.0,144377.3503899861,580,8112246,9384969,567613,440175,2586954,1504836,1319333,1214913,1569082,1060409,1199643,925823,398069,356490,471552,0,0,3882323
272,000782,2018-01-24,-0.010638297872340274,-0.01196808510638292,0.3653179319441365,11904.0,41411.41799953528,423,4900538,5041085,351121,390613,2057808,2211916,1021098,1343641,801811,427890,222900,256433,0,0,445800,410592,0,0
273,000783,2018-01-24,0.015384615384615552,0.010650887573964374,0.15614404257833225,44096.5,242239.71223552423,2934,173418086,194408600,1258077,1382604,12487874,11607898,18599702,15615976,29369770,32755386,18425895,21595476,16806612,16184847,14951026,13360522,61519130,81905891
274,000785,2018-01-24,0.007582938388625671,0.0009478672985780978,0.24965650415992188,13754.0,72667.95298259125,1787,35487249,25874541,1872550,1247930,8175433,8642473,7906410,6615523,7728073,5700868,2734640,966048,2338414,324825,3157054,484839,1574675,1892035
275,000786,2018-01-24,0.039583333333333304,0.03708333333333336,0.4108140904087752,92130.0,462193.93386930216,3417,298753094,408285158,685611,887717,10616925,12389177,21691246,22629810,43283078,40973450,38372645,44850480,30841186,35188889,29382192,23964727,123880211,227400908
276,000788,2018-01-24,0.0035756853396899935,-0.0011918951132300348,0.4281944803358253,10032.0,40733.714968674045,383,6025414,3459601,318128,495088,1944991,1492144,1502250,729678,1102750,533780,502300,208911,654995,0,0,0,0,0
277,000789,2018-01-24,-0.03864734299516914,-0.03301127214170696,0.2183744008646602,40260.0,367773.97119398514,3241,235000830,138363791,1503739,1280461,13642033,14448987,20304158,19750753,32046610,27851351,25504952,17230013,15939724,13571380,16684481,8018657,109375133,36212189
278,000790,2018-01-24,-0.010738255033557076,-0.00939597315436247,0.32524054605239044,7390.0,36127.439926834646,524,6702596,4202067,642544,530247,1934914,1787077,1756085,1387739,1233710,497004,800059,0,335284,0,0,0,0,0
279,000791,2018-01-24,0.008939974457215838,0.003831417624521105,0.2326985348277392,11730.0,91682.29405651933,1132,20590531,22479034,1366082,1062758,5296437,4006271,4310038,4067551,4925908,2358650,1532313,3245147,1003196,1350242,0,1422903,2156557,4965512
280,000792,2018-01-24,-0.008695652173912993,-0.016053511705685475,0.267420681517051,58760.0,318557.088905445,3129,274587231,212808944,887263,1138224,11961475,13998251,17700463,20186960,35838612,34080003,28054672,26268766,25240071,19011898,16275753,13381276,138628922,84743566
281,000793,2018-01-24,0.004171011470281538,0.002085505735140769,0.27323301696232855,19100.0,516949.3837076078,1232,48707914,103798565,743249,1474485,5137742,5962747,5133714,5069813,7807095,7406599,5594505,2438656,2426898,1403866,4227752,3285732,17636959,76756667
282,000795,2018-01-24,0.0016474464579900872,-0.0032948929159802853,0.1637108273443601,12070.0,98468.99406196829,1376,28461798,15612079,1319387,1242778,6647158,5510138,5323622,2943298,4559423,2654909,1651135,0,1251607,954623,430970,1370737,7278496,935596
283,000797,2018-01-24,-0.010045662100456543,-0.007305936073059405,0.3458325875115673,8744.0,85986.59136787933,1002,17328420,14413819,727370,935786,3884817,3092064,3586630,1497799,3568070,1561847,2140796,1381364,657590,672253,1378497,1316006,1384650,3956700
284,000798,2018-01-24,-0.008869179600886956,-0.012195121951219412,0.35862625973791984,9839.5,61583.32712736579,632,10799839,5523241,797954,693745,2971946,2270702,2132687,1639747,2205837,231806,909714,218785,616222,0,0,468456,1165479,0
285,000799,2018-01-24,-0.01495327102803734,-0.016074766355140158,0.5363944075359498,23814.0,125357.31154276329,2487,81361581,61653351,967644,1933107,10608434,13706340,12655879,12212483,15645463,15346656,12426158,6777282,7860795,2672039,3515844,3606288,17681364,5399156
286,000800,2018-01-24,-0.0016949152542373724,-0.009322033898305215,0.23934828305632655,28440.0,200652.609367339,2433,120004614,83762776,1195410,1308641,12284443,11410405,13440727,12753972,19580687,16043688,13784039,12865414,7987762,5916554,7567974,3225479,44163572,20238623
287,000801,2018-01-24,-0.0387931034482758,-0.015804597701149503,0.12988592646547448,28278.0,375648.30016773456,2886,138937614,127022642,1640849,1681610,12788511,12478089,15173279,12740699,25300155,21035446,21151614,13691202,13889597,10655669,8624763,5771327,40368846,48968600
288,000802,2018-01-24,0.03541823662396393,0.040693293142426645,0.30889246598940245,19740.0,137749.14273291986,1848,41136833,69680133,1293172,1347000,9288632,8654544,8028682,7861599,9340503,12381662,4575704,6235963,1981656,5212501,2278641,6872226,4349843,21114638
289,000803,2018-01-24,-0.006753497346840387,-0.008683068017366069,1.6152298876556876,6220.0,24284.952567247256,164,1186422,920694,84966,236311,539762,393938,130965,89655,430729,0,0,200790,0,0,0,0,0,0
290,000806,2018-01-24,0.005434782608695787,0.009782608695652062,0.1724154198881011,35373.0,536286.9300865532,2859,143731370,251541712,960662,1828636,18113220,14912979,18211083,15163702,20280533,18388789,11891631,7626566,6780079,5398910,7572156,6284354,59922006,181937776
291,000809,2018-01-24,-0.0027173913043478937,-0.0027173913043478937,0.1486103541146246,15372.0,72564.20498697256,613,13344943,10602455,359146,671971,2120123,3467211,2754815,1254830,3560096,1784482,2167493,1893602,366000,0,938430,435174,1078840,1095185
292,000810,2018-01-24,-0.002777777777777879,-0.005555555555555536,0.23201041239047163,7854.0,43269.02246134031,963,13742838,8719444,1264955,591201,4635485,2740596,3228509,2015187,2478253,2022357,1212758,915943,336303,0,0,434160,586575,0
293,000811,2018-01-24,0.006265664160400863,0.003759398496240518,0.3830873857865619,12075.0,119912.06866995894,433,10456362,7774138,402694,451427,1766061,1639481,1263390,1517458,1702579,1329693,1058972,1013030,1151714,1823049,0,0,3110952,0
294,000813,2018-01-24,0.016055045871559592,0.0034403669724769603,0.30724055621659563,11362.0,67266.47660239768,805,13910796,18626516,835752,598963,2723717,2752432,2595099,4466066,2603164,6429878,2373724,3191678,961756,350000,1310959,837499,506625,0
295,000815,2018-01-24,0.013373860182370967,0.007294832826747699,0.71603470597517,9936.0,50582.00620377283,527,7206307,6137690,563051,539010,2439028,1885519,1210511,1132847,654180,1188374,1681066,230740,658471,665000,0,496200,0,0
296,000816,2018-01-24,0.0,0.0,0.08000341032767837,5238.0,120701.75957206199,1349,23817297,16188173,1099946,1472405,4372916,4190577,3140239,1625589,2102413,2172948,2068914,1629825,1099398,1164204,909284,1316094,9024187,2616531
297,000818,2018-01-24,-0.01436552274541103,-0.00877893056664003,0.4020405426064984,12430.0,101935.20408082158,971,25052874,17366908,657717,1041757,4550208,4888459,3574712,3422256,4746702,2418846,2888589,946425,3091141,1054596,424152,461625,5119653,3132944
298,000819,2018-01-24,0.014362657091562037,0.015260323159784539,0.43403790582895085,7281.0,27664.112613106063,658,4184532,7002318,453862,979661,2058808,2803962,873563,1493232,798299,1450305,0,275158,0,0,0,0,0,0
299,000820,2018-01-24,-0.04354838709677433,-0.04086021505376347,0.3352207008184775,59367.0,262353.7442538321,3082,226389965,183873340,1087541,1263973,9842805,14236492,17499838,18350896,45588130,33242318,36960617,32213703,21319717,17721236,16336954,13205196,77754363,53639526
300,000821,2018-01-24,0.007073386383731117,0.004420866489831976,0.3946104851531784,13656.0,66272.75242123056,821,14064722,14134660,503900,676933,4290931,4221156,2394705,2289155,3102034,2121244,1621173,1322562,1071176,1351304,0,449256,1080803,1703050
301,000822,2018-01-24,-0.016967126193001114,-0.022269353128313796,0.19169586162837982,22152.0,169588.65442433904,2423,96701729,59807606,1432859,2051833,12901456,10970039,13018653,12463866,16252099,13784412,12131721,4543326,5294522,1323414,4445252,889049,31225167,13781667
302,000823,2018-01-24,-0.021739130434782594,-0.02473763118440775,0.286310882609898,24263.0,414409.3586043545,2175,138748870,57621544,714277,1364041,13238949,11297192,9996735,10124977,12820981,9271741,12515237,6189157,14901117,5715292,6067752,4045700,68493822,9613444
303,000825,2018-01-24,-0.007504690431519689,-0.011257035647279645,0.10498764710514435,26450.0,272496.9609310465,2587,148782287,101954098,1502392,1411084,10692591,9427259,13756995,14667270,16962720,16548645,14857079,12559425,7208642,9579567,6330255,6957470,77471613,30803378
304,000826,2018-01-24,-0.007525870178739513,-0.00972091564753852,0.8094511043165324,21322.5,118374.13453053785,1552,65942906,32760690,1055529,1654244,6738599,6490268,6842612,5200729,13007963,7168224,18983473,4053865,4936992,2968087,2634087,479864,11743651,4745409
305,000828,2018-01-24,0.012378426171529622,0.01591511936339529,0.3375942926664237,12496.0,98229.53020173288,1122,16884214,30851713,809141,1073215,3971536,4855732,3116919,5526943,2750556,7574054,3564948,3667821,355056,368829,1397658,889694,918400,6895425
306,000829,2018-01-24,0.01756311745334793,0.014270032930845389,0.29352787031239397,7408.0,76775.23845474298,963,12135340,14802411,807200,1177862,3757797,2596820,1826264,2204501,2117973,2583997,1473354,1056352,682652,705021,917500,1818470,552600,2659388
307,000830,2018-01-24,0.03589232303090739,0.04586241276171488,0.34225481274138453,107068.0,412489.36978845875,3439,310102379,459531331,464713,549197,11068280,11329400,17543301,21304417,45285552,49126674,40188277,45232136,30211707,29683166,34028585,32366155,131311964,269940186
308,000831,2018-01-24,-0.011579818031430933,-0.013234077750206796,0.2877433071835609,20179.0,131784.32646558742,1766,63804033,39346046,1116474,1252673,8298446,8746504,7800873,7066202,10404443,10183473,6295742,4135795,5694454,2080546,7290099,1294007,16903502,4586846
309,000833,2018-01-24,-0.0028571428571427804,-0.0028571428571427804,0.2669524007399646,11832.0,50913.39185898343,687,10487712,8298326,599763,701555,3447721,3146687,2135960,1778123,2018550,1742812,533065,466279,634290,0,0,462870,1118363,0
310,000835,2018-01-24,0.01591187270501848,0.012239902080783294,0.26898362800792636,13215.5,57521.13265546337,922,11659091,15615174,994519,1038935,3615702,5535201,2974198,3033260,2211971,2394782,727496,1224821,374465,316179,0,1246996,760740,825000
311,000836,2018-01-24,0.10229645093945727,0.10229645093945727,0.09344483071394818,24576.0,365640.95288429887,2641,93712589,150811508,1440509,1780330,9320455,11713612,11949821,14428523,16433045,21858487,9816547,18003773,7828928,10283722,2981321,10611617,33941963,62131444
312,000837,2018-01-24,0.00990099009900991,0.008250825082508406,0.2236166643447384,12140.0,62994.30728300462,734,11132476,12113069,620634,710087,2652508,3351268,2567788,2544089,2386579,1892108,1414889,405716,643754,1139000,846324,878548,0,1192253
313,000838,2018-01-24,0.0016366612111291534,0.0016366612111291534,0.16791896636962406,12180.0,55943.606621932166,1325,22564250,15332232,1222608,1369129,6162363,5178249,5010221,3796317,3595678,2743389,2687155,1367594,2056947,389790,842494,487764,986784,0
314,000839,2018-01-24,0.005668934240362633,0.0022675736961450532,0.16747382717570866,30090.0,183363.9464417905,2777,114799558,106003006,1599067,1783251,15631933,13638999,16956415,15505473,21225221,18994183,14453727,13176623,5754422,8086727,7433845,7625627,31744928,27192123
315,000848,2018-01-24,-0.01846452866861026,-0.023323615160349753,0.23738886024122352,16144.0,107401.93392429815,1882,43690996,27580583,844816,1794459,10576783,7571159,8386449,4880808,8323825,5025284,7385639,1559118,1926946,1744693,1768093,408348,4478445,4596714
316,000850,2018-01-24,0.01739130434782621,0.01739130434782621,0.21048054740569516,11700.0,94635.46786120812,477,8706888,11767957,389536,358029,2247162,1944306,1201058,1783238,1501416,2380846,696000,2482575,336707,364980,467000,1325902,1868009,1128081
317,000851,2018-01-24,0.010477299185098987,0.002328288707799775,0.3090397000750048,16708.5,88905.82454040034,772,17182654,14969976,426666,837391,4439033,3133646,2382318,3531611,2072428,3711271,2069944,1131545,1355184,992713,824145,0,3612936,1631799
318,000852,2018-01-24,0.018181818181818077,0.010101010101010166,0.2681430291842812,14804.0,89399.56105518945,1363,25510068,26514576,1492301,1275929,6596281,6399824,6443350,5197738,4190026,4183706,3394764,1997376,2458885,1717941,934461,821934,0,4920128
319,000856,2018-01-24,0.017808219178082174,0.02648401826484026,0.39432024471839594,50278.0,383357.12588171824,3088,177005446,208222042,1034352,1086664,15018955,12472189,22507771,20198911,31155848,30983361,23048754,19973909,17971293,15436835,11801192,10745886,54467281,97324287
320,000858,2018-01-24,-0.024893949542308613,-0.03203840142889047,1.4984797929767775,329688.0,1245291.974021775,3574,1164375381,1169372083,17541,139952,2701217,3444383,10043134,13419741,34851021,45095605,51925960,62586067,41053163,58963128,47367244,55014045,976416101,930709162
321,000859,2018-01-24,0.0071428571428571175,0.0023809523809523725,0.2106189446092381,8400.0,47861.69272140997,397,6217234,3813738,340501,304407,1477225,1526329,1325596,405298,1402295,1160493,864880,417211,386737,0,420000,0,0,0
322,000860,2018-01-24,-0.015121951219512098,-0.02195121951219514,0.4375156006454783,24120.0,201998.64488650917,2197,89917734,70348528,585449,1560938,9731561,9659320,12921011,9962546,15648133,14533875,10419027,10221773,4068396,6249361,7362368,3813760,29181789,14346955
323,000861,2018-01-24,0.0,-0.0032051282051283048,0.1270970694520374,3120.0,74860.513589934,603,9286278,4354038,468351,565772,1442851,1493679,745906,733844,717166,846263,749942,290160,1956350,0,468312,424320,2737400,0
324,000863,2018-01-24,0.003780718336483746,0.003780718336483746,0.24647164106397973,9558.0,94861.56272518322,460,8345793,5094044,375533,408996,1399951,1991622,899017,1112029,1257310,1301027,470370,280370,357604,0,436128,0,3149880,0
325,000868,2018-01-24,-0.0022883295194507935,-0.009153318077803174,0.164765259429143,31319.0,142570.71702938358,2820,108021812,98366007,1786715,1498804,14481750,13698918,17914413,15970176,24479328,21245945,16258932,12224812,9457216,9834279,5738463,4575714,17904995,19317359
326,000869,2018-01-24,-0.002617801047120505,-0.0075916230366493975,1.01536674900308,18975.0,99672.48139513691,1415,37617108,31302385,936365,1182057,7910415,7689189,6300766,4660398,7902042,5710569,4444341,3365558,1349481,2153122,2246267,1317902,6527431,5223590
327,000875,2018-01-24,-0.013698630136986245,-0.013698630136986245,0.09893100826392362,12779.5,84709.92225273633,1366,32372958,16895789,1408892,967955,7962153,4164281,11930803,3443303,2046589,3626861,1494199,429840,690610,1028479,0,426702,6839712,2808368
328,000876,2018-01-24,0.0023980815347721673,-0.003597122302158251,0.15874295373586783,30077.5,204022.35813496064,2766,134120244,117483884,1584160,1483728,13138644,13923951,15414687,15464064,20492433,21553742,13076887,13332235,10903270,4681673,9845720,5821158,49664443,41223333
329,000877,2018-01-24,-0.005123825789923209,-0.0076857386848848686,0.22638914804691673,31144.0,154112.62132737378,2678,111623630,93665819,1100863,1631321,14041714,13826607,15274720,14585687,23024051,20987085,11466579,11644070,9252184,8916519,8016415,4472200,29447104,17602330
330,000880,2018-01-24,0.0,-0.0010752688172044333,0.5650101775064509,9280.0,25660.069222724374,270,2854572,2047772,404429,191243,1310801,984282,610226,557773,529116,314474,0,0,0,0,0,0,0,0
331,000881,2018-01-24,-0.007812500000000111,-0.007031249999999933,0.40725678744118426,12660.0,78768.06984819211,988,19066378,10272457,702571,783159,5274270,4240895,3922334,2609620,2819691,2013692,2558930,255171,712098,369920,481330,0,2595154,0
332,000882,2018-01-24,0.006557377049180246,0.006557377049180246,0.12244505177551232,6140.0,65543.63826765567,621,7947397,8190029,514385,529351,2238624,2082255,1175875,1286262,1390564,1480379,0,904445,699960,392292,1329646,921000,598343,594045
333,000883,2018-01-24,0.004210526315789442,0.004210526315789442,0.12242529773175936,3808.0,71346.42000633196,1509,15527907,15311975,1568878,1619645,2934847,3172949,1815656,1769901,1607124,2375286,1742946,2288612,393176,650810,1896048,2687452,3569232,747320
334,000885,2018-01-24,-0.014848657909765972,-0.01827527127355799,0.36486801176431366,23278.5,113034.7230634702,2304,77219926,49197938,1149279,1684099,11031941,14319374,12194826,10553266,18072966,10898633,7314168,4291229,5753064,1753770,5555988,1260975,16147694,4436592
335,000886,2018-01-24,-0.018018018018017945,-0.01287001287001277,0.20038967193414428,19942.0,147371.22186188985,1505,61627026,40354736,1201596,1143712,6930330,6254606,8208481,6453889,6421825,7774336,6921574,7593969,5458214,3172625,5480243,3176273,21004763,4785326
336,000887,2018-01-24,0.013722126929674117,0.00914808461978267,0.46245411951443954,17380.0,125978.12759683911,1430,39577145,37035886,1043643,1369532,6466523,5925851,6671975,6144336,9523990,6846666,4416439,3602973,1649411,2424764,2188334,1366055,7616830,9355709
337,000888,2018-01-24,0.001890359168241984,-0.008506616257088817,0.3811390835534648,10470.0,63856.23836560231,770,16030600,5537141,642640,417620,3639131,1237018,2282722,1206373,4874720,951706,2342155,0,685978,0,414488,0,1148766,1724424
338,000889,2018-01-24,0.022364217252396346,0.02076677316293929,0.4707708083521183,7614.0,41448.55401339934,707,4024397,7963800,347577,804753,1715176,4292667,807901,966681,272243,166188,0,441956,377100,331470,0,446950,504400,513135
339,000890,2018-01-24,0.016320474777447913,0.016320474777447913,0.2652731572659915,13340.0,66707.74387527164,645,7279573,12450746,746682,345494,3252245,2132074,1595446,1296900,993846,3297864,0,1436341,691354,2074118,0,470560,0,1397395
340,000892,2018-01-24,0.03011292346298644,0.027603513174403904,0.239162440179414,12672.0,54431.76493232239,1111,13223498,20306235,893514,1341258,4169559,6709768,2622508,4024821,2524168,3307127,1155463,1718052,985139,608972,873147,2596237,0,0
341,000893,2018-01-24,0.04676753782668519,0.01375515818431916,0.1723202516002289,11536.0,149910.6795113564,1785,62683947,44248399,1426034,1134324,5405224,5564865,5767113,6981268,12124416,11398475,7748600,5526027,2772362,3891300,3043937,4367559,24396261,5384581
342,000895,2018-01-24,-0.026235093696763356,-0.020442930153321992,0.5386706807091034,51696.0,401641.8179393909,2971,190134795,175599969,947150,1466921,11177821,14492784,17953133,23080569,24568899,39586519,15144389,19936346,11766348,13605197,11233516,5285776,97343539,58145857
343,000897,2018-01-24,0.019230769230769162,0.027472527472527597,0.08974080359992444,8206.0,82932.2059387352,1654,27737381,32115610,1013635,2136932,5383237,5563827,4642224,4501458,7000659,6009338,4928706,2743279,1812447,2776593,1796103,2729633,1160370,5654550
344,000898,2018-01-24,0.007012622720897532,0.0,0.13486868983865696,27826.5,280446.27723758476,2802,163866911,154656162,1047795,878921,17451245,10562161,14781132,13326899,18491749,16107854,14675019,14122956,14297898,9343636,10310017,10598900,72812056,79714835
345,000899,2018-01-24,0.0,-0.0017152658662091813,0.33554669582912355,3492.0,38306.947506634315,301,2520195,2165569,287189,233489,580170,1080633,556381,244828,464255,107898,290000,498721,342200,0,0,0,0,0
346,000902,2018-01-24,-0.008955223880596996,-0.008955223880596996,0.2740808826480546,7968.0,90589.61038878246,1345,21232168,17092581,1686237,1354892,4858456,3427028,3854260,3094019,3995043,3301806,1614276,1327511,1008330,1044975,915036,498976,3300530,3043374
347,000903,2018-01-24,0.00877192982456143,0.0029239766081872176,0.13692973816835902,9049.5,85249.50732539938,624,11361727,8313111,604944,427034,2889614,2227759,1955873,1341821,1667035,537926,490490,714632,1725635,343000,447336,0,1580800,2720939
348,000905,2018-01-24,-0.01730418943533707,-0.021857923497267784,0.29741188854939776,16972.0,89222.94125301587,1363,37314538,25844151,823348,1187338,7082830,5537293,5836568,5491816,7345355,6421182,5299406,2567133,2644303,1334655,2732070,1812101,5550658,1492633
349,000906,2018-01-24,0.11012658227848093,0.11012658227848093,0.2250664801481469,17540.0,207918.12783274415,1234,51707415,26360474,1736520,290271,8416404,2382778,8161489,1948245,8521199,3233418,4239558,2807226,3442053,2831344,2659241,3664127,14530951,9203065
350,000908,2018-01-24,-0.004901960784313819,-0.006535947712418277,0.2730518161973318,10944.0,170191.44345668456,502,14521562,5682461,338615,518818,1837813,2147366,1319270,1567466,2144693,1234287,1028502,214524,0,0,0,0,7852669,0
351,000910,2018-01-24,-0.012779552715655007,-0.017971246006389774,0.5111713113381416,12265.0,141726.69328687247,2413,80952180,38832535,4473206,1044083,10318288,7834956,9153721,5978927,11297866,6802126,10686707,1505289,6600463,3259137,6593043,1822892,21828886,10585125
352,000911,2018-01-24,0.002207505518763808,0.001103752759381793,0.35491790233520776,9040.0,42601.22577262093,651,8696364,6453920,781493,804915,2598307,2606805,2090506,1120832,1273139,1921368,1142119,0,360800,0,450000,0,0,0
353,000913,2018-01-24,-0.023379383634431483,-0.016471838469713007,0.9185463650006012,14847.0,81838.95657520424,419,11115361,3561483,370025,455626,1991515,1579825,3118552,873850,1820413,411984,746559,240198,741067,0,454230,0,1873000,0
354,000915,2018-01-24,-0.04467476769120804,-0.04253037884203004,0.5463443536045953,49689.0,203610.9285957633,2626,203124642,119028702,918301,959600,8875578,12306020,16288135,14827338,24203373,18987892,24240717,11651072,58280428,19642203,16632088,6274139,53686022,34380438
355,000917,2018-01-24,0.02240566037735836,0.018867924528301883,0.21112484003218354,23422.5,115379.31268875822,1614,46921340,57487169,1068248,1191955,7799374,7772989,6935265,7784975,9959119,11706142,3761922,8631464,4944658,7134403,3966792,4722940,8485962,8542301
356,000918,2018-01-24,0.051006711409395944,0.04429530201342291,0.15669448502505345,26530.0,407014.3705838953,2269,93295728,146485221,1609792,1352215,10518800,8506428,13425942,10710195,15380925,15768859,12174914,9636181,10469335,10224795,5936702,8000681,23779318,82285867
357,000919,2018-01-24,0.0021668472372697867,-0.0021668472372696757,0.33983515486938853,10186.0,69397.42903636103,737,15135069,6664698,890347,750413,4368385,2925084,2010924,774707,2182981,1372009,1802688,427566,1124759,0,434687,414919,2320298,0
358,000920,2018-01-24,0.0010384215991692258,-0.0010384215991694479,0.4175836615903124,12493.0,62911.31842392164,531,10775851,6587773,559111,557274,2029532,2466556,1927596,1378631,1204885,1330292,3160267,855020,319972,0,437848,0,1136640,0
359,000921,2018-01-24,-0.019292604501607746,-0.021864951768488683,0.3312979304345984,22747.5,121751.61676104022,2204,80918490,50787639,1354879,1788505,10358726,10943223,11157510,9236079,15510837,10657396,13891817,5761937,5014167,3105533,4805255,2272099,18825299,7022867
360,000922,2018-01-24,-0.01287001287001277,-0.016731016731016735,0.2800500774436631,10717.0,49787.15563899278,770,12256647,7612485,517160,1070336,3172999,3525487,2389945,1498992,2573211,1044265,1975018,473405,1153419,0,474895,0,0,0
361,000923,2018-01-24,0.0016313213703098572,0.006525285481239873,0.5572654042076538,24310.0,249602.67490863943,1937,59357121,66657567,1227135,1528451,11058455,10000517,9658642,9269599,12533548,10128178,5095502,9423104,4075988,4858073,3762179,3914133,11945672,17535512
362,000925,2018-01-24,-0.0035714285714286698,-0.0035714285714286698,0.5633076932888819,13910.0,56357.563009902246,617,11621214,5393985,413956,520728,4447963,2184289,1335131,1131842,1675082,876942,1348035,680184,306085,0,437850,0,1657112,0
363,000926,2018-01-24,0.01243781094527363,0.00746268656716409,0.23244487731032396,28106.0,242308.97512978985,2695,150664870,136006795,3567504,913527,13239747,10095552,10506460,12953602,25763475,19430917,18522643,13259147,12135837,9744282,10824731,12996357,56104473,56613411
364,000927,2018-01-24,0.0,0.002272727272727204,0.15086763082632673,8760.0,52171.06535785529,851,13973094,6810571,1018949,794810,4027871,2667848,2356267,1266606,3102294,848358,2628067,715509,0,0,0,0,839646,517440
365,000928,2018-01-24,0.008888888888888724,0.004444444444444473,0.17190218703877527,20400.0,90571.89607988324,1543,34226905,42415128,1129671,992585,8212846,7686520,6482517,8254304,6788202,10069687,5050900,5153403,3183742,3781113,810141,1376509,2568886,5101007
366,000929,2018-01-24,-0.0008650519031141446,-0.0008650519031141446,0.711524540483229,9216.0,31563.19008632812,263,2469246,2394993,214323,266832,1138306,1038912,664539,115250,452078,656047,0,0,0,317952,0,0,0,0
367,000931,2018-01-24,-0.002865329512894088,0.002865329512893977,0.26874391775123957,9848.0,57904.21121338724,674,8891773,9089754,730881,730529,3075941,2191202,1658258,1385356,2542729,1496446,883964,492087,0,1025118,0,906521,0,862495
368,000932,2018-01-24,-0.003236245954692518,-0.010787486515641764,0.19419968944569305,22975.0,227034.05564726755,2282,118632992,89671466,1819797,2369870,11493812,8745087,9609068,9092756,15190334,13339621,11157752,11335863,10059745,8497453,10792340,6807912,48510144,29482904
369,000933,2018-01-24,-0.029865125240847834,-0.030828516377649384,0.178391478719897,81133.0,330328.1953767565,3391,356693468,252537533,434651,723185,11326998,14189344,19871003,25822063,40961842,43793387,47391982,37281429,36458984,20592502,25076000,17435981,175172008,92699642
370,000935,2018-01-24,0.024960169941582677,0.0015932023366969084,0.3660868602647399,30184.0,150337.14877826528,2648,103826346,87627954,1839574,1470412,13761064,12409071,15887708,14178778,22307208,18457200,12762955,11183687,7356383,6278426,5785023,6420662,24126431,17229718
371,000936,2018-01-24,0.010463378176382543,-0.008968609865470878,0.21144899228099995,13280.0,102838.89404090671,1001,24231059,14092804,840099,933619,4623270,4477354,4449431,2960712,3837583,3927361,2927769,721886,1046263,0,0,464062,6506644,607810
372,000937,2018-01-24,-0.009884678747940745,-0.009884678747940745,0.12981364013257932,10836.0,115324.20626626772,2191,47166792,39070661,761101,3059580,7586529,10297926,5714095,6951547,8596441,6011790,4969496,3393285,3708279,5813680,3086862,2240163,12743989,1302690
373,000938,2018-01-24,0.021131042870173422,0.027972027972027913,1.357875163983872,52312.0,227970.34767584072,2347,125000658,146085510,962623,924448,9418683,10411863,16203302,16865653,19700708,22614530,15144042,17516175,15407584,15247112,8364616,5484140,39799100,57021589
374,000949,2018-01-24,0.002421307506053294,0.002421307506053294,0.23502246333679666,8280.0,31312.784247864423,308,3603504,2292124,374796,302089,1427591,1199475,722388,400890,789629,389670,289100,0,0,0,0,0,0,0
375,000951,2018-01-24,0.04302325581395361,0.03197674418604657,0.3492558953288054,24835.0,164715.62534485548,2427,76890244,103610168,1583768,1130631,11454106,12132284,12379323,12188970,17260686,17103788,11805594,11935768,7310475,7137934,2221021,3891401,12875271,38089392
376,000952,2018-01-24,-0.004243281471004279,-0.004950495049504955,0.5960380001861764,13970.0,62354.5011354635,562,9454904,9778733,409811,681218,2126751,2794601,2004742,1820008,1885975,2472906,1790435,279600,347500,758315,889690,426085,0,546000
377,000953,2018-01-24,-0.0040000000000000036,-0.016000000000000014,0.301115199498531,8162.0,49688.558275650474,621,9285894,5026454,797764,581781,2688503,1921856,1277515,970035,1904155,246398,1025984,937384,667533,369000,419020,0,505420,0
378,000955,2018-01-24,-0.0029197080291970545,0.0,0.24417190920010795,6860.0,57463.98066655499,787,8644915,12228696,342980,1064611,2494376,2505140,2202755,1826817,2478846,2561782,1125958,1800980,0,383640,0,871608,0,1214118
379,000957,2018-01-24,0.007590132827324458,0.002846299810246755,0.2727858161335321,15735.0,109786.70196597488,1493,38447950,26513406,1031830,1066886,6769681,7294450,7637801,5393499,7086515,5712062,4193236,2234442,2502605,973351,1756546,950895,7469736,2887821
380,000958,2018-01-24,0.0,0.0,0.15413530675024392,10380.0,108905.38848351812,1126,19185821,23911663,807733,1098729,3759684,5766030,3117686,3695702,1977296,4946944,2169849,1211951,1327146,1040248,1266439,1265119,4759988,4886940
381,000959,2018-01-24,0.004893964110929794,0.006525285481239873,0.1454479963777318,3095.0,57901.706526379116,1780,18200732,17701137,1493785,1770809,4341783,3895800,2404096,1952144,3914403,3932930,2125019,1828515,1407516,1959586,0,1828882,2514130,532471
382,000960,2018-01-24,-0.0215873015873016,-0.03555555555555556,0.2783819043848139,86868.0,867237.4370046755,3206,444489464,394106311,987403,1062749,10188800,11479301,18939789,18047345,37429361,38698974,27217924,31688914,30216940,21387521,19015300,22256477,300493947,249485030
383,000961,2018-01-24,-0.01401273885350307,-0.010191082802547768,0.14933970763900886,38900.0,339273.28362421476,2770,203411922,176344607,1079015,1550251,9992108,12903841,13943356,12632498,25376490,27444471,19706374,19575029,15044220,15039921,11862386,10894818,106407973,76303778
384,000962,2018-01-24,-0.04943820224719098,-0.046067415730337125,0.24334995651792726,11802.0,166140.9983690435,1341,26980254,26659955,1076014,1468791,5242224,5087561,4979106,2902998,6968156,7378089,3251258,1934886,0,336160,419500,874338,5043996,6677132
385,000963,2018-01-24,0.0025022341376228496,0.00536193029490617,1.0865026744001804,27875.0,132211.96868082118,2659,54388636,91145731,921207,1644833,12665535,17758554,11429985,17240818,13700559,15319398,7556308,8966496,1319314,5818755,464302,3155104,6331426,21241773
386,000965,2018-01-24,0.04038772213247177,0.04684975767366728,0.1166954264268016,37680.0,536785.5154378504,2824,219947031,159439366,1237723,1639788,12395539,11038409,17614764,14343236,31105202,21617983,21929029,12608818,14891345,11861801,11189328,10866960,109584101,75462371
387,000966,2018-01-24,0.002624671916010346,0.002624671916010346,0.17969970138722366,7640.0,80356.30468581276,449,9548926,5918822,426291,496265,1493445,1801142,797059,697047,2762819,792686,1126158,522705,1427387,319352,875087,0,640680,1289625
388,000967,2018-01-24,-0.006688963210702448,-0.00891861761426982,0.2912741773994621,15164.0,68124.08576301168,948,22794172,8692149,798217,706015,7167035,2952753,3383707,2086573,4046668,1437187,2456446,1509621,1375164,0,1333728,0,2233207,0
389,000968,2018-01-24,-0.02136457615437637,-0.01447277739490005,0.3858098582372303,14390.0,73188.46614494194,1415,30512880,19052389,973735,1666087,7361496,5725394,9148759,5488797,5419135,3531946,1253473,1039223,1488799,730800,2170453,870142,2697030,0
390,000969,2018-01-24,-0.004656577415599439,-0.008149010477299212,0.26485952535939455,8500.0,55193.67115868794,1052,15772337,12053390,655654,1270335,4101235,3407315,2861975,3109427,2828420,2198648,3670504,1372374,348090,695291,1306459,0,0,0
391,000970,2018-01-24,-0.004511278195488799,-0.0052631578947368585,0.28694022240848305,21200.0,156835.20954199682,2149,75060196,67358793,957767,1906212,8216881,12784785,10730768,9462329,12370833,12609138,7025515,8413514,6303345,3813200,5850034,3589599,23605053,14780016
392,000971,2018-01-24,0.0056140350877194045,-0.0049122807017544234,0.41601813069054505,14190.0,101550.6373508937,1173,25834872,20968722,872584,1340028,4576454,6488145,4464518,4959661,4152960,2310117,3284378,1152305,927928,344088,851830,888800,6704220,3485578
393,000972,2018-01-24,-0.0050000000000000044,-0.0050000000000000044,0.26616952177322567,5955.0,66391.64290394951,225,3313880,1839697,226910,265906,586554,460741,490236,361193,631021,751857,268769,0,320390,0,0,0,790000,0
394,000973,2018-01-24,0.0016393442622952836,-0.0016393442622950616,0.1624860349989208,11609.0,117232.72503939917,1411,31902397,21371889,1273236,1098732,5775967,5400155,5102613,4449661,4796400,5188852,2053933,980718,2647916,1030962,881481,0,9370851,3222809
395,000975,2018-01-24,-0.018817204301075363,-0.016129032258064502,0.48471506928513336,8811.0,118702.62142352431,942,29295997,12099114,318026,1729370,3142375,2659239,3442715,2207970,5228191,2532897,2496890,1541502,2961006,352824,1360053,459382,10346741,615930
396,000976,2018-01-24,0.0024999999999999467,0.0012499999999999734,0.33400715772469347,17556.0,152467.56371523623,573,14253497,11855619,447710,550364,3650590,2066021,2715833,1105167,2887523,1616489,2154720,1303575,1331714,992197,475007,0,590400,4221806
397,000977,2018-01-24,0.01903114186851229,0.013264129181084217,0.33709265841022745,35060.0,195632.6157733637,2647,107818185,132637510,1387818,1314677,12278083,13532939,15828625,17104731,22730086,23542402,12098742,16188574,8451560,10114341,8137620,10369544,26905651,40470302
398,000978,2018-01-24,0.0011976047904191933,-0.0023952095808382756,0.3535557362958707,8340.0,61720.62119033651,557,8091795,5402116,1186727,574859,1963885,1614416,1323172,1322027,757426,486025,445694,0,333231,396374,880974,450975,1200686,557440
399,000980,2018-01-24,-0.009565217391304337,-0.013043478260869601,0.2690379449993799,13596.0,81136.65463204827,1828,45033593,26041389,1373009,1385544,8905999,7915109,10977537,5169775,7828589,6314910,5104755,2564356,1404164,632800,2684917,437376,6754623,1621519
400,000981,2018-01-24,-0.015700483091787287,-0.018115942028985366,0.2676876352030203,8932.0,83019.64145209597,957,17787985,13348290,411862,1845282,2974957,3835852,2472884,2926159,1856415,1718172,2543414,1089512,3098038,340725,1648656,423280,2781759,1169308
