,code,date,pchange_whole,pchange,change_std,amount_median,amount_std,length,sumsell,sumbuy,sell_vol_0,buy_vol_0,sell_vol_1,buy_vol_1,sell_vol_2,buy_vol_2,sell_vol_3,buy_vol_3,sell_vol_4,buy_vol_4,sell_vol_5,buy_vol_5,sell_vol_6,buy_vol_6,sell_vol_7,buy_vol_7
0,000001,2018-01-17,-0.006978367062107416,0.005582693649685888,0.23978247659124927,409545.0,1639096.7642875959,3579,1636499800,1663760883,139406,169755,3685005,5111870,9592206,10200761,35750391,33729470,38453640,43020618,52859135,46226353,44614074,40099274,1451405943,1485202782
1,000002,2018-01-17,0.007345491388044634,-0.01241134751773032,0.6587709780184728,350748.0,1088879.7264825362,3595,1239619146,1143346356,89152,86010,2650815,3790129,12201034,12301434,39019263,41102583,45018821,50014971,53471397,51496463,55829288,50378781,1031339376,934175985
2,000004,2018-01-17,0.002320185614849146,0.002320185614849146,1.1103441925340403,10700.0,24666.033362041373,376,3780973,2599558,347371,292189,1884008,1532318,985898,551191,563696,0,0,223860,0,0,0,0,0,0
3,000008,2018-01-17,-0.007067137809187329,-0.011778563015312105,0.2105377499867172,9185.0,127727.71879804487,1631,25804034,11212985,5780051,859154,5477049,2442325,2366187,1443261,2308640,1833310,1394592,1255198,0,0,0,2150873,8477515,1228864
4,000009,2018-01-17,0.001474926253687281,0.002949852507374562,0.14629392075727382,13440.0,166672.88862954007,2152,66505874,44128746,2469235,1411076,9141614,8353983,8770742,7109202,9938138,6897292,6289649,4524953,4392295,2706373,5057336,2183360,20446865,10942507
5,000010,2018-01-17,0.00569259962049351,0.013282732447817969,0.12525807815394405,9899.0,58796.41151566003,1774,23361467,23701671,1722480,1555926,8051041,6603032,5632834,4620115,3948152,2932033,2092427,2004568,973722,1636727,940811,1311988,0,3037282
6,000011,2018-01-17,-0.0016492578339747377,-0.002748763056624526,0.3867407024609093,29016.0,149979.9484948051,2214,95156894,62424203,1362372,1306083,11083427,8288003,15639333,11509230,20769109,14673867,10929225,9422566,10064251,7370373,3904971,2725019,21404206,7129062
7,000012,2018-01-17,-0.006810442678774176,-0.0034052213393871433,0.18630928716262354,26160.0,219254.23093064595,2238,97512540,97339558,1479540,1586523,9884236,10977756,11441117,11838139,14409616,16819440,14185212,14095910,6362062,9368425,5780246,7321026,33970511,25332339
8,000014,2018-01-17,-0.028169014084506894,-0.022535211267605493,0.28256395247626803,25470.0,114072.19225837238,2531,87320091,63653046,1621237,1703253,12877678,12046291,15381061,11300498,23263879,14473888,9849679,7071692,8139674,4821254,4854798,2641144,11332085,9595026
9,000017,2018-01-17,-0.006525285481239762,-0.01794453507340954,0.26996091155839774,7236.0,37869.75788796685,515,6568320,3730765,472195,634615,1912074,1614467,1738964,991616,968473,490067,730953,0,745661,0,0,0,0,0
10,000018,2018-01-17,0.004893964110929794,-0.0032626427406198255,0.1889463133264033,6120.0,52492.38037156077,1053,13191845,9587179,1016175,632209,3366013,4622736,3095123,1083152,2381584,1398498,1472009,837375,929661,0,412902,0,518378,1013209
11,000020,2018-01-17,0.0,0.0014174344436570507,0.6484895320102425,8280.0,24570.472943339115,473,3806806,2832914,458277,617220,1627926,1565774,782154,505360,938449,144560,0,0,0,0,0,0,0,0
12,000021,2018-01-17,-0.04038461538461535,-0.039423076923076894,0.17979586759820554,83581.0,1045039.2453652505,3353,526731339,498739726,512984,1198552,8466069,15073839,16259371,22033768,28539637,40436042,26780919,33936873,26086047,30158262,23829589,26249719,396256723,329652671
13,000023,2018-01-17,-0.008871365204534243,-0.003942828979792923,0.9382001167278731,10100.0,50443.773565345444,467,6567480,5106319,389921,444770,2057516,1786662,1570976,517969,1173341,1219726,438276,725520,370392,0,0,411672,567058,0
14,000025,2018-01-17,-0.0013109596224435416,-0.0002621919244886195,1.0265536657374232,15256.0,56820.3765872037,1380,25477888,19466753,1235908,1152366,7939149,6811440,5369016,4285784,3959395,5230575,3283536,1466811,1144718,0,1430950,0,1115216,519777
15,000026,2018-01-17,0.004725897920605071,0.003780718336483746,0.40287015831193285,10480.0,41643.59210596954,689,8956870,7329844,502799,596688,2920311,2839995,2233526,1646237,2396338,636323,903896,475424,0,648230,0,486947,0,0
16,000027,2018-01-17,0.00493421052631593,0.006578947368421018,0.18376924946478992,6110.0,74788.7494931847,1095,15789917,12830318,1430636,1011757,3337658,3051240,2597675,2277424,2248605,2931078,772651,213312,1282532,685432,1318379,488800,2801781,2171275
17,000028,2018-01-17,0.015340364333652934,0.014860977948226273,1.4077420793375317,19002.0,137647.55410471067,1980,53273762,59210926,1029505,2549560,8303092,7963300,11581701,11775761,8573639,9839310,4690798,4177405,4874231,3840934,2620609,3137817,11600187,15926839
18,000030,2018-01-17,0.015209125475285079,0.012674271229404344,0.24351454421169666,7137.0,43247.44469578865,1050,9008431,9338241,809802,1225038,3092495,4164362,1471716,1583371,1079887,1137435,970661,435090,0,334536,930518,458409,653352,0
19,000032,2018-01-17,-0.007345225603357708,-0.017838405036726068,0.34682736281272813,11028.0,52792.213907970196,755,10119952,10055849,667360,908354,3536990,3478763,2127636,1621231,2440921,2097211,953655,721989,393390,324800,0,0,0,903501
20,000036,2018-01-17,-0.029807692307692313,-0.03076923076923077,0.1965996626181188,41779.0,361766.696215701,2803,229284724,150810827,1212757,1050608,9810651,9673626,16028971,13058932,27964027,25079284,27974402,19340776,18557591,16274983,12865155,11865742,114871170,54466876
21,000037,2018-01-17,-0.005934718100890191,-0.005934718100890191,0.29847843023902854,6048.0,40418.759759852226,510,5562851,3770607,443546,485775,1392437,1690259,1239584,728181,771941,662957,997263,203435,718080,0,0,0,0,0
22,000038,2018-01-17,-0.01782985226693823,-0.019867549668874163,0.5616709000395591,13492.5,65481.89340880223,1222,23145050,15814100,963091,1396207,6181527,5094786,5125506,3146078,4263231,2838742,1421508,930590,1045120,1022494,1366271,1385203,2778796,0
23,000039,2018-01-17,-0.019616788321167977,-0.02007299270072993,0.4379806672786913,25620.0,289352.35439326946,2509,133957936,87470541,1368705,1208497,11667410,12245229,11788141,11718561,15158491,13357133,14085415,11771374,7734153,5838125,7941847,6212110,64213774,25119512
24,000040,2018-01-17,-0.00962250185048108,-0.00962250185048108,0.39223342409026557,13325.0,66087.27471317627,1188,11283695,20679571,413199,1363097,4138439,7492239,2137970,3903855,1009398,2591380,940847,1265743,308725,1081294,0,453871,2335117,2528092
25,000042,2018-01-17,-0.05306345733041584,-0.04266958424507661,0.6149522323983324,15592.5,64247.69446133997,884,18325840,10107910,649666,779885,4990573,3039715,2829168,2474851,4124614,2282928,1595182,0,1445448,677892,880784,852639,1810405,0
26,000043,2018-01-17,-0.0009881422924901129,-0.0019762845849802257,0.35061074994631675,13169.0,89442.46218745664,833,22490398,14294499,718662,514125,4104375,2901732,3620879,1679605,5473480,2742292,2920120,1850326,1677310,683100,448188,932965,3527384,2990354
27,000045,2018-01-17,-0.003121748178980144,0.0020811654526535772,0.3416063413421825,9630.0,55535.57360640586,791,12640970,8825482,852872,1075697,3254328,3265896,2123327,2266646,2722467,961484,1178396,1255759,0,0,1741580,0,768000,0
28,000048,2018-01-17,0.059919436052366715,0.05740181268882183,0.7879613146913155,10980.0,67782.43525561134,637,13119120,9475879,480405,586338,2568868,2645069,2564349,2161088,2403635,2355544,1952557,644702,1339798,678028,0,405110,1809508,0
29,000049,2018-01-17,0.02207084468664844,0.015803814713896358,0.7857500524261107,22080.0,101170.33217782517,2182,53663197,72692259,1984464,1106205,8918055,10412765,8541233,12356842,15017173,19732137,5836342,9764034,7730471,6165473,883181,2179707,4752278,10975096
30,000050,2018-01-17,0.006739243131156147,0.009849663037843515,0.3576102032568886,38030.0,182607.79407730128,2912,131458990,143626181,2072668,1037278,13045500,14262170,19071389,17325137,25378524,25237083,13875387,17052898,12739467,12586459,13759390,12521576,31516665,43603580
31,000055,2018-01-17,0.022950819672131306,0.021311475409836245,0.18217803611327205,12450.0,65743.14965044058,1126,18815741,18042325,911751,1050285,4636051,4813089,4508022,4201271,3037838,3941659,3241965,1868971,2064890,355020,415224,0,0,1812030
32,000058,2018-01-17,-0.006666666666666599,-0.0013333333333332975,0.2663151852340854,10360.0,123473.80019499747,793,16423926,11501491,760636,878888,2793345,3441530,2459454,2313636,2316766,1360064,1250158,296000,1441333,0,1256535,847865,4145699,2363508
33,000059,2018-01-17,-0.009615384615384581,-0.01057692307692315,0.20525382760730995,26663.0,227625.6112478011,2572,156906081,99542019,927035,1453567,13343234,11167762,10608916,10334558,19981108,14816121,16110869,15492763,12290270,7565957,7822399,6118950,75822250,32592341
34,000060,2018-01-17,-0.004512635379061436,-0.0027075812274367506,0.2076034950158365,58432.5,274392.078913462,2856,207655292,156996383,910647,872913,17004022,8676703,25537916,14284643,48071197,24552499,23838450,18886649,16020078,15222986,8097388,8168239,68175594,66331751
35,000061,2018-01-17,0.006476683937823857,0.012953367875647714,0.2579658354697594,9438.0,100324.58271037981,896,16352264,17882426,946374,946041,2925933,3302158,3892228,3566566,2898092,3232850,1526366,956577,622071,1417390,432992,958800,3108208,3502044
36,000062,2018-01-17,0.00390625,0.0026041666666667407,0.6441244587868664,4628.0,50831.15732878997,1279,14459708,13776938,711105,2555582,4604242,3731732,2270909,1912333,2965441,3034370,2235949,1139669,647626,0,481320,0,543116,1403252
37,000063,2018-01-17,-0.049357326478149166,-0.0434447300771208,0.6486301179045921,844739.0,3339968.1885459893,3599,3176286285,2862282358,22161,14814,1114831,1053012,5045537,5723884,20525410,26399532,27249480,41578817,26637951,48786167,39045692,53791072,3056645223,2684935060
38,000065,2018-01-17,0.01388888888888884,0.01446759259259256,0.43365587929770033,13880.0,83081.85783033508,1588,26833489,27648796,1152159,1411965,7592893,7238778,6425524,5416684,3881544,5159520,1516192,2665926,2493550,2039588,0,419822,3771627,3296513
39,000066,2018-01-17,-0.009887005649717562,-0.007062146892655385,0.13698067438525127,23232.0,200355.22912391272,2677,141101887,95286784,2116055,1544559,10096530,11757859,14451263,11980466,16767566,16677698,12845259,12032816,10429640,9769038,8537318,3642831,65858256,27881517
40,000068,2018-01-17,-0.016333938294010864,-0.014519056261342977,0.23505451618411455,6564.0,45971.843240933085,549,8778324,3939578,475333,380348,2662553,1173248,1704727,1026820,2631515,571958,466800,451960,397850,335244,439546,0,0,0
41,000069,2018-01-17,0.006896551724137945,-0.0009852216748768017,0.1746536437370498,115024.0,1664631.7074450857,3397,716097607,880012424,602969,792632,10321484,9182965,16563715,15079200,38678292,34082876,33014715,28461341,27855389,33501970,24558288,30116314,564502755,728795126
42,000070,2018-01-17,0.014170040485829816,0.018218623481781382,0.23677254399593886,15120.0,80194.79832711763,1743,34415708,30956992,1722906,1431972,9307091,7972027,7521510,5470032,7128423,6468144,3804033,3153941,1595262,1972852,406890,837000,2929593,3651024
43,000078,2018-01-17,0.0,0.0016722408026754731,0.14428621321418234,11960.0,105347.98911410398,1720,45304498,30390858,1494715,1274682,8905186,6047648,6615951,4763365,6620599,5938615,5611187,2690160,2975809,1014525,3138020,2305648,9943031,6356215
44,000089,2018-01-17,0.012643678160919603,0.0045977011494253706,0.1884736258408037,17460.0,123460.75526849764,2134,56711633,71695113,3231062,907945,10575748,6442853,8233627,8237772,8733786,25243348,6681534,8416952,4600777,2038833,3646410,7058948,11008689,13348462
45,000090,2018-01-17,-0.010619469026548756,-0.011504424778761124,0.21639733178091877,22280.0,195197.05271065465,2738,126838770,76336904,2113763,806123,17315342,7546513,18311058,8034846,19898427,14884356,15762301,6527100,9425467,6913247,5985078,2961551,38027334,28663168
46,000096,2018-01-17,-0.0007462686567164534,-0.0007462686567164534,0.747194873871725,13210.0,87267.5849898494,321,4199386,10893705,283103,284289,1227214,1221997,1006921,857399,704548,2050330,512620,3475346,0,1040225,464980,1320919,0,643200
47,000099,2018-01-17,0.005537098560354448,0.008859357696566983,0.3041131163948786,7223.0,48473.33212102718,881,10660996,8226874,1098168,878653,2824805,2833402,2064240,1630928,2403045,2142489,724622,269656,0,0,861356,471746,684760,0
48,000100,2018-01-17,-0.03448275862068961,-0.024630541871921152,0.06959387425407461,81154.0,540956.7425976429,3432,464426044,431369894,718616,1730458,7992736,15004783,12884196,22537999,30922156,44566986,28586123,33051699,23887468,27013257,20476787,29502595,338957962,257962117
49,000150,2018-01-17,0.0017301038062282892,0.0017301038062282892,1.427940495182839,8619.0,22883.437033493254,409,4036952,2468492,742438,335295,2150843,1032673,771049,331582,372622,768942,0,0,0,0,0,0,0,0
50,000151,2018-01-17,0.039967373572593834,0.029363784665578985,0.40567788285630774,15120.0,77159.90265315815,913,15197863,19526009,657533,758017,4514191,4830486,3007472,3888685,3116184,3898291,808470,2030094,1118430,696513,1375693,432523,599890,2991400
51,000153,2018-01-17,-0.00969696969696976,-0.00969696969696976,0.3319719506853869,12210.0,41838.968762405835,617,10054231,5453935,585467,744683,3287395,2561712,3013507,942901,1838246,330518,984904,476564,344712,397557,0,0,0,0
52,000155,2018-01-17,0.04078014184397172,-0.007092198581560294,0.1279511277738571,17298.0,91426.66564271592,1947,48933020,40079594,1468159,1305067,9069868,8808961,8838848,8265178,13184529,9068007,5610472,4254626,2953636,668913,893013,1800776,6914495,5908066
53,000157,2018-01-17,-0.004366812227074357,-0.01091703056768556,0.08772678768501728,14463.0,246734.01838781324,2740,105041543,88330576,1388442,3177027,9115661,16279027,9081643,8898601,7484373,12841801,5940550,6794220,5776343,3959858,10690678,7707983,55563853,28672059
54,000158,2018-01-17,-0.014851485148514865,-0.01980198019801982,0.22668105813975584,7920.0,86394.17332628721,1271,27032266,13022073,1496664,1352384,4342991,3967882,4145020,2658194,4315106,1499610,2166442,1631454,3133267,1074045,2273117,838504,5159659,0
55,000159,2018-01-17,0.0038461538461538325,0.0019230769230769162,0.22617994780109238,8780.5,48647.85007194119,528,6704024,5821816,443758,544471,2210791,1712846,1258735,1440379,1395686,430065,721654,219208,673400,1043247,0,431600,0,0
56,000166,2018-01-17,0.02819548872180433,0.03195488721804507,0.09939760124565793,40552.0,407387.8713235857,2877,177765406,249872184,1217167,1408067,10898026,12405400,13262756,15224016,27376099,28713321,22639294,20980233,15522709,21083136,11050898,11685279,75798457,138372732
57,000301,2018-01-17,-0.005154639175257825,-0.005154639175257825,0.15657616796947915,17295.0,125456.65857854589,1384,49354759,29897749,995385,1004177,6340642,5587234,5164974,5410235,9689734,6757830,5756556,4773451,4840420,2454732,3140688,901395,13426360,3008695
58,000333,2018-01-17,-0.03688524590163933,-0.031967213114754145,1.02073013449785,236440.0,934353.744280379,3573,905315718,860475210,100340,126524,4059018,6235239,13001568,16783509,50071366,51906891,46600378,55787114,45662212,55681097,50626392,51901749,695194444,622053087
59,000338,2018-01-17,0.008888888888888946,0.0022222222222221255,0.15306502168093114,72899.0,442056.2498723275,3464,376975157,354162984,1214364,979920,14370211,13209345,24149549,21816821,45004213,33663388,34079821,32062068,31567356,19039612,23183620,20607306,203406023,212784524
60,000400,2018-01-17,-0.012165450121654486,-0.005677210056772131,0.2740328663938782,17108.0,126313.25567572744,2025,61367317,62379492,1315534,1899226,6517940,10759217,5987467,10406733,8166689,13667554,9376531,8463003,5142042,4058611,8397612,5734012,16463502,7391136
61,000401,2018-01-17,-0.02837837837837842,-0.022297297297297347,0.2564917954162937,69552.0,674836.2062694884,3335,424617242,331175156,1155643,844370,13120408,13855276,17499844,17941600,35562542,31944086,35716722,25474978,31961250,23173069,24801208,16606699,264799625,201335078
62,000402,2018-01-17,-0.019215372297838318,-0.02562049639711772,0.22529591846044783,53367.5,387154.83811710594,3080,291172026,222113279,1194048,1449148,9680080,11741183,19165799,14498678,31973641,27631092,27415524,26359405,20549413,20028439,13660611,18357929,167532910,102047405
63,000403,2018-01-17,0.03756521739130436,0.04139130434782623,1.0971473009667845,29390.0,130377.36479661043,686,15664669,35966174,363753,335265,3058144,2705308,4181606,5292548,2666217,6904146,1585297,7380899,2311920,3027889,954732,2209253,543000,8110866
64,000404,2018-01-17,-0.0017241379310344307,-0.0017241379310344307,0.21007280677065657,12595.0,120821.35844580084,762,16302688,16423470,505924,791471,3343864,2904525,2196045,3511015,4700186,3553654,3007215,1282706,697796,341309,1341633,0,510025,4038790
65,000407,2018-01-17,-0.018276762402088864,-0.01436031331592691,0.21618234342387838,11242.5,66306.80311785801,1256,24161345,13947688,1156377,1153247,6363972,4878600,5026087,2291918,5126709,1674240,2430495,1263800,982883,388110,890640,941620,2184182,1356153
66,000408,2018-01-17,-0.025266704098820814,-0.011791128579449639,0.4762248679744811,26490.0,163060.7062653235,1399,66219037,48040508,758747,1079695,6531789,5427707,9122884,5433500,14178731,8062979,8868266,3800127,9700884,2843285,2577135,3946816,14480601,17446399
67,000409,2018-01-17,0.0,-0.0016233766233766378,0.1847475087161758,10540.0,47359.14144286945,1113,15761604,13981007,1149038,909301,4980714,3769278,3646739,3937828,3976555,3785146,963354,817708,0,308000,400223,453746,644981,0
68,000410,2018-01-17,-0.011707317073170631,-0.007804878048780495,0.2894547764924393,17340.0,98184.36986692136,1254,35688617,24903277,708190,740770,6012733,5498378,5592452,4154312,6503710,6268274,5070597,1584060,3023927,1691057,3142887,1727742,5634121,3238684
69,000411,2018-01-17,-0.0014541929229276995,0.002423654871546388,1.1798174743476786,10190.0,47987.677318060596,305,3715823,3579250,229961,297803,1237680,1103481,601451,679185,907424,786611,419655,0,319652,309300,0,402870,0,0
70,000413,2018-01-17,-0.011982570806100101,-0.014161220043572897,0.1637321652774699,47620.5,311255.8937139705,3148,225133301,175351371,1257518,1793080,12037414,16110581,18937158,20065955,32974369,35711199,26430529,26111203,18670805,13619329,14460425,12230802,100365083,49709222
71,000416,2018-01-17,0.005494505494505475,0.008241758241758212,0.26817210997472235,10248.0,70181.49859114063,737,9032283,13293491,598989,934428,3089743,3340544,1977500,1799357,838733,2675247,1028402,741368,1055076,313110,443840,1360962,0,2128475
72,000417,2018-01-17,0.005025125628140614,-0.0012562814070351536,0.29550453439062846,11880.0,63333.833529826734,725,12708726,7299474,581293,857093,4133904,2640144,2163605,1434348,2135179,1415040,456289,211003,1663576,741846,418438,0,1156442,0
73,000418,2018-01-17,-0.022854033464834833,-0.024486464426608734,1.6391710648077495,28922.0,232397.63262018337,2020,96985202,37145961,822234,1433965,13761433,6308261,27079869,5380437,11651099,7068447,4008273,3781900,4119353,1715675,1765097,417600,33777844,11039676
74,000419,2018-01-17,0.00339558573853993,0.00339558573853993,0.29609387166303264,11058.0,58708.196752651915,395,6574835,4740416,345884,360609,1783529,1484682,1216683,1271103,1351296,698917,831499,516553,0,0,408072,408552,637872,0
75,000420,2018-01-17,-0.003215434083601254,-0.003215434083601254,0.09531439143225094,3070.0,76827.91782177318,1068,15847551,6600228,1022992,893793,2494427,2417936,1511319,1187740,2418947,1106527,1173688,684232,1310422,310000,898527,0,5017229,0
76,000421,2018-01-17,-0.0016339869281045694,0.0016339869281045694,0.26342888147052956,6090.0,67679.7660150936,539,6110308,7309021,502900,655645,1484800,1726694,1544090,1116176,1307994,629858,426049,555898,303000,1092590,0,0,541475,1532160
77,000422,2018-01-17,0.00982800982800991,0.014742014742014753,0.14244508710866496,8866.0,74693.94442191074,817,14365119,12771507,961547,667639,3558699,2898315,2787221,1367944,3388082,2239963,1647787,979876,1072947,1827631,948836,0,0,2790139
78,000423,2018-01-17,-0.015256588072122046,-0.012020342117429528,1.1987368845233064,51440.0,276699.0568119021,2931,207161351,159043446,772020,996275,9334362,16533865,19239669,21941656,32717832,32352229,22513463,18891472,18647054,13390530,10929790,4516648,93007161,50420771
79,000425,2018-01-17,-0.03164556962025322,-0.03375527426160341,0.08050319649131828,81702.0,488545.72645155987,3489,406181565,323354964,878210,984545,10120081,14623592,19429261,27809959,39340154,51557220,38238345,42250662,33432764,30295552,22209079,14694390,242533671,141139044
80,000426,2018-01-17,-0.03499999999999992,-0.028999999999999915,0.22459676949723031,24125.0,164115.7555406598,1987,96426565,62668804,1015351,1756928,8104873,9992687,8861951,9183234,15296545,9239051,17465927,8613002,7915678,3392368,7672619,6896949,30093621,13594585
81,000428,2018-01-17,-0.004761904761904856,-0.0071428571428572285,0.2080149271125982,5004.0,43816.57374832536,407,5145548,3504016,497200,240918,1637569,1085584,855719,770146,946439,545238,1208621,512265,0,349865,0,0,0,0
82,000429,2018-01-17,0.017478152309613026,0.013732833957553092,0.23525217577505325,7980.0,114642.33891402213,1160,25049912,22080844,972124,1428729,2744499,4206351,1660125,2779662,2225053,3404536,1211205,2902818,3830888,1419658,3713744,1715964,8692274,4223126
83,000430,2018-01-17,0.0,0.0,0.3134421224759184,11154.0,74964.99895711351,761,13668632,8734342,735867,942937,3751945,2957711,2911908,1450012,2272892,1652730,1443144,217769,722593,308238,0,0,1830283,1204945
84,000488,2018-01-17,-0.020776380535811878,-0.022416621104428658,0.337204816413406,65619.5,356950.01595570205,2946,305420795,218301093,622510,1249480,11883980,11455514,14690759,16784165,30257206,29657970,29691214,28170549,35637744,18365439,17668970,17057836,164968412,95560140
85,000498,2018-01-17,-0.011922503725782407,-0.01788375558867361,0.17693089830735828,13020.0,119822.2949649912,1440,40380604,29501273,638038,1717680,4810412,7014761,3318973,6130505,4461946,6326017,2861559,1555575,5005472,727076,3648359,452377,15635845,5577282
86,000501,2018-01-17,0.014619883040935644,0.007602339181286499,0.3848939471407886,16591.0,136131.64428279846,1976,61437411,43629018,1941316,1366690,9849750,7264492,6708134,8915564,10334184,9467865,6005462,3728353,6615297,3526598,3171895,2237127,16811373,7122329
87,000503,2018-01-17,0.003309692671394915,-0.009456264775413725,0.9810286194848896,28805.0,347651.3794148061,1862,110371041,112799341,1080087,1602138,7804804,7805918,7812150,7399796,13483170,14345341,9415281,10375209,6390963,8424324,7806196,10977352,56578390,51869263
88,000505,2018-01-17,0.0,0.003558718861210064,0.3042263236570093,11781.0,47972.505353691864,768,10638589,9638645,666867,714361,3867816,3380964,2112924,2517513,1761668,1457121,960883,719186,336000,0,425432,849500,506999,0
89,000506,2018-01-17,-0.010914051841746208,-0.028649386084583894,0.30989152797673253,9308.0,72715.93351944162,559,9318055,7667685,376485,628596,2623901,1832251,1799658,957427,2413181,1299468,1124361,429717,397449,0,0,427800,583020,2092426
90,000507,2018-01-17,0.012108980827447047,0.020181634712411523,0.2110992753259071,24372.0,186814.0854323515,2206,88874554,92940857,1222760,1139449,10883221,10071156,11591321,9198070,15608688,13020853,10652592,9506960,7503075,5877189,6101442,7680243,25311455,36446937
91,000510,2018-01-17,-0.01637426900584804,-0.0140350877192984,0.27520655493430984,16900.0,94180.29442875752,966,20660204,23816893,785035,912473,4916366,4387383,3520564,3491816,4005295,4546102,2841268,2775141,661892,2452475,828356,838686,3101428,4412817
92,000513,2018-01-17,-0.008589743589743626,-0.007307692307692237,1.413057360364488,76570.0,315067.1422096645,3056,277398570,254735001,1123428,1075917,11603685,11296375,18696169,16777226,34346583,31048768,29203382,25328841,32229906,23309543,27236438,23764467,122958979,122133864
93,000514,2018-01-17,-0.013119533527696903,-0.013119533527696903,0.1785946586012664,13480.0,66655.89431491513,1477,31665315,19532891,1151361,1290711,7148331,5504833,7595571,4341485,6585359,3805657,3380543,1975023,1729996,1449083,1293220,413853,2780934,752246
94,000517,2018-01-17,-0.06024096385542166,-0.07745266781411353,0.09851522593266343,76209.0,549939.5957675967,3506,402373983,303316012,1022785,949174,13526223,11181946,25051373,19860150,46617102,40754842,33529923,37001151,30569889,23361157,24370607,16808351,227686081,153399241
95,000518,2018-01-17,-0.004267425320056972,-0.011379800853485111,0.21996761298667633,11849.0,62717.52328564456,1022,19918142,13948611,852129,1132114,4242257,4206982,4141318,2708200,4247311,3491859,2626088,1048080,1782824,715016,1327268,0,698947,646360
96,000519,2018-01-17,0.020000000000000018,0.020000000000000018,0.17952500702874208,16860.0,84636.63686934722,2245,45495735,51978683,1921742,1852929,12008277,10350000,8649425,8510869,9476448,12341587,7210525,6324750,1294552,5150785,1284031,1312298,3650735,6135465
97,000520,2018-01-17,-0.004950495049505066,0.0,0.14882285282629293,8020.0,81506.49402553448,737,12219281,7777168,648778,824380,3059572,3066257,1881663,894000,2138477,2356120,675539,636411,1417336,0,0,0,2397916,0
98,000521,2018-01-17,0.0,0.0,0.21036213514693955,6597.5,54820.09961096931,592,9141922,6682518,517468,478930,2186881,1603132,1804772,1310512,2608934,1150543,1336525,500976,687342,1080281,0,0,0,558144
99,000523,2018-01-17,0.015815085158150666,0.018248175182481674,0.2724124828542638,13939.0,97294.87364882542,911,20460644,16386919,1007816,774545,4531549,3549402,2956782,3725430,3092280,3452286,969005,1765873,738845,704760,2079109,1370835,5085258,1043788
100,000524,2018-01-17,0.008007117437722311,0.005338078291815096,0.4834703580423769,5577.5,30288.32301814276,540,4110877,4083599,257652,693293,1608577,1838881,924979,683419,373376,644606,946293,223400,0,0,0,0,0,0
101,000525,2018-01-17,-0.014261019878997527,-0.021175453759723517,0.5831973019232184,31472.0,202853.2565756371,1575,102711358,41344839,757213,682943,9654442,6485645,9158269,5863480,16237565,7189463,12389705,4283307,5146849,4461246,8546243,2599324,40821072,9779431
102,000526,2018-01-17,0.054152945481156234,0.06183680936699609,0.8130513617738928,16734.0,260236.54205726838,1134,35366967,46416290,926449,799897,5426858,4665125,3918066,3407850,4432834,5550342,3141339,4155148,1057297,2735536,2265361,2652582,14198763,22449810
103,000528,2018-01-17,-0.022379269729092988,-0.018845700824499434,0.17218318903708554,16700.0,112747.26758357795,2436,70259856,39100454,1854370,1427142,17295487,8621021,10844888,7582822,9701451,5946243,6692081,3686832,2988061,1635287,8315673,1709948,12567845,8491159
104,000529,2018-01-17,0.034965034965035,0.020979020979020824,0.23660873500759355,10522.5,83304.09920292743,914,15460600,18629589,1310623,696832,3772620,2919085,1911749,2566334,3259765,3629156,3044469,3378106,969524,1091271,473850,488488,718000,3860317
105,000530,2018-01-17,0.02402957486136792,0.031423290203327126,0.16055414381482613,12581.0,111198.34285480587,1136,23365331,20414484,1283156,726207,4982959,4472724,4000636,3574957,4962421,6102343,2904808,1951843,692835,1016599,849986,435050,3688530,2134761
106,000531,2018-01-17,0.014138817480719768,0.01670951156812328,0.3950181539118044,11895.0,63765.947200657036,387,5987692,6840615,406298,345039,1769887,1417171,1210665,1842331,1098491,948004,514718,522230,987633,725667,0,0,0,1040173
107,000532,2018-01-17,0.0030090270812437314,0.0020060180541623396,0.389091275777298,12765.5,50077.53773286174,656,10567338,9683491,560479,817967,3140457,3202366,2506266,2090498,2262120,2213260,1267197,940086,0,0,830819,419314,0,0
108,000533,2018-01-17,-0.0038498556304139564,-0.011549566891241647,0.4484332638943767,9279.0,82312.76290474375,536,12295096,6822273,568278,279157,2202983,1074971,2557852,1975221,1895414,1717805,1101518,257750,1352808,989519,866641,0,1749602,527850
109,000534,2018-01-17,-0.0037878787878786735,-0.003030303030302939,0.5230618040052715,2628.0,42632.182717982614,638,6064257,3956367,402613,751206,791542,1188155,718349,291946,2743523,835743,1408230,217601,0,671716,0,0,0,0
110,000536,2018-01-17,0.006493506493506551,0.008658008658008587,0.14426611549682727,4167.0,103683.4018499751,1027,17359355,11035828,900293,1145676,2624017,2658576,1502628,1787829,2475610,1450390,3178548,951481,1374966,335966,897804,463999,4405489,2241911
111,000537,2018-01-17,0.06281227694503921,-0.027123483226266898,0.28945509819685233,29295.0,332911.78366476996,2349,182472270,139975900,1734869,1107612,8201481,7040965,10623904,10056372,21897920,15970192,18610370,10701824,14850016,11544584,8685760,10218689,97867950,73335662
112,000538,2018-01-17,-0.020186631117882214,-0.015044753380308529,2.1430531832561015,52025.0,453984.9311144383,2403,221010362,227466015,8031,2294,9486979,11325529,14644055,12888244,23592290,22896032,19226992,16033217,12931322,13025365,9438775,7058816,131681918,144236518
113,000539,2018-01-17,0.006224066390041472,0.006224066390041472,0.2435150738358942,8211.0,100992.12845472527,391,6466291,6955734,285577,450561,1772204,1136572,684992,621756,622723,837131,472570,279256,695526,1056552,0,1908001,1932699,665905
114,000541,2018-01-17,0.03271537622682663,0.030534351145037997,0.19401851696589034,16929.0,123288.09396421173,2236,50230227,67422033,1926875,1720200,9425954,11545869,8894559,8986288,10708606,10860506,5378304,6211853,5196033,4523138,932319,5897820,7767577,17676359
115,000543,2018-01-17,0.007936507936507908,0.007936507936507908,0.15586534025257018,8064.0,82814.69316155314,1046,13863291,20485840,789419,1417744,2740283,3719177,1633131,3764534,2387434,3948836,3098794,2597244,727987,371061,417261,866879,2068982,3800365
116,000544,2018-01-17,-0.006172839506172867,-0.00137174211248281,0.6086015621638039,8718.0,39319.446882554264,573,7126301,6067962,682293,417698,2371224,2120627,1754820,1602606,1077480,1379931,1240484,547100,0,0,0,0,0,0
117,000545,2018-01-17,0.0,0.004040404040403844,0.1573516604501644,9800.0,72502.30733906082,990,15833338,14138653,950649,1342070,4067652,4234154,2573516,2372003,2186661,2830767,1261800,1422309,323718,368250,977998,975100,3491344,594000
118,000546,2018-01-17,0.004536616979909258,0.0025923525599482744,0.4595749810345126,9207.0,79114.92541086966,1128,25787220,14522955,1247966,685938,5414020,2652479,4223533,1876983,7809787,2929869,2198896,1833579,1610690,1366566,847110,1272691,2435218,1904850
119,000548,2018-01-17,0.003129890453834161,0.0,0.25062347297709486,9465.0,75364.85035929969,650,10352321,6820480,591718,644451,2783093,2323330,1637433,1641715,1553092,577248,205400,682970,341187,0,447238,0,2793160,950766
120,000550,2018-01-17,0.0,0.0,0.5457083865585418,39500.0,2752058.922775324,1309,418259918,64177730,1943365,19732,9407060,473481,11042960,1355668,17357237,4734288,10676691,4605934,8069859,5700471,10384622,3584149,349378124,43704007
121,000551,2018-01-17,-0.0024721878862793423,0.0012360939431397266,0.40712087142848785,10510.5,51717.239334352016,394,5940324,5233370,440002,381539,1704510,1481748,1552920,821877,1176893,1159748,726753,246214,339246,701144,0,441100,0,0
122,000552,2018-01-17,0.011331444759206777,0.0056657223796034994,0.08193567548517793,6745.0,68756.59189169352,1870,18206570,21613153,2487353,2496670,5802079,3666678,2652054,3026345,2979660,3617362,1173523,1905095,694668,1099621,414028,485995,2003205,5315387
123,000553,2018-01-17,-0.030796048808832133,-0.021499128413713042,0.3691045626745565,33040.0,162742.0385515137,2176,93273558,68357368,1047387,1021911,10986895,12003685,14611203,11974703,18404915,15938191,11319841,6071324,6488913,6595455,4847142,2670966,25567262,12081133
124,000554,2018-01-17,-0.024213075060532607,-0.018159806295399594,0.20896163962901965,16400.0,139943.91186335517,1565,49460851,28973304,1214663,1556683,7954599,6992837,7672826,5611499,9997744,7984608,4576945,3144981,1367162,1726596,3664176,1436890,13012736,519210
125,000555,2018-01-17,-0.01432181971356361,-0.013479359730412699,0.311123806405123,13758.0,70790.78855739972,1456,29216395,22022405,1171738,1243257,6636169,7033289,6464492,3636517,7309174,4638383,3951081,1783162,618773,1294251,877162,0,2187806,2393546
126,000558,2018-01-17,-0.005847953216374324,0.0019493177387914784,0.14416890164986235,10100.0,47957.39816677527,1268,18512999,14463323,1172044,1108356,5290110,4415365,3972888,3303390,3932426,3236825,2452399,1153002,1693132,664612,0,0,0,581773
127,000559,2018-01-17,0.02989690721649496,0.03298969072164959,0.22339955868277936,14760.0,211556.20557603097,1887,38201934,61266627,2043769,1652176,9480250,7553618,7948058,6390297,7509687,9224413,1644274,5217300,1755154,3659428,3876088,3111989,3944654,24457406
128,000560,2018-01-17,-0.006389776357827559,-0.0010649627263045192,0.24605816118893764,18540.0,88361.84951785466,1458,38621892,32533806,1186319,1459797,6967521,6561510,6796766,7165234,8817462,6021349,3955085,3369109,2386767,3099157,4116112,1855058,4395860,3002592
129,000561,2018-01-17,-0.014527845036319542,-0.014527845036319542,0.2366502011795006,8119.0,55991.26658202592,1219,17029799,9157804,1838971,1723605,3502677,3923783,2701812,2143927,2035897,729181,2233968,637308,959401,0,968970,0,2788103,0
130,000563,2018-01-17,0.09661835748792269,0.08937198067632846,0.0748048401002742,29120.0,568044.7907055388,3089,239135549,155892843,2520002,1476779,15372021,11569255,17053946,14305413,23966355,22975439,17606259,15562123,15217990,15659287,10319522,7249930,137079454,67094617
131,000567,2018-01-17,0.011522633744855959,0.010288065843621297,0.805858623082292,14543.0,140588.01095641195,910,22245931,21015613,890333,858676,4094687,3494378,3744320,2710315,3216064,2218819,2803180,2509212,2394939,1430393,1343565,431880,3758843,7361940
132,000568,2018-01-17,-0.04315171377850624,-0.03550457462788481,1.312942418711494,84324.0,482097.4494989834,3113,339355595,345552535,342439,1382358,7915887,14063459,14999452,24047807,27160024,40922251,25538031,29429039,28541467,26153286,23520115,21884605,211338180,187669730
133,000570,2018-01-17,0.00365630712979903,0.005484460694698434,0.3016528370769903,11010.0,44739.698394855455,328,4710634,4094143,271980,237132,1495634,1396558,797554,1005168,1135399,751162,683667,704123,326400,0,0,0,0,0
134,000571,2018-01-17,-0.003853564547206201,-0.0077071290944122905,0.13936291518738517,1551.0,40341.03671572238,1391,11906397,7527416,698339,1618803,3355560,2748427,2492168,1468472,2116718,866939,1243707,517575,626330,307200,0,0,1373575,0
135,000572,2018-01-17,0.0,0.00433839479392617,0.14970329300676286,6839.0,63200.42359596896,949,15453824,12505321,1163511,869529,3565749,2491177,2635349,2405817,2580465,2934541,2108816,977994,2105628,1708449,1294306,476559,0,641255
136,000573,2018-01-17,-0.03738317757009335,-0.02990654205607468,0.14528062583487103,13075.0,67298.59259756026,1359,30308178,17243274,1007879,1073782,6787048,5887357,6045233,3929587,6583485,2780524,5002148,1461005,1018508,0,1325050,840701,2538827,1270318
137,000576,2018-01-17,0.0,-0.0011771630370805974,1.0136585026274771,11837.0,170293.80412297047,280,5558489,15698174,411052,118766,905334,678631,792154,1090797,824272,1125883,927358,1217858,0,2550821,880360,1738738,817959,7176680
138,000581,2018-01-17,0.005910165484633634,-0.0011820330969266601,0.4643043403096941,57948.5,290500.37187162787,2990,223706764,222414669,935473,824288,12512688,10434317,21022658,16451280,32875293,31575448,23414245,22140581,19671087,18840746,15807989,15915988,97467331,106232021
139,000582,2018-01-17,0.03853955375253548,0.02535496957403649,0.2877795461654401,15135.0,64454.31051813042,1174,19508583,24010354,690624,1029703,4975234,6553810,4285213,5737466,4716515,3765990,2872489,2697736,649886,682240,1318622,1673588,0,1869821
140,000584,2018-01-17,0.0014204545454545858,-0.0007102272727272929,0.6558153596225268,15499.0,86682.26811688369,460,10157690,8196529,460415,177477,3927385,1462262,1634179,1534630,1358746,2276589,715558,1273152,731363,328530,0,0,1330044,1143889
141,000585,2018-01-17,-0.029545454545454763,-0.015909090909090984,0.09005187938575057,11928.0,183750.55736523698,2395,49827703,84555442,661785,3604314,5783100,13357756,4184675,11268563,6094691,12549116,2632268,8772032,4491877,5376749,2339702,4514963,23639605,25111949
142,000586,2018-01-17,-0.007291082445316843,-0.010656197420078395,1.4467059504614492,8760.0,307808.0506488682,151,5911352,1085965,202206,148250,544103,329326,364394,155447,550056,133532,0,0,0,319410,493640,0,3756953,0
143,000587,2018-01-17,0.004098360655737654,-0.006830601092896238,0.14793830159501567,39737.5,208720.7208863577,2456,95026789,106946505,990923,906471,14287154,16319752,22939821,15185494,20594254,16827698,8702951,5351881,4107009,3413426,3541525,2155666,19863152,46786117
144,000589,2018-01-17,0.00219780219780219,0.004395604395604602,0.2189865030720658,5460.0,38563.08203207791,431,4425264,3715250,453547,334830,1942632,986125,766999,1002199,1262086,649436,0,225336,0,0,0,0,0,517324
145,000590,2018-01-17,-0.005540166204986208,-0.0076177285318559385,0.8325531087497595,8538.0,40178.57748801677,300,2979248,3565818,339424,274336,880415,1005230,859188,1055140,900221,804872,0,0,0,0,0,426240,0,0
146,000591,2018-01-17,0.023508137432187937,0.02169981916817365,0.13137992534921358,14125.0,210343.1021770051,1775,36580077,60741091,1556651,1554691,7327036,8179085,6704108,6655949,6952172,7953802,4381451,5283278,3530740,4029018,1670022,5423315,4457897,21661953
147,000593,2018-01-17,-0.04559915164369033,-0.03923647932131491,0.26571079031601785,13575.0,113882.81955164646,1263,29298239,27253813,1114220,1269349,5983315,5493719,4940658,3509009,5859709,4471207,2643461,1708888,3329852,2134290,480395,3504111,4946629,5163240
148,000595,2018-01-17,-0.013513513513513375,-0.013513513513513375,0.19117493070647848,7168.0,53910.883168637876,734,10846590,6295655,661505,775542,2573770,2510820,1660502,1408100,1744008,1133745,1881391,467448,1042403,0,0,0,1283011,0
149,000596,2018-01-17,-0.011859838274932755,-0.007277628032345107,1.4784576824976197,43584.0,235724.52887205375,2522,140490337,135345118,1291325,1869348,8964844,11310473,16581802,15548595,25324462,22340982,17196282,11300642,13448488,12213364,8690106,8193979,48993028,52567735
150,000597,2018-01-17,0.0,0.010879419764279419,0.30781244494669135,15519.0,108774.2571300698,1284,32530980,28499163,863659,1035354,5762609,5821768,4706588,4453717,9012157,5631678,3869283,3434351,3480916,1126355,0,936846,4835768,6059094
151,000598,2018-01-17,0.011278195488721776,0.013157894736842035,0.1481363609594877,10660.0,102299.24221176411,1291,23426417,28596079,1425571,1087585,4927013,3776303,3510926,5471628,4292540,6605680,2097614,2949582,323910,706075,1822524,1769302,5026319,6229924
152,000599,2018-01-17,-0.014516129032258074,-0.01935483870967747,0.2363078087493787,10077.5,85029.22528164627,688,13485799,8716833,534351,875133,2045963,3454123,1806851,1570941,3005430,1539731,673484,638287,982075,638618,1739051,0,2698594,0
153,000600,2018-01-17,-0.008663366336633671,-0.008663366336633671,0.18881618921650573,15860.0,97870.15119713779,1833,47027654,32518140,1294617,1793252,9329790,8020954,6975706,6747261,11473726,5137718,3957094,2004088,4778693,3638357,1804872,475540,7413156,4700970
154,000601,2018-01-17,0.00843881856540074,0.007032348804500765,0.3551402399053084,10635.0,53380.48618411456,400,7067909,4891231,367400,343947,1718837,1092546,1972468,1464209,1535571,857980,976608,704042,0,0,497025,428507,0,0
155,000603,2018-01-17,0.00251677852348986,0.004194630872483174,0.41766767769433205,11850.0,83077.50674556282,814,14416233,10976360,614865,745852,3991772,3660753,2387724,2022803,2882901,1412338,747286,1172683,708710,343980,852370,954791,2230605,663160
156,000605,2018-01-17,-0.011494252873563315,-0.016967706622878942,0.4955980235075116,14352.0,53972.86317352308,1359,24158419,16722164,1056751,1088160,7165042,6078548,5401897,3909928,5926353,3302829,1501102,1225574,1435094,0,464360,0,1207820,1117125
157,000606,2018-01-17,-0.009334889148191361,-0.011668611435239118,0.332222904941052,5936.0,70137.69631750371,665,9447581,3897095,1450282,552472,2241686,1223190,1786165,695443,658378,608258,778258,0,350280,350232,0,467500,2182532,0
158,000607,2018-01-17,0.0,0.0016474464579900872,0.24523897037559886,6660.5,56120.043641698045,612,8759709,5622050,600980,514320,2658912,1649289,1968528,955859,1446694,1283163,1219290,265156,0,0,0,954263,865305,0
159,000608,2018-01-17,-0.029940119760478945,-0.022455089820359153,0.2180235769775536,9765.0,78099.94029946523,939,19728931,14061032,974982,1061277,3218942,3414414,3309296,2632507,4648355,2805786,2681733,2023379,1903548,0,431870,449841,2560205,1673828
160,000609,2018-01-17,-0.01668129938542595,-0.014047410008779626,0.4246132160992716,11130.0,49643.96703271592,719,11574704,7324284,627951,603196,3480877,2633992,1985637,1229984,2810279,1254747,1368866,1041988,1301094,0,0,0,0,560377
161,000610,2018-01-17,0.02941176470588225,-0.0018382352941177516,0.41099849746324296,16080.0,85620.18995964371,701,11506716,19997070,505748,363262,2160941,2773949,2382594,5943765,1594452,4900227,1154765,3016493,1031708,2022940,0,433934,2676508,542500
162,000611,2018-01-17,0.0,-0.0014104372355430161,0.390597080630285,7110.0,80646.07753541232,329,6959795,2804099,252574,307836,1365261,724588,1299464,984342,985426,494758,950470,292575,353000,0,0,0,1753600,0
163,000612,2018-01-17,-0.0023952095808382756,0.0011976047904191933,0.1965523420005476,10868.0,42963.332667752235,1808,22733822,22767510,1027589,2039411,9177235,7126501,6548094,5662371,3469050,4559278,946696,2426350,749947,953599,0,0,815211,0
164,000613,2018-01-17,0.018844221105527525,0.018844221105527525,0.36579851815830183,10555.0,54840.25018070286,473,5964116,7121569,411736,506216,1889234,2012102,986162,1472988,1543173,1760281,242400,439037,395280,0,496131,930945,0,0
165,000615,2018-01-17,-0.03247863247863236,-0.03076923076923077,0.20798472997113382,46576.0,248098.6029872557,3172,214947711,159984105,1203020,1215699,14837120,13416779,18991062,18792440,32012152,30520621,25732540,22575324,17419587,17660469,21150038,13951977,83602192,41850796
166,000616,2018-01-17,-0.016393442622950838,-0.013661202185792476,0.11468876226195422,8052.0,121439.02425069787,1021,25589878,12063465,1073528,711870,4512973,2889000,3595972,1602089,4368469,3445033,3517393,1695774,1980251,307806,434299,0,6106993,1411893
167,000617,2018-01-17,0.05225988700564965,0.0515536723163843,0.3619349623452057,15080.0,190731.2633863331,1533,44702535,40290676,1034795,1327902,6201868,7351150,4731235,6982722,6327346,9311001,4072848,5201029,3848310,3641160,1823052,407430,16663081,6068282
168,000619,2018-01-17,-0.017632241813602123,-0.016372795969773368,0.3476789641263888,9336.0,54178.43694963808,521,8089731,5000805,451924,606731,2487891,1910850,1831957,1296500,1245959,740350,437678,0,0,0,465000,446374,1169322,0
169,000620,2018-01-17,-0.021052631578947434,-0.021052631578947434,0.2016395488941076,9735.0,56845.214216984445,1092,18374013,10166732,1465117,645165,4869321,3276828,3836053,3167576,3308293,972672,2190978,789865,322000,642596,0,0,2382251,672030
170,000622,2018-01-17,0.008695652173912993,0.0021739130434783593,0.2478155765859925,6639.5,40867.87980464698,344,3578662,3242477,245450,323871,1353343,1084561,1195881,490049,578369,406258,205619,477739,0,0,0,459999,0,0
171,000623,2018-01-17,0.006965607313887734,0.009142359599477512,0.42934204078120175,78676.0,450507.7142210516,2863,269185881,342709609,836217,1143547,9232400,9989963,15141249,16989775,30451192,29007407,33117740,32024723,25040115,23391949,22603014,22485219,132763954,207677026
172,000625,2018-01-17,0.013127413127413057,0.013127413127413057,0.24146500225959172,28875.0,250469.431340063,2878,139895351,194892850,1375935,2167756,10170611,11992453,12510618,15587351,17597404,23666829,15617197,16530667,12259499,15904727,7312454,17238907,63051633,91804160
173,000626,2018-01-17,-0.016233766233766267,-0.010551948051948146,0.39520664927553295,12220.0,78800.81632750215,972,26543705,14827903,399272,1161686,2784129,4560261,3953001,2575180,10036435,2146899,4978827,959584,2370539,1446705,412080,859948,1609422,1117640
174,000627,2018-01-17,0.03406326034063256,0.03041362530413627,0.15952034510548246,35354.5,222981.81205550468,2660,132428131,165128991,1398945,1650478,10398448,12466895,12515006,14803074,21414939,22844974,19583414,19388851,10326139,16369213,12554770,11372862,44236470,66232644
175,000628,2018-01-17,0.01187648456057011,0.015439429928741255,0.3118338655458464,12067.0,49402.89374932323,729,9243781,10440959,612435,794559,3226747,3690769,2821037,1846124,1833596,1900804,432906,792398,317060,617898,0,0,0,798407
176,000630,2018-01-17,-0.0071428571428571175,-0.0035714285714284477,0.053214462567675466,12465.0,172410.58452874763,2811,75564559,63769618,1739954,2528819,10715890,12771490,8513042,9518901,12321349,9184688,5452233,5831080,4885370,4561084,3151158,1699869,28785563,17673687
177,000631,2018-01-17,-0.04175365344467641,-0.03340292275574119,0.1079031339317455,15742.0,118830.32038163877,1979,60151231,41643448,1380324,1476270,9826323,8038699,9876004,7711080,9744927,7054762,9571106,3766898,4681336,1932061,3147220,1391075,11923991,10272603
178,000632,2018-01-17,-0.0016891891891891442,-0.0016891891891891442,0.2873000633979121,5865.0,37494.25823532354,424,5225384,3771618,337436,418353,1461310,1007247,1271009,1064828,1937637,785057,217992,496133,0,0,0,0,0,0
179,000633,2018-01-17,-0.008982035928143728,-0.00698602794411185,0.3845868691111554,16063.0,192016.70221241176,679,27107998,17092672,898555,293051,3348791,2120843,1945879,2953433,3361453,3608110,2317283,1915133,1781270,708735,2277457,2256269,11177310,3237098
180,000635,2018-01-17,-0.01898734177215189,-0.01898734177215189,0.48138951488375337,15500.0,56962.59636891862,1077,23019374,12511571,951805,1029199,7043954,4643628,4759153,2825798,5175748,2470326,2954711,297606,689323,342263,0,902751,1444680,0
181,000636,2018-01-17,-0.024347826086956514,-0.013913043478260834,0.214719881291982,47954.0,304410.3692208282,2878,208265013,175680311,1192186,1075682,10150248,12398652,15548259,18011059,26686703,25760499,26619917,27535989,20860843,16424080,16550588,12539689,90656269,61934661
182,000637,2018-01-17,-0.004918032786885185,-0.00983606557377048,0.1932060930951841,13354.0,57233.259101529016,997,19639720,12071852,904884,810149,4769269,5114182,4727654,3230899,3654528,1864296,1038637,743500,1930766,308826,1252682,0,1361300,0
183,000639,2018-01-17,-0.009433962264150941,-0.004192872117400381,0.523971629917987,5709.0,69880.60693537997,1326,29839664,6044768,3510645,517608,4769108,1191187,4307007,618750,5250868,1734981,4316839,666280,3239542,0,2533743,1315962,1911912,0
184,000650,2018-01-17,0.005681818181818121,0.007575757575757569,0.1771273200018341,5310.0,73517.9427796009,889,10850443,9527743,632540,1633690,2272756,2192144,2096957,1465438,1908394,1450334,958972,805770,340725,0,0,417573,2640099,1562794
185,000651,2018-01-17,-0.0359392367543534,-0.02556502408299366,0.8998294677257764,599150.0,1794603.9529084414,3600,2049835462,1663476051,0,0,726285,857596,3997338,4825750,23885260,21685560,44547020,49939773,56322164,49755826,55741071,64850506,1864616324,1471561040
186,000652,2018-01-17,0.0,0.004405286343612147,0.12751094110359348,5889.0,57476.284236102416,1271,14947933,12660808,2248616,1380561,3528562,3299119,2635556,1641891,1881382,2096945,1024366,1625288,940510,668742,1318505,836015,1370436,1112247
187,000655,2018-01-17,-0.006399999999999961,-0.0048000000000000265,0.1941824162891776,9255.0,65695.8616297968,1036,17047080,11862966,889514,1144761,4140543,3770630,3874551,2167924,3331684,2256518,1689189,722158,1303828,397965,0,0,1817771,1403010
188,000656,2018-01-17,-0.031481481481481444,-0.020370370370370483,0.11701904549664502,22140.0,282105.4972920889,2138,133053492,72868839,1245653,1393628,9117054,8824647,12157573,8537902,14076483,13503686,8811542,9985353,8233969,6506879,3530565,3499436,75880653,20617308
189,000657,2018-01-17,-0.014705882352941124,-0.019607843137254943,0.37402768429766503,12040.0,57911.11442457283,1072,21865453,11092509,932126,852888,6230249,4329434,3759343,1892566,3706686,1891631,2934782,1194620,2078414,389570,2223853,0,0,541800
190,000659,2018-01-17,0.002512562814070307,0.015075376884422065,0.14765824226093827,12832.0,66601.96253177182,727,13276913,13568610,499648,637735,3514740,3567665,2652441,2222429,2343534,1951556,3480148,2122156,372802,1419159,413600,423280,0,1224630
191,000661,2018-01-17,-0.01317502473571841,-0.013070874342550609,4.890830610957158,38532.0,252074.3730091733,1544,102181462,70765785,7800,0,8186161,8665378,11486787,9285135,13796322,12675642,9483930,8221865,6434412,3667863,8333249,5526406,44452801,22723496
192,000662,2018-01-17,0.0,0.0,0.6279443166728111,13221.0,460791.9314864917,551,18250865,28421929,403851,447807,3018248,1611885,1003877,1101733,1846414,1340844,0,1660208,0,325600,0,0,11978475,21933852
193,000663,2018-01-17,-0.009633911368015502,-0.0077071290944122905,0.675354770025137,14322.0,63603.79381779243,945,17191486,13865872,744048,492494,5194167,4621950,3078352,3867548,3687216,2376200,1652613,2098280,0,0,408000,409400,2427090,0
194,000665,2018-01-17,0.008000000000000007,0.008000000000000007,0.37119314284945276,10020.0,78588.3490436012,725,12723708,12403956,728526,440748,2860128,2056459,2969546,1735963,2712682,2308725,1481898,1638085,300384,1271832,472944,413421,1197600,2538723
195,000666,2018-01-17,0.019539078156312728,0.021042084168336528,0.45243589680587676,34510.0,168904.5031122277,1947,62007102,98697636,640877,939594,8040620,11132282,10887204,11769784,16147386,17441202,7994640,11230090,2667212,6508897,4649475,8265279,10979688,31410508
196,000667,2018-01-17,-0.037142857142857144,-0.03142857142857136,0.07050686115413728,19085.0,421431.9491197929,2485,140191754,91291299,1242362,2012885,9638596,11743896,11535988,10353271,15325531,14595345,6067905,7485577,9650670,7245357,6768144,3808955,79962558,34046013
197,000668,2018-01-17,-0.009003215434083667,-0.01221864951768492,0.968497142960694,9240.0,42080.14506417118,257,4192994,1541325,315267,218559,1246010,608757,1062794,401526,743554,109553,517369,202930,308000,0,0,0,0,0
198,000669,2018-01-17,-0.005079825834542695,-0.01741654571843254,0.4064827615010121,12276.0,80091.55134477942,1149,23894609,18015399,814587,1220120,4205820,4619085,5875975,3034318,5724771,2750749,3561021,2059575,677961,0,812100,482569,2222374,3848983
199,000670,2018-01-17,0.017973856209150485,0.016339869281045694,0.11827750551160265,21770.0,91885.91247446711,2685,69910705,70060398,1643298,1956717,12444643,14712089,14286871,12885558,15288799,17670872,8981543,9992597,5532087,4170678,2593649,3548967,9139815,5122920
200,000671,2018-01-17,-0.05907626208378092,-0.05477980665950588,0.16410097107334223,83607.0,559431.3780719577,3241,433137814,352873453,609331,1190434,10241967,13448470,17473184,18242265,38597030,38160020,26638251,28003876,24071133,25348197,24170268,27410999,291336650,201069192
201,000672,2018-01-17,-0.039830508474576365,-0.03474576271186447,0.21520969622138922,48273.5,316596.2777408683,3018,193878816,165146388,1055952,1260097,11220838,12783204,16461412,18764823,37314403,26897142,29702416,20612148,22805927,21954418,16087625,9894010,59230243,52980546
202,000673,2018-01-17,0.02583586626139822,0.04103343465045595,0.3744031844813623,22525.0,307626.8355823472,1237,49611256,83896716,922827,716582,4527615,4410339,5486307,4976879,7707977,6510432,7127871,3967607,4436242,6872271,2601134,6399511,16801283,50043095
203,000676,2018-01-17,-0.014401440144014455,-0.008100810081008047,0.35033452331629655,10805.0,39757.52198292485,1006,13437956,7545573,770296,1053033,5258394,3559994,2948962,1631627,2199054,838821,274890,462098,960360,0,470880,0,555120,0
204,000677,2018-01-17,-0.0025380710659898,-0.0025380710659898,0.19883782070085715,4328.5,29622.500623836328,392,3675059,2374218,314496,422135,1365245,1195208,941550,261573,627922,290874,425846,204428,0,0,0,0,0,0
205,000678,2018-01-17,-0.045121951219512124,-0.03780487804878041,0.1977623794925845,15700.0,104229.31568607833,1722,35535178,29133771,1440095,1562175,8730637,7680186,7367738,6669998,7357749,6642110,2328782,1413162,2086664,1321032,1711075,886668,4512438,2958440
206,000679,2018-01-17,-0.00422535211267594,-0.00422535211267594,0.39329886975015016,9165.0,41491.094632231514,325,4647793,2925335,335169,321813,1585527,1095318,1118227,555378,1048570,335856,210300,0,350000,616970,0,0,0,0
207,000680,2018-01-17,-0.004081632653061273,-0.00612244897959191,0.14796956041560003,11589.0,75197.15364145515,1098,20417437,13152163,946092,1070659,5861981,3769372,3940905,2405908,3071400,2422698,1199115,796919,1355743,705952,898224,405230,3143977,1575425
208,000681,2018-01-17,0.007596310363537695,0.01953336950623985,0.4029444664322143,16938.0,105756.5877940339,2096,57063083,46635263,1592341,1210618,12538463,8366255,10040982,6893042,14539125,9616431,6653391,3381064,3581319,3175627,2175999,3197757,5941463,10794469
209,000682,2018-01-17,0.002159827213822796,0.002159827213822796,0.20612680322390542,9200.0,35206.75269007574,504,5769308,4268076,552340,524328,2290269,1646706,1302677,946522,903461,604000,720561,231000,0,315520,0,0,0,0
210,000683,2018-01-17,0.003401360544217802,0.003401360544217802,0.08223949881369927,10142.5,110865.27519456226,1284,24929777,23189475,985156,1050277,6886366,4185091,3880453,3079595,3697987,2972367,2107355,2655376,1498701,1352213,965149,854054,4908610,7040502
211,000685,2018-01-17,0.014534883720930258,0.01744186046511631,0.2600527419033081,23752.0,147995.50360322904,1575,52562537,59004220,993723,766297,7623619,6534480,7351834,7121908,12344409,10909394,5338950,8988341,5260280,4469401,4498084,2225549,9151638,17988850
212,000686,2018-01-17,0.028968713789107703,0.030127462340671984,0.16895058264207327,41688.0,291445.92474938964,2613,155209497,216576520,1444766,1637203,10001119,10296753,11957313,13155674,22995940,21674353,20495365,21416506,13368670,21567201,9685901,16263881,65260423,110564949
213,000687,2018-01-17,-0.012428298279158811,-0.006692160611854736,0.34649919500189674,10380.0,71335.73611745567,911,15458827,13969306,694104,789201,3673848,3899388,3023764,2670918,3040331,3464837,1113387,977822,1006986,982715,464530,0,2441877,1184425
214,000690,2018-01-17,0.003285870755750153,0.0010952902519167917,0.21751785850353245,25340.0,145709.2507582932,1763,50618995,58405286,1345611,1259130,8475856,9393346,10619668,10356821,8063593,10073158,3685925,7091915,3385233,2570771,3476069,2250020,11567040,15410125
215,000691,2018-01-17,-0.010796221322537103,-0.02429149797570851,0.3611427374625638,11712.0,47631.65631644419,421,6143626,3712821,228398,396141,3267194,1119162,774250,368217,682861,555343,830923,463484,360000,365000,0,445474,0,0
216,000692,2018-01-17,-0.017467248908296984,-0.01091703056768556,0.18166522892208,8028.0,88372.31301580208,636,9923884,6771557,440622,746901,1795144,2811150,1719758,1319376,1851200,955965,1253800,0,311500,0,0,0,2551860,938165
217,000695,2018-01-17,-0.025432349949135347,-0.025432349949135347,0.34242903423839494,9590.0,43611.74455770755,825,12966801,7416128,883925,738032,3915992,2485096,3079787,1729995,2832790,1899161,1545636,563844,708671,0,0,0,0,0
218,000697,2018-01-17,0.003315963998105076,0.009474182851729074,0.5629608402884555,19635.0,72664.27913457794,1407,32346923,27303521,700284,1060375,6272420,7336303,6285939,5698595,8759569,7505834,4039453,3798666,1380479,1035648,1319294,868100,3589485,0
219,000698,2018-01-17,-0.0017094017094017033,-0.0017094017094017033,0.20692490352481402,8106.0,78395.03515935972,799,13454075,10536429,1021941,817639,2987747,2507072,1811998,2254490,2961342,1483127,1542969,1846138,986259,0,461178,405300,1680641,1222663
220,000700,2018-01-17,0.007194244604316502,0.007194244604316502,0.21115277452961587,7770.0,74250.17282194238,693,11474385,8731320,681558,1104181,2374210,2172659,2292288,2068527,2290080,884134,1272463,945751,347912,361860,435324,0,1780550,1194208
221,000701,2018-01-17,0.0030487804878047697,0.008130081300812941,0.3011051105810155,9755.0,71806.63189513866,1068,16212816,15423822,994356,1496881,3415283,4049144,3685999,2557103,3759614,1480673,998801,2224717,350892,725165,881682,1918025,2126189,972114
222,000702,2018-01-17,-0.004347826086956608,-0.005797101449275366,0.2555019975141527,6760.0,53074.45505241135,729,8741546,7072997,783727,698686,2001017,2910059,1878022,1181240,1833871,959388,491244,235298,0,1088326,489090,0,1264575,0
223,000705,2018-01-17,0.0024721878862792313,0.004944375772558907,0.39296004210147883,8090.0,68234.18347404066,423,4115515,5258016,339681,532506,1631799,1546365,1355166,890546,547369,616399,241500,0,0,0,0,461700,0,1210500
224,000707,2018-01-17,0.0018018018018017834,0.0018018018018017834,0.22627991684635523,11020.0,25299.028527461367,601,7530175,4097133,391701,518546,4585022,1436739,1752219,1423499,597176,718349,204057,0,0,0,0,0,0,0
225,000708,2018-01-17,0.005314437555358875,0.007085916740478204,0.4058077655881192,13614.0,82901.06488489074,774,15172152,13844461,525019,553842,4019155,3721969,2289227,2202749,3402750,3434486,918028,1971274,670340,1505741,440492,454400,2907141,0
226,000709,2018-01-17,0.0075949367088608,0.010126582278481067,0.07388208252230716,14310.0,251528.56150404766,2882,102227512,120671353,2917390,2661955,11132964,12721452,9771784,10633781,10030419,14596063,8485914,12442064,8804553,8794809,7322578,7133194,43761910,51688035
227,000710,2018-01-17,-0.03079035104922534,-0.025887428907628962,1.2801006493056835,20000.0,76295.24270134645,1587,34891547,38649021,1158157,1833842,7930082,9172906,7340087,6762517,10349918,7356972,3182168,4760952,1455418,3769602,2257317,1395020,1218400,3597210
228,000711,2018-01-17,0.017770597738287375,0.012924071082390798,0.4047981402531387,15518.0,113728.64505646088,936,17523000,37195561,722506,463699,4986828,3190007,2910197,2894676,4254116,5907969,1343859,5820433,1491534,5276368,432760,5418586,1381200,8223823
229,000712,2018-01-17,0.016949152542372836,0.020087884494664143,0.35074823148140044,39432.0,212871.36159328293,2065,95970250,134928172,1323720,1026584,8026087,8741799,10767145,11995675,18843208,21748840,11480102,13774238,7852153,16182076,6528552,13327387,31149283,48131573
230,000713,2018-01-17,0.0,0.0014836795252224366,0.3213996759054158,10768.0,46633.837359036,439,5834816,6100056,366293,381907,1908931,1854777,1582504,1310170,1234707,1357559,742381,682319,0,0,0,0,0,513324
231,000715,2018-01-17,-0.0052631578947369695,-0.004210526315789331,0.634820310640155,9400.0,30333.89561808536,223,2449249,1912314,280562,195258,851750,647891,618773,1069165,698164,0,0,0,0,0,0,0,0,0
232,000716,2018-01-17,-0.016071428571428514,-0.010714285714285676,0.16918708054897405,9972.0,98466.9649616707,1097,21788283,10452401,735960,1333679,4738650,4307970,3122720,2194259,3497882,1594093,2607208,529155,702229,0,436785,493245,5946849,0
233,000717,2018-01-17,0.006031363088057962,0.016887816646562248,0.14595400581152113,63437.0,402814.68979144143,3232,256862383,351039928,1080145,1162365,13998231,12341262,17243791,20218671,30148902,34499416,26544561,31243777,22505273,25770132,22999373,29359746,122342107,196444559
234,000718,2018-01-17,-0.04528301886792452,-0.04150943396226414,0.09955540663599644,28953.5,238429.22717608672,2850,145576812,124050114,978333,2006762,10449345,13480453,13713173,16018043,21239876,23142257,17687357,14212781,11571509,12650350,9395942,6574755,60541277,35964713
235,000719,2018-01-17,0.014332965821389099,0.012127894156560126,0.3147779232241987,8171.5,40999.15660941622,830,7519926,7384295,1228288,718880,3478019,1713109,1523223,1533061,826683,1275583,463713,716266,0,0,0,888311,0,539085
236,000720,2018-01-17,0.0023041474654377225,0.004608294930875667,0.19859964462473315,8680.0,44556.075569420886,477,7880474,3805976,515704,478477,2123889,1338097,1292388,884434,2242338,641639,1402355,463329,303800,0,0,0,0,0
237,000721,2018-01-17,-0.005555555555555647,-0.0037037037037037646,0.2228057532886742,5370.0,35897.57668678368,587,6417755,4302254,541717,655620,2009176,1704748,1320883,950426,975514,991460,1146465,0,0,0,424000,0,0,0
238,000722,2018-01-17,0.029885057471264576,0.020689655172414056,0.3435053363377255,8850.0,51476.57310543753,641,6121685,10379519,661398,797986,2365463,2582316,1556980,1851932,948145,1760576,246525,1405338,343174,664133,0,1317238,0,0
239,000723,2018-01-17,0.003007518796992459,0.0,0.16102970874921793,2660.0,70330.41084951596,1708,20867976,17001448,1151553,2115976,4715870,3845132,2815636,2408108,4693372,3365812,1001899,1994335,979964,994748,423078,496127,5086604,1781210
240,000725,2018-01-17,-0.02304147465437778,-0.019969278033794113,0.10865757447046664,901355.0,6998817.651986618,3602,4130096102,4286098584,17584,22643,826802,1679058,6945824,5838437,25204175,25283718,27601444,38294556,36500773,45661551,42563285,44439154,3990436215,4124879467
241,000726,2018-01-17,-0.0008984725965859308,0.0017969451931716396,0.32165149010689925,16830.0,76760.21507821068,1197,29648092,23336223,688342,574919,6072618,4607138,7255039,3458997,6684548,6173057,3572081,4803444,1029224,1709455,2198130,465088,2148110,1544125
242,000727,2018-01-17,-0.004016064257028162,-0.008032128514056214,0.062288651389641264,4216.0,99531.52552277654,1614,27700174,11360553,1822203,1102425,5904246,2721876,3776956,940523,2741930,1509641,2459780,1952300,1358538,385144,911271,841804,8725250,1906840
243,000728,2018-01-17,0.033866415804327366,0.03480714957666975,0.19744886794586963,61319.0,333479.7807273391,2903,249875205,286366061,1030565,1008984,10999942,10252558,14944252,13472969,25636900,28006006,27781184,29879486,18472111,30334008,23354254,24681152,127655997,148730898
244,000729,2018-01-17,0.0024937655860348684,0.017456359102244523,0.14856498703174673,40650.0,544649.4449107108,2924,204873955,282870161,1479111,2044093,9577012,12128484,11996763,15004121,19195510,32310009,15615530,20726269,16359850,17294397,16215379,24322934,114434800,159039854
245,000731,2018-01-17,-0.009043927648578864,-0.011627906976744207,0.24131488452004105,15300.0,107253.52367941596,1029,28901193,20332527,772150,1089031,4558325,4925411,3631691,4090557,4991551,3042795,3895238,991008,2655217,1381206,1787297,817461,6609724,3995058
246,000732,2018-01-17,-0.07358636715724232,-0.06661502711076683,0.6723277108944073,199485.0,1932357.29091189,3357,882211061,1058583033,329628,517681,6359486,8453602,11972951,14010104,29940019,37558023,29397122,37519155,31891500,38410573,26840591,35136048,745479764,886977847
247,000733,2018-01-17,-0.006460875807609456,-0.004307250538406304,0.3478618017119432,16337.5,99246.04396333426,1604,35128190,32081504,1192756,1118399,8102336,8705362,6832684,6050736,6052695,6101011,3522258,4306968,730525,3081103,850050,0,7844886,2717925
248,000735,2018-01-17,0.004705882352941115,0.016470588235294237,0.15614223170970434,61050.0,336155.9774124086,2974,225989500,253635645,1150886,1426003,11306661,10282322,16846970,17871772,30845280,32761817,31952646,23777367,19759378,15137486,22116621,20250862,92011058,132128016
249,000736,2018-01-17,-0.012230634828188758,-0.01048340128130476,0.6409279771662348,16720.0,77179.78192923086,718,15148799,11772134,558444,564926,3038416,2936156,3999994,2874744,2929199,2741521,1076293,253800,1384248,1060317,410375,0,1751830,1340670
250,000737,2018-01-17,-0.008888888888888946,-0.00666666666666671,0.152225090011547,6237.0,57666.25538360891,876,11757972,9317120,824250,857882,3079907,2855027,1510759,1767059,2137080,1600757,1169515,718436,1066356,640009,1294087,877950,676018,0
251,000738,2018-01-17,0.0014184397163119478,0.004255319148936287,0.33306380235688143,18304.0,109553.0795216296,1793,38428115,39601083,1124826,1462130,10195643,8300656,6530768,6936933,6651302,5860835,1892561,5398881,2512299,2222244,3023118,1738902,6497598,7680502
252,000739,2018-01-17,-0.004587155963302836,-0.001529051987767538,0.22405265350757486,11016.0,49988.40783987874,852,15380458,5885385,927049,611007,5604519,2371261,2613272,1516457,2368645,906178,1262220,480482,1306753,0,0,0,1298000,0
253,000750,2018-01-17,0.02851323828920571,0.03258655804480659,0.09699710060765798,29972.0,202229.17223453266,2573,101574796,145487834,1407679,1431770,8862981,11220578,12834226,14985435,17958912,25448382,12753531,14614449,8784779,14696533,6350092,12274107,32622596,50816580
254,000751,2018-01-17,-0.01526717557251911,-0.013358778625954248,0.11708185918582231,23287.5,126488.0174814968,2008,69384715,54924185,899059,1441608,8052266,11229395,9367749,11663021,10876704,11134490,9722340,7545485,5806782,4069718,3566213,856364,21093602,6984104
255,000752,2018-01-17,-0.018278750952018252,-0.00990099009900991,0.5600786562920466,9072.0,41891.693415013746,549,5698143,5022248,392546,665682,2776733,2123258,1083440,1243964,629624,144704,0,234695,332800,0,483000,0,0,609945
256,000753,2018-01-17,-0.002590673575129432,-0.002590673575129432,0.1875552472040243,7700.0,52895.960151619016,423,6050645,3717822,382821,421714,1976471,1301789,774864,264691,1436075,520199,713414,0,767000,377685,0,831744,0,0
257,000755,2018-01-17,-0.0030349013657055,0.0,0.3116756524582569,8476.0,48528.79772038914,447,5210762,5798955,578625,367910,1709840,1590158,753499,1044949,1517347,1592940,261451,688198,390000,0,0,0,0,514800
258,000756,2018-01-17,-0.008245877061469176,-0.007496251874062887,0.3593268868356858,11988.0,75956.2179580666,1378,27819386,19294696,769820,1531264,5886138,5609193,5253270,4160075,6786387,3674243,2004666,1685736,1607712,1778450,984247,0,4527146,855735
259,000758,2018-01-17,0.007911392405063333,0.006329113924050667,0.1533213066644517,10072.0,92965.03540261526,1702,30655740,32126598,1512194,1957301,7100233,5412312,5096798,4764367,5942664,6054332,2062274,5454643,2296213,3218978,1334502,1765214,5310862,3499451
260,000759,2018-01-17,-0.003444316877152853,0.006888633754305262,0.22398786864740594,14620.0,50570.29048286175,1513,27030779,21463272,1384485,1587401,8030038,6808831,6241929,5394935,7249579,4736409,2150304,1594754,723044,1340942,0,0,1251400,0
261,000760,2018-01-17,-0.0033277870216305017,-0.011647254575707033,0.18363147601335955,7080.0,48147.17224098278,1073,12685538,10904842,1044939,1230019,3188337,3731706,2697704,3185674,2766789,1969791,642450,473660,981792,313992,444270,0,919257,0
262,000761,2018-01-17,0.009596928982725572,0.01343570057581589,0.11350928919903472,7845.0,152300.75738169314,2115,39638991,43701276,2408920,1682748,7784910,5669161,4145741,4519062,6648728,6577065,3278924,4335611,2476120,3801777,2223065,3913298,10672583,13202554
263,000762,2018-01-17,-0.011288180610889764,-0.00863213811420993,0.3241549578626889,23816.0,91535.31369606928,2160,65905345,54034513,1045428,1623781,9894002,11971304,11786505,10259931,14767416,13304506,6534894,7498760,9971121,3885060,5314233,2757384,6591746,2733787
264,000767,2018-01-17,0.0,0.0,0.12931616523193046,6807.0,58773.32088182667,524,7233475,5963210,416296,492600,1738554,1948650,917222,1660386,1286870,1316136,559500,201190,346912,344248,1281064,0,687057,0
265,000768,2018-01-17,-0.007653061224489721,-0.0063775510204081565,0.30223843041579834,32245.5,212981.3587165718,2694,117583628,129548709,1412054,1709595,9314397,15061003,18675302,15678598,19819241,23999837,10770699,11908688,12934494,11862170,8486939,7491518,36170502,41837300
266,000776,2018-01-17,0.03025302530253038,0.037953795379538136,0.3065334994546471,212952.0,1413474.1999083157,3521,996901063,1284024857,355659,720844,7285654,7370406,13878528,15807355,39952855,33932001,30596889,31623003,28658447,37229145,41617463,37591086,834555568,1119751017
267,000777,2018-01-17,0.02212389380530988,-0.003160556257901459,0.5142570032899244,15795.0,102135.90975851398,946,23170606,25884964,840149,665011,4721543,3308133,3948144,3062616,5784884,6460987,3531306,1625332,662662,4501002,1313778,474000,2368140,5787883
268,000778,2018-01-17,0.0018832391713747842,0.0037664783427495685,0.1117077635487865,15900.0,228090.27543758255,2266,96022613,84617039,2297490,1422911,8414444,7561092,9649931,7446557,18711663,10705534,9105384,6022046,4382343,5522882,4951094,2666361,38510264,43269656
269,000779,2018-01-17,0.006028636021100153,-0.0007535795026375469,0.661168530442791,9247.0,74808.40818295117,402,3864312,6494818,412544,321373,1586542,1475867,459140,1072117,909200,1116774,496886,0,0,386174,0,459833,0,1662680
270,000780,2018-01-17,0.002020202020202033,-0.002020202020201922,0.21739369124788313,6662.0,60289.11005298786,518,8114716,6543691,361622,415400,2145699,2146593,1171258,1276660,2200282,1324041,1028002,968213,0,0,0,412784,1207853,0
271,000782,2018-01-17,-0.0013297872340425343,0.0,0.32373081062413156,9000.0,44508.748926149936,539,7434137,5460358,479940,536838,2247907,1837842,1952602,786456,1332622,1287547,715366,1011675,705700,0,0,0,0,0
272,000783,2018-01-17,0.027954256670902122,0.027954256670902122,0.14931293467074813,48480.0,386284.8638186358,2783,203306042,287199035,1208913,1799223,10223846,11413644,14869882,16075113,21097148,27415676,18822633,25500855,12925970,22739895,14676855,19267691,109480795,162986938
273,000785,2018-01-17,0.01288404360753237,0.018830525272546916,0.2725444292174713,14196.0,58177.54080654903,1371,20953529,24579354,750269,1125566,6569104,6585267,4831153,6000714,4248526,3729535,1967466,3187061,1300649,2260283,1286362,476339,0,1214589
274,000786,2018-01-17,-0.041803278688524625,-0.042622950819672045,0.42799116500931905,82215.0,343911.26329600235,3257,330731783,277785692,731742,1146974,10922767,11788717,23481441,17930201,40361003,41853881,28995510,30370494,28995402,27483216,24648207,19443181,172595711,127769028
275,000788,2018-01-17,-0.009433962264150941,-0.008254716981132115,0.35779286012769207,8390.0,52913.95953279522,561,5669829,7628108,439474,828013,2010547,2163331,1913193,1265105,1102738,1065336,203877,0,0,696861,0,872903,0,736559
276,000789,2018-01-17,-0.025216706067769934,-0.028368794326241065,0.23298151914949158,51072.0,364110.52966977545,2982,250244015,218366872,1167972,1365801,11775890,11317043,17375860,17123902,30562641,25043030,27021983,19592423,19960164,16844200,19526887,13954745,122852618,113125728
277,000790,2018-01-17,-0.02399999999999991,-0.022666666666666613,0.2256467357985672,10346.0,54809.74778802029,1105,20227456,11788953,1107227,1053344,4468692,4326970,4526219,1797614,5145620,1543705,3670606,1548545,1309092,352308,0,461524,0,704943
278,000791,2018-01-17,0.00774193548387081,0.00774193548387081,0.2044886916891823,13878.0,70832.03323662396,1437,23994305,25209923,1540958,1269861,7957163,6170798,5140944,4268789,3974872,6236856,2176246,1979978,1368205,320075,840293,1816148,995624,3147418
279,000792,2018-01-17,-0.02242990654205612,-0.013084112149532756,0.2780903255480705,92954.5,487101.8228130487,3336,455969354,378244803,751828,834318,10219273,12078502,19912112,20107846,34934956,37709962,34506761,32513750,32184407,35546003,28563321,26119377,294896696,213335045
280,000793,2018-01-17,0.0020746887966804906,0.009336099585062207,0.2587927690346148,20328.0,436094.76049898996,1388,68621278,104660010,1086566,1231721,5589764,5203462,5959913,4426473,9786209,6273212,6618667,7514146,5221204,6417146,2742485,10765216,31616470,62828634
281,000795,2018-01-17,-0.006644518272425071,-0.00830564784053156,0.1651970166248861,11840.0,89519.80092105441,1329,25414009,19472037,1114467,1408729,5341882,5729665,4280233,5415208,4958313,2583360,2487629,1329806,1135083,694026,420670,1303143,5675732,1008100
282,000796,2018-01-17,0.003112840466926059,0.0046692607003890885,0.3968644585105226,12660.0,63997.34269909054,1048,16201986,12936660,858280,934516,5064556,4295126,3653494,2523667,3130059,2528523,733116,715958,1054180,769200,406065,0,1302236,1169670
283,000797,2018-01-17,-0.03254177660510105,-0.04309586631486351,0.2907690306243332,14547.0,194120.43369529376,1533,83893087,26055386,980955,1159307,6290238,7020914,4922930,3686708,8011193,4044147,6956354,3128532,6914722,1799745,2267558,449770,47549137,4766263
284,000798,2018-01-17,0.0232815964523283,0.014412416851441234,0.27876062143986297,10065.0,39005.376697350825,1047,12553703,10613115,1298843,978893,4650167,4547131,2788317,2644000,1705924,1866870,1207290,241697,0,334524,903162,0,0,0
285,000799,2018-01-17,-0.014727540500736325,-0.005154639175257714,0.5376760914214699,29909.0,183814.04024758836,2552,123084487,89081663,959514,1692210,12803521,12592753,14257432,13756278,23717594,16844765,16142706,11888546,10103795,7435066,7561260,4730114,37538665,20141931
286,000800,2018-01-17,0.02284263959390853,0.015228426395939021,0.21830480262656893,59900.0,257229.1977797284,2937,205667591,208566372,983260,1097965,11468546,10957775,18475800,17118201,35770719,28341516,26965216,28212626,24268305,19161411,12614275,15514073,75121470,88162805
287,000801,2018-01-17,-0.003577817531305816,-0.0017889087656529634,0.1626875017897683,6570.0,55529.43061143197,1182,16404289,12716577,1151938,912409,4025709,4011084,3503354,2336841,3622819,3117841,1003585,1126384,726900,328090,444000,883928,1925984,0
288,000802,2018-01-17,0.014903129657227954,0.014903129657227954,0.3483905980128051,14536.5,80862.37755915901,1484,29140555,30347144,1229967,1119691,7626632,6107090,7301809,5463047,6827063,7809489,2117165,2673882,1409149,2508503,848740,415575,1780030,4249867
289,000803,2018-01-17,-0.02309782608695643,-0.017210144927536142,2.6602596817593693,10810.0,76680.25035206921,68,1554651,462666,46097,80708,235860,324628,126948,57330,287546,0,0,0,320700,0,0,0,537500,0
290,000807,2018-01-17,-0.0010172939979653517,-0.003051881993896166,0.17054545875293484,71447.0,305965.65359133336,3330,286004979,270032048,920658,1157621,12396967,12372610,21509586,18084138,44415143,40272865,31497985,35086729,29913503,27431361,18502004,17077667,126849133,118549057
291,000809,2018-01-17,0.0,0.0,0.20006440046950805,11040.0,48773.47435432529,345,6223500,3950182,215377,334592,1183537,1647148,1459556,612021,1710487,1356421,1241808,0,0,0,412735,0,0,0
292,000810,2018-01-17,0.02571428571428558,0.0,0.23945867327943668,8957.0,49673.17797286744,855,11596581,9471790,905231,920911,3190549,2878786,2197352,3369150,2600141,986643,1215896,287000,323380,1029300,474032,0,690000,0
293,000811,2018-01-17,0.006393861892583175,0.010230179028132946,0.30586564258352905,10257.0,64555.973274036514,653,8761980,11136056,686062,605146,2452249,2665546,1843406,2515345,1488686,2583105,1255415,1463160,352170,378240,0,0,683992,925514
294,000813,2018-01-17,-0.026200873362445476,-0.01637554585152845,0.2425190219621896,11959.0,120523.38488733188,1430,41290508,28904421,1383437,1255973,5777732,5184752,6031908,5650098,4686847,4985697,4654539,3188681,3560445,1090065,6271485,3156123,8924115,4393032
295,000815,2018-01-17,-0.005328596802841923,0.00059206631142672,0.6071696896936973,13368.0,76630.14815621336,774,11859625,12076357,719069,554704,4398387,2498402,3203686,1841241,1638591,2333851,538500,1264104,1361392,0,0,1300618,0,2283437
296,000816,2018-01-17,0.0033783783783785104,0.0033783783783785104,0.06915737019590518,7965.0,87575.10121825465,1847,32270005,23814898,1556494,1768294,8086711,5074060,5660155,5413015,6709033,3879757,2618506,1538909,1679308,986924,428073,1278441,5531725,3875498
297,000818,2018-01-17,-0.0030816640986133237,0.0,0.4508388732511312,16653.0,126742.55794863278,829,25918294,18443074,596075,542652,3663322,3715832,4618825,3535910,4662877,2974602,4680388,1333786,2132025,1102480,1647674,448895,3917108,4788917
298,000819,2018-01-17,-0.016393442622950727,-0.012295081967212962,0.4558580576585757,10725.0,58498.21293843727,716,9549453,7473277,519961,896474,3098263,2845749,1997801,1440074,1760205,1348395,959695,516230,0,0,0,426355,1213528,0
299,000820,2018-01-17,0.0,0.0,1.3128795829419846,10424.0,302283.1591719402,393,0,22140576,0,755740,0,3038596,0,2017044,0,2777996,0,3385194,0,742710,0,961614,0,8461682
300,000821,2018-01-17,0.01602849510240434,-0.0044523597506679335,0.2988681178900075,11643.5,63601.464577031555,1412,23300424,21202601,918916,1464773,5992395,6876818,4039446,3945926,5067501,4519041,2596004,3291043,2393725,0,440492,0,1851945,1105000
301,000822,2018-01-17,-0.00766703176341732,-0.013143483023001168,0.19050048990505056,15291.5,132183.07210160978,2300,66667585,45241889,2329840,1278016,12071904,8853638,10871767,7105077,9269497,9213576,6772201,5610998,2400667,3438456,5309197,2256433,17642512,7485695
302,000823,2018-01-17,-0.016751638747268816,-0.023306627822286985,0.28658022161612984,28440.5,208155.48192399566,2300,108184247,102308878,1317386,1495063,8620929,10572294,11406486,12677049,13923347,19830846,14032831,12918224,6597715,8613271,4995095,8148776,47290458,28053355
303,000825,2018-01-17,0.015904572564612307,0.015904572564612307,0.10258038466392536,19734.0,251027.92751045738,2414,95415065,124940942,1650323,1378529,9803503,8463320,9166264,10447561,14458249,14831319,11873964,8615611,8648453,7661416,6101194,10730743,33713115,62812443
304,000826,2018-01-17,-0.0064329366355740936,-0.004824702476680542,0.6708275196356619,24604.0,189274.9707174635,2148,84417202,86675930,1230980,1851080,8494711,12403012,7621854,10405237,13620047,16019941,9069049,7502861,6831941,10483689,3091776,4365775,34456844,23644335
305,000828,2018-01-17,0.005424954792043302,0.00994575045207946,0.36513608396655967,11180.0,96329.16627046114,917,12946828,19966729,297981,1280582,2728548,4654618,2279222,2805193,3816996,3257635,1772552,1146376,1013959,2044982,447330,1260972,590240,3516371
306,000829,2018-01-17,-0.00328227571115991,-0.006564551422319487,0.3158669353135249,7248.0,41540.74085800466,837,11162759,5459290,1002283,1074526,2972224,2290147,1839443,957501,3566992,229116,675868,0,666521,0,439428,908000,0,0
307,000830,2018-01-17,-0.012917115177610294,-0.015608180839612462,0.31808325007649496,67636.0,459349.70987802936,3418,363930331,273936741,821128,946056,14080070,14016055,21043320,21713228,41690818,35866853,28892963,27901565,30649364,25906122,23005472,18710631,203747196,128876231
308,000831,2018-01-17,0.0,-0.001707941929974477,0.2728089518933252,21660.0,103193.74604424842,1844,51162089,46941031,1042201,1329545,8690169,7850711,9337482,10370201,12782007,11078456,4391869,5848827,2957736,3915472,2341034,2357240,9619591,4190579
309,000833,2018-01-17,0.004405286343612369,0.007342143906020615,0.25843407505589716,10102.5,46346.50821520063,694,8252606,9238830,605171,878411,2342488,3298820,1713533,1608074,2197872,1818447,955236,498218,0,691165,438306,445695,0,0
310,000835,2018-01-17,-0.041855203619909465,-0.03280542986425328,0.24027974969480811,19423.5,87753.60257817946,1356,41250890,30353604,784274,1143891,5743061,6319176,9596988,5978413,10139394,7008146,5660892,3444727,3033450,3450536,1370294,895080,4922537,2113635
311,000836,2018-01-17,-0.015473887814313358,-0.005802707930367523,0.09750941529747743,27352.0,194127.09781793595,2826,114314670,125532458,1481824,1928198,10507735,11700566,12956381,15918863,21320322,25458034,16222374,14974088,11374969,13362319,8005392,5587378,32445673,36603012
312,000837,2018-01-17,0.0033112582781456013,0.0033112582781456013,0.2187473473381348,11960.0,82915.44259831008,762,13126883,8891193,540070,761277,3524979,3334341,2973384,1397631,2295884,1593696,0,984937,681983,395811,406800,423500,2703783,0
313,000838,2018-01-17,-0.023923444976076458,-0.020733652312599715,0.14511223719224775,17777.0,103614.94354239987,1870,56298287,35495189,1297509,1641577,8425400,9298716,9426955,7081918,12228857,7792115,7130158,3285061,4604888,2461341,1322981,859845,11861539,3074616
314,000839,2018-01-17,0.0068415051311288,0.010262257696693311,0.15935962164185644,38764.0,178319.75489537953,3033,142106535,149012563,1294093,1968546,12302969,15208504,17330201,19431809,27533228,29443855,17703492,22464863,11647656,13096976,15648591,8894755,38646305,38503255
315,000848,2018-01-17,-0.0028957528957528345,-0.0019305019305019266,0.246575329893263,11198.0,91796.41222864126,1768,34595548,33948178,1262065,1324495,7801358,6210623,6918819,6861330,6778697,5916295,2141378,4057171,2602045,2565182,464981,3082382,6626205,3930700
316,000850,2018-01-17,0.006651884700665134,0.008869179600886845,0.21385391551152866,15837.5,51738.50614697533,444,5512411,8447819,393125,325732,1809873,2968472,1605587,2436149,923121,1356649,474930,654018,305775,0,0,0,0,706799
317,000851,2018-01-17,0.0011723329425556983,0.0,0.2716408446133317,11836.5,67842.57032549438,986,21296267,12192011,793037,1012485,5139615,4287838,3919576,2756763,3673175,2657236,2559842,793173,1013307,0,1252884,0,2944831,684516
318,000852,2018-01-17,0.013144590495449915,-0.004044489383215444,0.25903582313053697,14699.5,54482.762196305135,1458,27260761,19668981,1496890,1469121,7767300,7230737,6498983,3978836,7437844,4795378,1424113,730661,1001245,0,456456,0,1177930,1464248
319,000856,2018-01-17,-0.046325167037861825,-0.04677060133630295,0.4073323900352796,50892.0,226392.77683824205,3042,200015242,161673200,933203,976080,13792225,13601729,20492667,15938202,33020586,29881984,23721321,21272612,20153115,14147600,15357028,13598262,72545097,52256731
320,000858,2018-01-17,-0.047508305647840476,-0.03311184939091916,1.5073187369708128,456820.0,1423869.9222804834,3590,1610136570,1333318443,61608,108732,1148716,2265391,5687931,10468755,25834588,38490415,40023956,55549886,48048241,59548324,58138013,52193201,1431193517,1114693739
321,000859,2018-01-17,0.0,0.0,0.181332595962928,7980.0,61818.37046895307,536,8171758,5941954,385614,568835,2412747,1905972,1608077,716914,1875991,513051,753168,212576,668161,326976,468000,0,0,1697630
322,000860,2018-01-17,0.004071246819338459,0.010687022900763399,0.43076350859143403,21758.0,141498.1678742437,2083,63777691,70886693,1238814,2170501,9118869,9480519,9587531,12539954,13656217,14231265,7069994,7349314,3550961,4216491,5303543,3044009,14251762,17854640
323,000861,2018-01-17,-0.01567398119122254,-0.012539184952978122,0.1258690995302034,6678.0,76443.39732091299,643,11475248,5263912,665220,704126,2487696,1745170,2180129,1101922,1739411,1073858,1741347,638836,314628,0,0,0,2346817,0
324,000862,2018-01-17,0.002004008016031955,0.0,0.22113024704108888,4920.0,36698.76589181974,509,3834632,3582392,584072,526236,1460036,1468221,796748,441887,769226,263978,224550,0,0,382405,0,499665,0,0
325,000863,2018-01-17,-0.021505376344086002,-0.021505376344086002,0.1760189483598091,10840.0,122980.51391723228,1006,25482048,12828908,590258,1046533,3637163,4476927,3137947,1947043,4445077,2117487,4855603,567468,1755749,700394,1375687,444990,5684564,1528066
326,000868,2018-01-17,0.0011223344556676729,0.0011223344556676729,0.15621030025952767,52860.0,224610.6794692245,3262,194027705,182449161,1223338,1443172,13493524,14354033,19331243,24182906,37292715,41622726,23899195,25261002,22266316,16332857,17312432,11660113,59208942,47592352
327,000869,2018-01-17,-0.04759519038076143,-0.039829659318637356,0.8478367895427769,38280.0,170554.08204146943,2219,115266254,84862622,759954,1362950,10078658,12005261,10901965,12426551,20768588,18125395,16577939,9357529,10802862,7124718,9337227,4336301,36039061,20123917
328,000875,2018-01-17,-0.005319148936170137,-0.007978723404255317,0.11272499996382031,11220.0,73914.49434315892,1115,22071204,16008872,714400,1026481,5226244,3714042,8350405,3177356,3842375,2903146,1580911,210375,1059020,1486032,465830,874665,832019,2616775
329,000876,2018-01-17,0.0036057692307691624,0.007211538461538547,0.14685835464703706,66880.0,377774.15829359274,3219,266207246,299402670,1156057,1562277,10751531,9950070,16292409,20387402,34418958,48489474,27292717,25477886,18610473,20310066,18413074,17203165,139272027,156022330
330,000877,2018-01-17,0.00783972125435528,0.00783972125435528,0.21013634006478135,47712.0,202976.5625986646,2989,158950678,167526859,961646,1141099,12857217,13018897,21012965,18411917,34285148,28232134,22143956,19783327,14989904,16509672,14355967,16588860,38343875,53840953
331,000878,2018-01-17,0.0007342143906021725,0.004405286343612369,0.2875746366613966,29986.0,203898.2488440816,2245,101675557,118460052,838823,1186885,9646640,12471219,9915672,13898398,15180795,19546583,10174519,11343989,7707370,6878631,8395991,9758072,39815747,43376275
332,000880,2018-01-17,-0.007575757575757569,-0.006493506493506551,0.5354417118159288,9210.0,31361.778774920236,297,3916898,1735020,259249,282448,1796913,1004128,1053838,311066,284726,137378,522172,0,0,0,0,0,0,0
333,000881,2018-01-17,0.011382113821138073,0.006504065040650486,0.42840837675628524,11115.0,64418.27181401915,824,11731778,9946836,911723,736412,3272032,3528353,1704952,2645907,2196326,1314162,540716,490907,1072914,688851,841245,0,1191870,542244
334,000882,2018-01-17,-0.006472491909385147,-0.003236245954692518,0.1208059256582427,6732.0,65272.670041792575,655,13535362,5784772,688837,438495,2547697,1773085,2042976,665758,2722503,1713612,1343038,241916,2574378,951906,453439,0,1162494,0
335,000883,2018-01-17,0.0021505376344086446,0.0021505376344086446,0.13709140570450168,8816.0,94428.69748659531,1152,19667580,14137695,956954,921051,6549166,3281672,2372787,2579186,2550181,2747702,1654800,233000,734700,303180,1367553,461448,3481439,3610456
336,000885,2018-01-17,0.006432748538011568,-0.007017543859649145,0.37345460001104913,23842.0,75450.69378435466,2098,57675208,44144191,1102368,1272285,10761665,11893277,12670315,10450354,14660937,12260213,6839556,4583958,5136679,1717231,3608174,0,2895514,1966873
337,000886,2018-01-17,0.015625,0.015625,0.17260843279879418,30560.0,254795.54955858557,1989,86412425,120818737,1204206,1471597,6644468,8210698,8090246,10143540,17261293,17723142,7303336,20234028,10669141,5426509,5343251,8656980,29896484,48952243
338,000887,2018-01-17,-0.027313266443701356,-0.02341137123745829,0.4224372918939291,23101.0,210862.77722334457,1805,83080453,59020558,1227519,1034182,9650287,7292037,11322278,9271600,10320059,10590853,5382743,5774774,5889129,4479431,3539287,4484761,35749151,16092920
339,000888,2018-01-17,0.002887391722810273,-0.005774783445620879,0.2776727668062496,8256.0,38514.10609854991,1401,16830372,4587516,6774871,467364,3241540,2221962,1622510,1159725,1179921,738465,1003116,0,1251522,0,419831,0,1337061,0
340,000889,2018-01-17,-0.005460218408736339,-0.017940717628705194,0.6358100336717817,11263.5,100230.5160432151,406,10409300,4862515,307082,352792,1631612,1601957,1223094,328422,979356,779728,1749352,911944,1375300,0,0,887672,3143504,0
341,000890,2018-01-17,-0.0015527950310559868,-0.0015527950310559868,0.33811995472307727,7960.0,47970.054198868194,362,4866666,3428259,264481,320339,1779048,828376,1163955,733261,835040,780828,414642,271780,0,0,409500,493675,0,0
342,000892,2018-01-17,-0.005181347150259086,-0.006476683937823857,0.34362440271753564,15200.0,33466.76795060229,504,7800570,4491462,455422,305286,4804121,1498803,1499048,1364646,807124,947943,234855,0,0,374784,0,0,0,0
343,000893,2018-01-17,-0.0011049723756907381,0.009944751381215422,0.3456322765991306,8235.0,69396.93955617068,685,7699780,11540967,630733,656644,2504462,2718774,1251037,1610924,2337748,1719040,674510,1030269,301290,1034431,0,0,0,2770885
344,000895,2018-01-17,-0.028282828282828243,-0.01683501683501687,0.5109607844516599,49419.0,308490.8482125677,3383,283411602,207242253,1767822,913596,17707709,13621484,22362174,17629344,34944997,33691644,20329778,22344160,20289710,14231519,18942626,12553372,147066786,92257134
345,000897,2018-01-17,-0.010695187165775444,-0.016042780748663166,0.09225290291233336,9200.0,77652.04772792844,1651,31464001,17744334,1729282,1456561,9009973,5035055,5495873,3248117,5993511,3512979,2725287,516864,1794560,0,405904,481370,4309611,3493388
346,000898,2018-01-17,0.015576323987538832,0.01869158878504673,0.13962415093705147,22338.5,240472.54552773002,2118,85923972,125928793,1181049,1514922,7348435,8782854,9369148,8633872,12860429,13983814,8117014,12990822,9736475,12430079,5392224,11078150,31919198,56514280
347,000899,2018-01-17,-0.005190311418685201,-0.0034602076124568004,0.27105488815340895,6876.0,55176.364736511125,454,6080825,3988194,793755,342314,1580663,1540449,1293360,1100741,573110,0,1055089,231200,318588,0,466260,0,0,773490
348,000901,2018-01-17,0.008597285067873273,0.007239819004524861,0.5287522257000442,19611.0,89219.93189436768,1747,38817999,37267582,1114942,1310041,8651873,9216207,6683967,6412378,8039980,8041375,6329781,6442137,2330972,1417469,1763085,2217975,3903399,2210000
349,000902,2018-01-17,-0.044230769230769296,-0.034615384615384714,0.24834623387348023,14139.5,134017.26844936458,1756,52607738,28218140,1090274,1117708,7636854,7233758,9229492,4012663,15277774,6137914,5626939,3827933,2748181,1345116,1408773,1321792,9589451,3221256
350,000903,2018-01-17,-0.008746355685131268,-0.005830903790087438,0.08947006522351629,1695.0,79472.6414494244,1475,18040387,10184039,1683996,731200,4542668,2413305,2060585,1294135,3333983,1377699,1073980,536193,1065176,0,454948,486553,3825051,3344954
351,000905,2018-01-17,0.026266416510318802,0.022514071294559068,0.29985097135282146,15260.0,77666.414410478,1264,25004566,29747535,1028478,757858,6282746,5319318,6126548,5291618,6558556,5389370,2227256,5033905,761840,3367964,925200,1789050,1093942,2798452
352,000906,2018-01-17,0.00657894736842124,-0.002631578947368318,0.3321266452180842,11340.0,39613.49143045633,523,7889334,5189954,471246,510606,2757857,2101905,1882985,1778146,1391346,799297,968344,0,0,0,417556,0,0,0
353,000908,2018-01-17,-0.008116883116883078,-0.0032467532467532756,0.26159518351264305,11666.0,72545.52944845293,554,11357587,8540795,371433,541171,2327207,2508622,1010208,1470847,1624137,2308238,2214002,970943,921000,740974,1787100,0,1102500,0
354,000909,2018-01-17,0.004854368932038833,0.0019417475728153999,0.46028859468815864,8220.0,32382.047347310156,500,4938329,3893100,453050,511469,2012701,1574319,1087551,1268530,550182,334842,426845,203940,0,0,408000,0,0,0
355,000910,2018-01-17,-0.014973694860380471,-0.009712666936463,0.5877875779174587,12190.0,92612.50144185427,1772,44216997,19227072,2648777,472517,11543427,4116025,4194498,5375320,4128182,4013838,5448656,1820981,3354385,394400,3663374,1781026,9235698,1252965
356,000911,2018-01-17,0.011111111111111072,0.013333333333333197,0.3069192106057094,10884.0,49220.15139868483,860,11439134,13382398,846989,1055028,3594763,3894257,2625183,2747788,2467394,3187308,816264,1513745,663534,984272,425007,0,0,0
357,000913,2018-01-17,0.0037413148049172396,0.0048102618920362605,0.6940382957006379,16713.0,154671.8749305677,728,20193570,9578550,863966,609520,4514003,2388575,3322119,2444848,2709444,2018664,1523898,991343,324975,0,853735,0,6081430,1125600
358,000915,2018-01-17,0.014726027397260255,0.021917808219177992,0.7626292816631266,23324.0,107656.19492110671,1466,41434048,37077653,804319,1118393,7629104,8122403,5742897,6316057,10202129,9855676,3245801,3210665,3372182,3078359,3403250,0,7034366,5376100
359,000917,2018-01-17,0.009557945041815952,0.011947431302270273,0.23197442696064935,16900.0,117476.7568857776,1302,38421116,36034284,1023439,1128413,5442363,5696895,5137327,5381487,6611013,7668634,3977778,5160728,5777238,3494581,2221936,1763099,8230022,5740447
360,000918,2018-01-17,-0.030463576158940353,-0.029139072847682135,0.1913240659388982,17616.0,156693.67063267768,1559,52036091,30799109,1072693,1504839,7169024,6586072,8969825,6661691,11162544,5577179,3930712,4413415,3423544,2454065,2243745,0,14064004,3601848
361,000919,2018-01-17,0.02359550561797752,0.01348314606741563,0.333594347296312,14208.0,47845.16485465582,711,9295750,12365438,743008,694988,3404196,3033536,2599264,4273827,1880082,2669008,207230,750650,0,0,461970,403130,0,540299
362,000920,2018-01-17,-0.0031347962382446415,-0.013584117032392928,0.331497784877332,9370.0,51564.910015353846,833,11801765,8429319,942300,990554,3094715,3246315,2804965,1585104,1795288,2230807,776489,0,715139,376539,926034,0,746835,0
363,000921,2018-01-17,-0.013801756587201952,-0.01505646173149311,0.3172510336814612,28296.0,169757.13219156672,2528,123776028,75577113,1679864,1515766,11032721,11130541,15574738,11872723,26085260,13758930,12593694,7812765,10633982,6910209,10468675,6247448,35707094,16328731
364,000922,2018-01-17,-0.010025062656641603,-0.007518796992481258,0.32572395265520976,12059.5,48023.128923802156,600,8756512,7658827,386551,657596,2524197,2927300,1862926,2061388,1821052,2012543,797296,0,392000,0,972490,0,0,0
365,000923,2018-01-17,-0.0008196721311475308,-0.003278688524590123,0.5905112849037996,21748.5,79953.35425660507,1708,43314931,32345655,1502439,1106464,9612904,8403182,8173628,7480926,9784331,7906382,6081425,2951862,2017908,1106205,2272732,1387574,3869564,2003060
366,000925,2018-01-17,-0.0162889518413597,-0.013456090651558061,0.49847941944714785,13935.0,133019.04350436857,802,22097891,19884400,552124,803002,3072874,3992202,2702663,2150779,4791572,3158066,2454535,1161068,2031974,2439091,2514800,0,3977349,6180192
367,000926,2018-01-17,0.0016849199663018233,-0.008424599831508006,0.2251431626143322,41090.0,376379.7410243784,2783,194210013,250554500,453111,1432500,6940040,17947383,10439562,18463971,17425065,25361535,13680716,19337068,19203444,21615184,12767557,10754003,113300518,135642856
368,000927,2018-01-17,0.013274336283185972,0.004424778761062065,0.12593948847565278,13282.0,76669.52197115489,1291,22892986,26958829,1136672,1030147,6306229,5206324,4241724,4057407,5290618,5864516,2545530,3382085,1054750,2488198,1796813,884541,520650,4045611
369,000928,2018-01-17,0.007923930269413848,0.007923930269413848,0.20116856955538098,12700.0,63430.290543884,984,19148524,14034160,831880,820406,4187538,4221914,3358066,2783720,3730758,3225241,2751127,2598768,1638565,384111,866921,0,1783669,0
370,000929,2018-01-17,-0.00588235294117645,-0.012605042016806789,0.5154536261868781,11750.0,42383.07803681179,533,7289332,6773922,434000,523943,2382732,2181989,2240933,2286752,1619867,1319045,0,462193,0,0,0,0,611800,0
371,000931,2018-01-17,-0.011661807580174988,-0.00291545189504383,0.23967538773068028,8892.0,92022.92155501539,819,16002364,11084096,659350,1026898,3477652,3038674,1901703,1739771,1772991,1253100,4375654,883244,683410,309400,1292868,429760,1838736,2403249
372,000932,2018-01-17,0.02004716981132071,0.02712264150943411,0.17033660097181624,25619.0,232286.7358574309,2483,110381034,128927366,2168643,1321043,11583090,9678249,12171707,11803416,17961465,17165350,14684457,14779691,5038744,7385437,8454614,8827111,38318314,57967069
373,000933,2018-01-17,0.007238883143743546,0.008273009307135482,0.1711408713680252,73024.0,308077.244441032,3202,259258813,261675050,1016135,1273223,10511805,11893155,22232728,20437947,40045879,38923115,27837901,31826813,21021112,21748153,19223937,25185303,117369316,110387341
374,000935,2018-01-17,-0.016022099447513982,-0.00607734806629856,0.3483995659612539,28448.0,129389.81165654304,2701,97404374,78726470,1365524,1949714,12980439,13331965,17068680,13681729,22954338,20139753,11513716,9557269,7314244,9872895,7523397,2713439,16684036,7479706
375,000936,2018-01-17,0.041860465116279055,0.03875968992248069,0.16688111793053698,16550.0,127575.27469322269,1497,37299573,44216781,1335886,1091587,6739935,6229991,6058842,5934716,8281021,7471352,3093222,4424733,2393359,7535897,1281507,1270535,8115801,10257970
376,000937,2018-01-17,0.011784511784511675,0.015151515151515138,0.12719490258554672,7825.0,119472.45245372581,2187,46073987,49797289,1317405,2342539,6469016,8312286,5748729,7620086,9806281,8846654,3411030,4001956,3042389,3842618,1385641,1302776,14893496,13528374
377,000938,2018-01-17,-0.0033639143730886945,0.0016819571865442917,1.3065029179830296,45531.0,232218.75891988561,2506,151655875,145364110,1264853,1091007,10000995,10111818,12791099,18116595,19923823,24736580,17560135,19602672,12211834,16649639,8304263,9201211,69598873,45854588
378,000948,2018-01-17,-0.01614434947768284,-0.009496676163342821,0.4408696535263352,11500.5,118739.08716416483,570,15564423,7925031,351704,460578,2463558,2468703,1418298,1353156,1944674,2212591,2678319,635988,352920,382416,0,411599,6354950,0
379,000949,2018-01-17,-0.01670644391408116,-0.02147971360381884,0.16190521664159863,8210.0,95650.9488160373,670,15306071,9084025,420813,857488,2249104,2178600,1625695,1710825,2229477,954321,2884818,1349520,308795,0,3110042,434358,2477327,1598913
380,000951,2018-01-17,-0.011269276393831462,-0.016014234875444844,0.41536980676376006,13352.0,98524.34397817045,1649,36373750,21153345,1439705,1358831,10072554,6068875,4789660,3995746,5765767,3938649,1956315,2406855,3693741,0,1871193,463140,6784815,2921249
381,000952,2018-01-17,-0.011596180081855367,-0.007503410641200525,0.5615651375871069,14569.0,73698.63935054558,681,14957120,10644716,465682,559556,2938356,3448982,3154908,2265638,3597958,1813944,1675473,1273173,346800,0,1366890,0,1411053,1283423
382,000953,2018-01-17,0.010958904109588996,0.012328767123287676,0.28447547459717554,8904.0,49722.15277975383,659,8983929,7406384,688487,630598,2740472,2684230,1476831,1174105,866100,1363699,2146787,843460,1065252,710292,0,0,0,0
383,000955,2018-01-17,0.001494768310911887,0.001494768310911887,0.28288602066846985,4014.0,63920.86083366341,559,6104501,7403976,299387,783201,1278192,1461294,851603,1177390,1328043,1333401,895930,464112,341810,711089,0,441504,1109536,1031985
384,000957,2018-01-17,0.004633920296571059,-0.004633920296570837,0.2610967391466508,15960.0,93028.19765163341,1709,36494275,33961142,1115344,1417443,7411890,8875924,6688794,7050830,10372124,5493620,2733978,3930304,2779563,686759,2207425,1794192,3185157,4712070
385,000958,2018-01-17,-0.017077798861480087,-0.015180265654648806,0.1419451996246836,10280.0,78665.38211907528,1381,20824452,20775060,1159282,1271598,5861442,5122982,4915605,4004074,4625684,3915037,1545819,974413,1453988,345873,0,440112,1262632,4700971
386,000959,2018-01-17,0.028716216216216228,0.023648648648648685,0.13406262523306603,7897.5,119942.70843677335,1960,24106809,37365522,2813938,1708217,8483890,4932185,4127187,4783916,4484733,4334761,3145217,2441741,613254,1715569,438590,2233669,0,15215464
387,000960,2018-01-17,0.003816793893129722,0.012213740458015376,0.2650414709149654,23769.0,170667.0087190291,2446,84603065,111217694,1777005,1156582,10169678,9608595,10627153,12352257,17042641,15380446,10377609,16328321,6432651,12037457,3502588,7736002,24673740,36618034
388,000961,2018-01-17,0.010152284263959421,0.0050761421319796,0.1412528013870115,72493.0,1030538.2403859112,3132,403842821,493454600,908384,1342687,8127638,12645225,12361794,18197582,23571346,37310521,25232571,24444796,21038038,20354373,24136169,27715464,288466881,351443952
389,000962,2018-01-17,-0.023602484472049712,-0.018633540372670843,0.2435380796210363,11850.0,56690.84492764794,1093,16987201,13661614,882395,1071775,5460610,4659370,3343102,3003748,3918768,2803464,972046,207507,314420,1088553,0,827197,2095860,0
390,000963,2018-01-17,-0.02537980339588919,-0.018766756032171705,1.1835811106240763,21832.0,199989.78235446702,2236,98196625,68445687,1342375,1277736,12453745,10742006,8732460,8367301,14172626,9158043,9645781,7888393,9304658,4601320,6611085,3715804,35933895,22695084
391,000965,2018-01-17,-0.013114754098360715,-0.014754098360655665,0.16012907951091163,13915.0,91961.02245958637,1453,37061253,20785032,1245267,1093108,7429746,5738301,7714547,3708806,6460999,3625800,4268060,2051254,3464243,1458207,1392990,0,5085401,3109556
392,000966,2018-01-17,-0.002577319587628857,0.0,0.19507406963871285,7372.0,38861.230645645606,395,4136292,3241376,425084,426282,1417168,1374427,683207,545082,1113665,895585,0,0,0,0,497168,0,0,0
393,000967,2018-01-17,-0.009793253536452662,-0.01196953210010876,0.278315643362516,7304.0,73814.47937411512,1090,21708671,12726816,1785687,1028744,3174554,3945429,4564863,2218620,3237892,2239484,2548007,972649,349976,1382374,2201973,939516,3845719,0
394,000968,2018-01-17,-0.008333333333333415,-0.008333333333333415,0.4046336335285476,14380.0,64273.09017270142,1267,25190557,17436516,1007803,1084124,7929064,5860685,5467326,3496938,4621114,3794715,2335955,1049862,1257332,331064,484556,900338,2087407,918790
395,000969,2018-01-17,0.0011862396204032066,0.0011862396204032066,0.2314070375959179,10080.0,86620.49391530352,1328,24686785,23855478,906106,1484070,4618080,5743856,3822668,4920377,4361197,3765670,4121704,2431221,2104597,996770,818892,836448,3933541,3677066
396,000970,2018-01-17,0.003828483920367498,0.006891271056661541,0.2545644439639065,26180.0,130073.83476446042,2634,92613400,87981067,1023158,1509491,12768728,13515940,12603277,14035333,18578128,20436937,13415248,11359262,9392380,7162646,3927527,2780199,20904954,17181259
397,000971,2018-01-17,0.001335113484646211,0.0033377837116153053,0.36811719205155385,17856.0,123580.66388835911,1659,51425951,30420003,1093288,1323665,7212323,8423158,7966159,6689336,9131105,6879333,6506903,1858539,1372615,965482,4791991,860901,13351567,3419589
