,code,date,pchange_whole,pchange,change_std,amount_median,amount_std,length,sumsell,sumbuy,sell_vol_0,buy_vol_0,sell_vol_1,buy_vol_1,sell_vol_2,buy_vol_2,sell_vol_3,buy_vol_3,sell_vol_4,buy_vol_4,sell_vol_5,buy_vol_5,sell_vol_6,buy_vol_6,sell_vol_7,buy_vol_7
0,000001,2018-01-10,0.032975460122699474,0.01917177914110435,0.21791499991530053,289044.0,1272020.2760765871,3584,1048839113,1333763781,91927,104020,3708488,4494660,11588482,18319616,45812053,56592300,53380937,48213127,52503809,65624539,44242114,51357574,837511303,1089057945
1,000002,2018-01-10,0.001966292134831571,-0.0022471910112359383,0.6012960155175295,142194.0,732307.3265247054,3507,577611925,651917927,290722,415375,7937488,9562491,20211654,18778040,47062341,48336293,45409560,39801509,40297171,40125417,32565056,36691382,383837933,458207420
2,000004,2018-01-10,-0.02735562310030404,-0.026052974381241878,1.0163507213935106,11260.0,81522.56082633947,513,7641606,5540156,622723,371279,2549296,1336018,1722989,1087522,2221183,1414389,0,232368,0,0,0,0,525415,1098580
3,000005,2018-01-10,-0.015945330296127436,-0.0227790432801821,0.14346028081430107,6880.0,44122.17115137663,937,13823572,5810246,1229515,707554,4671194,2040910,2512017,1303330,1956430,1049109,2103917,709343,705499,0,0,0,645000,0
4,000008,2018-01-10,0.0,-0.007067137809187329,0.242908834032149,8530.0,158657.22866803562,1222,43077938,15431238,1520291,1218502,5654886,3084162,3358040,1859701,5837783,2241828,3494804,1721823,2365434,1386393,4454267,0,16392433,3918829
5,000009,2018-01-10,-0.012048192771084265,-0.014725568942436373,0.17236185708613194,17112.0,158964.40386776798,1880,68346833,39946445,1622264,1490512,9462767,8235970,8406589,7093819,10654354,5823534,7170513,3138382,7538999,3129638,2711210,4091793,20780137,6942797
6,000010,2018-01-10,-0.0050000000000000044,-0.015000000000000013,0.1321241774763162,13685.0,96388.39188290182,2067,49233631,32782241,1920517,1515097,9801537,8179440,10856667,6949754,11833464,4754842,6268477,1833707,4586727,2996481,917981,936565,3048261,5616355
7,000011,2018-01-10,-0.010209869540555805,-0.020986954055586926,0.39831892047892375,19475.5,79891.06320351416,1960,53526531,32485466,1282558,1534980,10947111,9025084,11872037,8661679,11316233,6614348,6530296,1640336,5205254,1026481,2188263,862680,4184779,3119878
8,000012,2018-01-10,-0.00793650793650802,-0.013605442176870874,0.17702620072747854,25941.0,246098.91558922912,2486,139396358,72103532,1766854,1932052,12747377,10571819,13921897,13035631,19443204,12354617,13806229,8704903,6922637,5131089,7702907,3506763,63085253,16866658
9,000014,2018-01-10,-0.01241272304111718,-0.03258339798293253,0.2652164532178704,21624.0,117010.13210881119,2365,80479061,54280456,1761969,1314591,13713941,8749372,12935039,9354340,15880326,12621294,12318972,8171318,6272454,3162317,5278653,1322021,12317707,9585203
10,000016,2018-01-10,0.004746835443037778,-0.0031645569620254443,0.18437025100536777,13356.0,121808.44686800841,1176,37025684,23761918,1013112,836953,5069596,4704058,4744587,4541940,5754574,4273465,4468275,2759137,4426429,1019156,2616647,0,8932464,5627209
11,000017,2018-01-10,-0.009538950715421213,-0.015898251192368762,0.2943401535970661,6260.0,29469.51491031672,456,4767269,2803193,460789,513584,1765018,1035451,1100538,854413,1145184,399745,295740,0,0,0,0,0,0,0
12,000018,2018-01-10,-0.011146496815286677,-0.01273885350318471,0.17845669433021874,6853.0,87320.87287415272,1239,27477101,13289156,1131604,1035029,4982146,3326218,5126150,1869654,5132734,2127762,1497551,683030,1258717,3836751,1859650,410712,6488549,0
13,000020,2018-01-10,-0.024390243902438935,-0.025067750677506773,0.5959957449431451,10164.0,51622.62157828791,613,7686890,6702957,702998,549676,2823782,2114555,1498436,651337,1489124,816668,738960,958773,0,358644,433590,1253304,0,0
14,000021,2018-01-10,0.06528497409326417,0.03626943005181338,0.1897429702923705,39960.0,359517.71668629354,2591,173311167,190011509,2298039,1154104,11337715,7711774,13955683,13318673,24168690,22484091,22090352,13027602,16807389,14361190,7596078,10214508,75057221,107739567
15,000023,2018-01-10,-0.013084112149532645,-0.011682242990654235,0.8577199379465745,12963.0,66364.85410684436,622,12746634,6955042,604571,453183,3357748,2243661,2488521,1320640,2459432,1388962,1935719,945680,368663,0,0,0,1531980,602916
16,000025,2018-01-10,-0.007995873097756068,-0.010059324219757526,0.9643541274057755,15512.0,60529.86964088558,1616,33049826,21374146,1230132,1518900,8848697,7732535,7382382,4326993,7517810,5026148,3051429,1092434,2882426,684601,435050,401648,1701900,590887
17,000026,2018-01-10,-0.02315227070347281,-0.030276046304541393,0.4426645328289985,11090.0,70610.09395834836,643,13660112,5676661,529998,631202,3416023,2168047,2277488,1077291,2643944,1111425,1214800,688696,746210,0,489515,0,2342134,0
18,000027,2018-01-10,0.0032626427406199365,-0.0032626427406198255,0.18061022554849374,8582.0,118475.81268202481,1153,17991231,10999022,1428612,1597627,2792598,3754785,2327787,1473225,1875249,1830849,702708,1292838,305000,0,0,0,8559277,1049698
19,000028,2018-01-10,0.018321119253830842,0.0159893404397069,1.7818244834389418,18003.0,160392.05285110848,1135,31905576,37831370,1464818,743973,5224965,4539903,3850721,3283649,4256826,4300530,2850932,3033115,3138631,4195812,1377750,3138110,9740933,14596278
20,000030,2018-01-10,-0.0060975609756096505,-0.007317073170731603,0.2657299277774902,5743.0,48610.5068778864,952,9969533,6893632,2135474,697778,2732638,1500005,1814268,1506246,921219,906244,582518,1627380,329260,0,827621,0,626535,655979
21,000032,2018-01-10,0.0048828125,0.0029296875,0.38227133880755887,10360.0,60673.27737157331,717,8989984,11890046,613609,631378,3347041,2713413,1728219,2046777,1189782,2678881,476359,2431768,0,378290,465560,428904,1169414,580635
22,000036,2018-01-10,-0.026465028355387443,-0.03969754253308133,0.1947174284394245,51645.0,331235.92521719687,2957,256858918,155541223,1228373,651957,13585866,8482164,21439730,12248545,38481246,26270759,33241674,18720830,22327950,13615402,12503556,10504452,114050523,65047114
23,000037,2018-01-10,-0.01849217638691325,-0.02133712660028453,0.37487146575747426,6237.0,47836.043021951744,351,4189916,2422258,362265,431766,1073188,960523,635190,508586,888208,179568,0,0,767320,341815,463745,0,0,0
24,000038,2018-01-10,-0.020240963855421734,-0.02987951807228917,0.536412394908919,16104.0,63314.05128040124,1496,31159978,20592699,835350,1366497,8372515,7342881,6093187,4447753,6972355,3402720,2985509,2235658,2399918,1341424,1306440,455766,2194704,0
25,000039,2018-01-10,-0.006197432492253241,-0.010624169986719667,0.4226041925426556,24920.5,203983.18529747005,2858,144616513,79936650,3335901,750701,14401167,10360774,16439408,10722905,24131462,13674768,20242829,9887620,11870270,6256258,7236019,5898687,46959457,22384937
26,000040,2018-01-10,-0.005792903692976137,-0.007965242577842258,0.6420957039641605,9786.0,160682.6646645144,462,13338970,6457698,432299,385679,2101135,862964,1779727,983331,2516402,530524,2112974,279400,673707,0,0,0,3722726,3415800
27,000043,2018-01-10,-0.020040080160320772,-0.027054108216432837,0.36809829786122833,16932.0,148366.2210676579,735,36473961,9011791,473502,879942,2378016,1933328,7004738,1849038,7470997,2172631,3932948,249750,1909721,346306,3717068,482652,9586971,1098144
28,000045,2018-01-10,-0.023483365949119372,-0.024461839530332652,0.35402296299746194,11964.0,75663.24770752269,833,15272747,11134251,737212,686231,4405654,3183366,3625216,2519523,2318846,1826108,409056,490246,749557,713101,908206,473946,2119000,1241730
29,000046,2018-01-10,-0.007556675062972307,-0.008816120906801062,0.27004708783871767,8767.0,72840.62749425074,865,17743692,12026761,814391,766296,3312865,2245797,3412928,3386937,3947298,2144046,2205603,1502148,998289,1003867,881885,406620,2170433,571050
30,000048,2018-01-10,-0.02115384615384619,-0.016826923076923128,1.2569980267419079,16616.0,55677.84265637562,273,6705134,1701524,198405,105626,1874049,720012,764760,307405,1534362,360381,1997615,208100,335943,0,0,0,0,0
31,000049,2018-01-10,-0.02622549019607845,-0.030637254901960786,0.8906794494105341,23942.5,118846.26831001556,2098,70897468,44174633,1226822,1555402,13123570,10781197,10854858,9028462,12426096,9050018,8352027,6637003,4013122,988030,5635027,2643497,15265946,3491024
32,000050,2018-01-10,-0.023914104441190798,-0.02537823328452904,0.3952983215418614,36630.0,272804.3629506099,2689,186388102,107048919,1218647,905494,12962926,9796482,14290033,15087722,27790388,27342175,22234384,12651882,9840548,6488714,12397960,6501848,85653216,28274602
33,000055,2018-01-10,-0.012578616352201255,-0.018867924528301883,0.18914431639885085,8820.0,76916.76139615543,1131,23779488,8355970,1531791,863250,6105247,3179439,3712622,1579079,2951864,1466651,1461410,476511,2516530,322320,0,468720,5500024,0
34,000058,2018-01-10,0.004070556309362372,-0.006784260515603768,0.275498936021246,10374.0,41563.066642361075,715,12257651,6123896,704404,777552,3412853,2787988,2897861,1432661,3740063,913028,710420,212667,390550,0,401500,0,0,0
35,000059,2018-01-10,-0.036101083032491044,-0.04241877256317694,0.21583947245238633,35008.0,423154.5705756169,2639,243699998,164476281,1475080,1251959,10013815,10021269,12600046,9906776,21876884,19384780,21475516,15201017,16055659,14521900,13110138,9755095,147092860,84433485
36,000060,2018-01-10,-0.00613496932515345,-0.007011393514461006,0.20822539780836993,51660.0,361049.2025776604,3006,250812683,228702641,1267825,930656,14597851,10325923,19155589,15887781,30846852,27459826,24529968,22721515,18540221,16952995,11031658,15086163,130842719,119337782
37,000061,2018-01-10,0.0038510911424904926,-0.0012836970474967568,0.27955136989095103,6993.0,43323.998846135946,776,10214985,6140098,1257517,469010,2788273,2111109,2459565,1129147,2458767,1387905,0,653427,363165,389500,887698,0,0,0
38,000062,2018-01-10,-0.010570824524312905,-0.011416490486257924,0.7228153265748847,11812.5,123796.48511616184,1070,30670418,13761657,1234880,921015,4774387,4101477,3955468,2519412,4302649,2643939,4181859,952712,305214,662150,1359700,440485,10556261,1520467
39,000063,2018-01-10,-0.009922822491730932,-0.02149944873208387,0.6087014919165081,265438.0,981007.7461284063,3553,1078984733,883925656,193026,196605,5635590,5180935,15200514,14957745,39760006,43791003,42909291,47779061,45918314,54508929,48730890,58014790,880637102,659496588
40,000065,2018-01-10,0.0076796489303345705,-0.001645639056500392,0.44456224896897967,14647.0,95218.63913705287,1682,39324196,31012347,1524335,1797571,6703472,7583687,7059647,6022190,11246716,6263941,4116789,2949392,2801809,1743850,864722,1324147,5006706,3327569
41,000066,2018-01-10,-0.015536723163841804,-0.01836158192090398,0.1386038450630159,25452.0,247553.6693612265,2614,155347792,93136483,1617224,1674618,11827764,11660327,14211007,11936241,19954936,15620294,15617942,12011139,13169473,7938438,8120428,3506117,70829018,28789309
42,000068,2018-01-10,0.0036101083032489267,-0.005415162454873723,0.18387670574237894,6193.0,63512.90992334335,908,11752906,12447153,1034473,495832,3076193,2492633,2913285,2753067,2045675,2704561,1314313,1399362,0,992252,1368967,0,0,1609446
43,000069,2018-01-10,-0.02294056308654857,-0.030239833159541152,0.16638144698094748,46158.0,402061.3420463955,3332,274383104,259053556,1856782,1426374,14223605,13570157,16733698,17824868,37303135,30872852,22567332,23582833,13228415,19463773,20479269,9283678,147990868,143029021
44,000070,2018-01-10,-0.017970401691332127,-0.023255813953488413,0.2636953658118219,6552.0,59458.920928965264,1287,21436583,7572582,2436168,982053,4378804,3162147,4583040,1886547,4176322,1328200,2365571,213635,310128,0,487320,0,2699230,0
45,000078,2018-01-10,-0.0032948929159802853,-0.009884678747940745,0.14583849086245007,11900.0,144272.07355533406,1735,54526454,37603463,1660037,1712971,6101224,6478962,5034413,6035038,7771002,6533368,4266398,4926590,4535815,5123645,3330458,2659551,21827107,4133338
46,000088,2018-01-10,-0.006297229219143663,-0.021410579345088276,0.2514402753588345,11004.0,102634.96675662715,997,27704601,11556198,1019735,1046829,4180346,3927274,4552116,1977652,4631995,1234640,3302725,1875733,3570371,393000,1252925,0,5194388,1101070
47,000089,2018-01-10,-0.010215664018161208,-0.013620885357548351,0.22847542399631712,9570.0,71167.56802641749,1487,31325249,13949880,2046496,714317,8211678,3234052,6528165,2708126,5956112,2858548,1677136,450387,682594,1748053,2677938,455321,3545130,1781076
48,000090,2018-01-10,0.003676470588235281,0.004595588235293935,0.23726244234086222,15554.0,161588.62508424616,2105,53495499,65000002,1617179,1796757,10560289,6494548,7454398,8618296,10925052,10334177,5716775,9211634,3667917,5710560,3243207,3265251,10310682,19568779
49,000096,2018-01-10,0.025849335302806642,0.019202363367799125,0.5010166695168896,12501.0,35829.66584044635,730,7371466,10167035,633711,636800,3293726,3500568,1899278,2704582,1304335,2096746,240416,1228339,0,0,0,0,0,0
50,000099,2018-01-10,-0.010582010582010581,-0.011640211640211562,0.3120503630817327,8424.0,49646.4203442109,917,13446622,8188345,1028742,1121738,3569983,2468160,2936983,2081971,3272149,1702036,1527745,240384,0,0,409404,0,701616,574056
51,000100,2018-01-10,-0.0024999999999999467,-0.010000000000000009,0.06873131865732447,50400.0,521740.4005562836,3418,345900160,325494526,1468396,1340597,13754766,13461497,19780031,17118509,31917103,26360730,32438372,31869270,25931869,24103904,22929062,24478474,197680561,186761545
52,000150,2018-01-10,-0.012700534759358395,-0.013368983957219305,1.5626090717104097,8859.0,40758.96818617552,366,3131564,3937093,317801,489406,1327799,1367613,733086,1008942,206782,729512,0,0,0,341620,0,0,546096,0
53,000151,2018-01-10,-0.011755485893416906,-0.023510971786833812,0.43100786120732176,13893.0,85680.62709219883,876,23608240,10587057,631015,731341,4554371,3597957,3706830,3246048,5118420,1870476,2982862,802485,2107712,338750,921385,0,3585645,0
54,000153,2018-01-10,-0.012019230769230727,-0.019230769230769273,0.3587932507406544,11424.0,47085.13899487579,537,9791226,4403756,730370,457936,3172925,1912848,1516260,1090575,2098744,942397,466318,0,1398609,0,408000,0,0,0
55,000155,2018-01-10,-0.013071895424836666,-0.017973856209150374,0.12387547141471719,18724.0,183807.15163699133,2447,104241893,52459296,1723455,1796548,12143767,10252106,13378345,9037965,17200636,10588406,8767818,3876917,9533318,5042526,4524629,2341311,36969925,9523517
56,000157,2018-01-10,-0.004310344827586077,-0.012931034482758563,0.09005732345102457,11512.5,196920.05041994093,2668,94882849,45851853,2774319,1885772,14314065,7164112,10212235,6087374,12007930,5653205,10400749,5215022,3439142,4658745,7350653,4203077,34383756,10984546
57,000159,2018-01-10,-0.0055248618784529135,-0.016574585635359074,0.20956452908439582,10840.0,60964.30993799882,671,9583750,8546947,481821,700138,2798013,2877701,2069000,2002297,1853110,1143859,1214339,730952,718978,0,448489,0,0,1092000
58,000166,2018-01-10,-0.005597014925373234,-0.007462686567164201,0.1183015690248663,10720.0,100229.59234546745,2058,43754249,33675400,1527574,1744252,11102541,7511150,6936925,5272776,4509553,5306531,4987915,4652194,2194513,2062917,2672306,1315847,9822922,5809733
59,000301,2018-01-10,0.0068728522336769515,0.0,0.14100392572085227,17700.0,171969.76806922804,1707,53978574,48245899,1249482,1123736,8784384,6769128,9405699,5174496,10406308,9329793,7176191,4161258,4493308,4094489,3575060,3593394,8888142,13999605
60,000333,2018-01-10,0.016277898976338356,0.004363148179224563,0.997678174726045,304164.0,1050715.200247162,3569,994175958,1161252341,83905,89685,4177350,4542666,11669577,13554884,39182214,42901963,45009025,49738853,53030934,50161694,42368213,50075051,798654740,950187545
61,000338,2018-01-10,0.003374578177727683,-0.012373453318335392,0.15123899331328228,56384.0,366947.7950466444,3462,302514225,229167436,1545405,999883,17691016,12375613,28677186,20969936,42656244,35598524,35759646,24425008,19339094,12336363,15729798,11675617,141115836,110786492
62,000400,2018-01-10,-0.023308270676691722,-0.025563909774436122,0.291286769688461,14300.0,139198.43077513986,2085,85328861,42327802,1892644,1867944,8929345,7418849,8962062,5959759,14587467,9131378,9025592,6769264,6166279,1798925,7534488,2906441,28230984,6475242
63,000402,2018-01-10,-0.013570822731127974,-0.01781170483460548,0.22836960344976134,29487.5,256935.50875206105,2668,137232954,146824919,1506731,1284221,11095201,11398008,13640520,12836322,16571363,20742992,13254634,20312211,10185962,13510719,10765613,5382917,60212930,61357529
64,000403,2018-01-10,-0.0033189512114171205,-0.004314636574842323,1.6538142006202898,21007.0,152678.2805379127,331,10967207,11144616,225889,216964,1691268,1319396,1374346,1164376,1435047,1750959,1119271,1460001,367342,1286150,0,454500,4754044,3492270
65,000404,2018-01-10,-0.015822784810126667,-0.01898734177215189,0.2545093235687788,15625.0,94688.22215926208,616,20843277,8459165,571163,419382,3835876,1995845,3011675,1223715,4237662,1651885,2850692,1501285,3078492,684057,1297425,448392,1960292,534604
66,000407,2018-01-10,0.025252525252525082,0.026515151515151603,0.17413951314367904,18653.0,119984.26589925433,2071,42974519,57211299,1253241,1959905,8592503,11167271,8918921,11840898,10562405,13661857,4855341,4413283,2777659,1406976,3513792,2558473,2500657,10202636
67,000408,2018-01-10,-0.018069179143004765,-0.020134228187919545,0.3826220991018365,31760.0,227373.16494029757,2565,144752033,121299597,2084910,1132053,13059686,9740801,13711916,10874942,25413848,19322155,17301933,15080504,14367510,11617106,9972885,10708395,48839345,42823641
68,000409,2018-01-10,-0.01864406779661021,-0.028813559322033888,0.17322502120539518,7552.0,57032.4529909831,1161,19501969,8003443,1462968,954183,5096596,3097345,3041292,2529128,3803532,1169182,3100880,253605,664807,0,0,0,2331894,0
69,000410,2018-01-10,-0.004849660523763455,-0.009699321047526688,0.28010984546047274,15469.0,85879.91798337856,1355,33255353,24704117,994736,840367,7166728,5487884,5126983,4430680,8252085,5894064,4141778,1299000,2283779,1711595,1747260,0,3542004,5040527
70,000411,2018-01-10,0.021568627450980538,0.014705882352941124,0.919916439587168,10485.0,76525.36739109637,491,7962299,8541566,426113,342610,2487367,1827767,1514555,1457128,1572173,1233046,918277,922217,1043814,671734,0,412715,0,1674349
71,000413,2018-01-10,-0.009564293304994642,-0.012752391073326375,0.16817034993413507,37520.0,201185.31976001867,3135,184325953,112607908,1237482,1720722,21609559,14544062,22732079,17057071,30450916,20569773,15878955,11893060,16569841,6536745,15104168,5779240,60742953,34507235
72,000415,2018-01-10,-0.005025125628140614,-0.005025125628140614,0.13592842733954508,9520.0,81845.00602936865,1933,25326729,28310784,1416275,2345028,8329514,7416276,3490896,5970710,3310866,4464715,1916014,223054,1066283,1371852,878220,1796730,4918661,4722419
73,000416,2018-01-10,-0.0013774104683195176,-0.009641873278236845,0.36778921656089725,9360.0,56081.95523633524,389,6348346,3162498,338602,380085,2367968,1103952,1274377,419527,1110441,112112,523818,0,733140,0,0,0,0,1146822
74,000417,2018-01-10,-0.012468827930174564,-0.013715710723191998,0.24368009366095067,8000.0,70332.91974657,1083,23318045,8938616,968899,1366191,4484151,3181339,4257063,1512793,4302982,1389117,2067303,765341,2948612,723835,903884,0,3385151,0
75,000418,2018-01-10,0.009444444444444589,-0.004027777777777852,1.5986487421253228,35397.5,260468.84636774578,2030,81818015,94889132,1609198,1060615,10566213,11163680,8904392,11501524,11806841,15789944,8486448,9937707,4949560,4123918,3068022,3577428,32427341,37734316
76,000419,2018-01-10,0.009836065573770592,0.004918032786885185,0.35221812539495373,15225.0,58838.5653111803,299,6995715,3962926,344250,98250,1947950,848522,2133732,671906,1538624,1254872,452609,701838,0,387538,0,0,578550,0
77,000420,2018-01-10,0.018927444794952786,0.003154574132492094,0.11207149092109464,6380.0,68724.75175821544,801,11668849,11493538,989564,432001,3500759,2134564,2595798,1006902,2334418,1493147,957126,871194,652546,4248835,0,403535,638638,903360
78,000421,2018-01-10,0.014423076923076872,0.0032051282051281937,0.24967350269316585,8150.0,46080.56860889561,624,7810221,7072652,429323,712449,2341518,2522674,1314304,1451242,2305118,1098416,722703,250799,697255,624500,0,412572,0,0
79,000422,2018-01-10,-0.01421800947867291,-0.02132701421800942,0.14626614697049334,8380.0,86537.80374111694,833,21844514,6927137,809605,987693,3984506,2247919,2118073,1562229,2596620,1208144,2378788,501480,3052617,0,2687889,419672,4216416,0
80,000423,2018-01-10,0.0026595744680850686,-0.007509386733416834,1.1691554913068276,44681.0,199061.15360921656,2989,149245569,143052418,514433,1892200,13236500,14753756,20636446,21985716,25759344,28928938,20054536,17730328,15473509,11299372,9183776,9199670,44387025,37262438
81,000425,2018-01-10,0.004228329809724984,-0.0042283298097252064,0.08034935558795622,66500.0,425199.64401239716,3487,356950886,294039121,1207347,981894,15660064,12344432,25789654,20277025,45085349,35871906,34747401,26012860,26132356,18718057,22740989,22558832,185587726,157274115
82,000426,2018-01-10,-0.019626168224298968,-0.019626168224298968,0.23000716286807824,23677.0,202926.75272883294,2168,102837842,72664980,1701527,942815,9462916,7128179,11789404,8023785,20379056,14639518,12092875,8487116,7369008,5303725,7613121,3531377,32429935,24608465
83,000428,2018-01-10,0.016949152542373058,0.009685230024213176,0.1714296836744112,6987.0,51268.24285537194,580,6873819,7555925,667063,447027,1994389,2008084,1348060,1268284,965351,2052317,1212904,1040279,686052,303993,0,435941,0,0
84,000429,2018-01-10,-0.003640776699029069,-0.004854368932038944,0.21425983147452443,4115.0,40750.91286774403,1480,10148971,6743220,2086744,2651950,2296622,1380186,1158130,1581362,1688958,893153,0,236569,362061,0,409999,0,2146457,0
85,000430,2018-01-10,-0.0011560693641617936,-0.005780346820809301,0.4783911202238885,8680.0,40230.25879823012,326,4376506,2746041,477450,355770,1731921,1120842,1039472,476401,540226,144789,587437,246818,0,0,0,401421,0,0
86,000488,2018-01-10,-0.018121911037891403,-0.028006589785832037,0.3354720483653567,44575.0,363161.37369020557,2948,285551941,157308616,1469288,996340,12371604,12313318,19786650,12935516,33397031,23206981,27719509,17381527,18986107,13541931,13730848,9679909,158090904,67253094
87,000498,2018-01-10,-0.01596516690856309,-0.021770682148040565,0.1996766016712007,8970.0,88711.59147862434,1191,28818945,10648995,1293046,1033595,5334638,3777348,3795468,1981045,4302077,1371091,2801434,1359028,2762769,704998,2674236,421890,5855277,0
88,000501,2018-01-10,-0.010925819436457762,-0.013801035077630974,0.4204609081199894,15497.0,95034.05543423598,1711,42708068,29219314,2642964,581462,8473787,8344598,5892955,4532385,9754177,7532931,3409601,2809009,3905476,1763907,2588651,0,6040457,3655022
89,000502,2018-01-10,-0.01679929266136171,-0.02917771883289122,0.5973905993815571,6696.0,38543.48633076733,358,4902894,2328028,466262,176986,1201560,874056,1408715,392108,1240796,884878,222000,0,363561,0,0,0,0,0
90,000503,2018-01-10,0.04311611954924044,0.040666340029397174,0.8076356544977975,63547.0,464249.6802578575,2558,246460966,279749175,953410,1228921,9640329,8741986,12275989,12971674,24050553,23947521,25096262,24653465,16190817,13744082,20557384,20902081,137696222,173559445
91,000505,2018-01-10,-0.014590347923681302,-0.017957351290684653,0.29182596560361557,9702.0,68448.059226949,932,18278068,7392458,1022923,926262,4644586,3185505,3256443,1819809,3762479,872058,992044,260485,675252,328339,1322417,0,2601924,0
92,000506,2018-01-10,-0.01287001287001277,-0.01287001287001277,0.35188871863504123,6144.0,57996.32885699781,487,6137628,4820452,503760,634387,1672920,1379499,1602328,433000,1296545,194000,754075,234000,308000,622000,0,0,0,1323566
93,000510,2018-01-10,-0.021226415094339535,-0.017688679245283057,0.29324145162560017,12622.5,65743.08688133776,836,13192526,17038125,854775,896298,3981324,3008774,3906183,3419963,1663820,4242459,752077,2381325,1062090,1342455,419000,469819,553257,1277032
94,000513,2018-01-10,-0.012956581667815215,-0.019159200551343902,1.3171554080837578,71100.0,267172.22279918956,3035,264784056,192101978,1079331,1112957,12425871,10332672,24946461,17221103,40803830,28980439,36983613,23413298,20709957,18123930,19763686,13840226,108071307,79077353
95,000514,2018-01-10,-0.015691868758915706,-0.015691868758915706,0.15729082584700904,13820.0,71042.61256546738,1989,42667420,27095747,2215042,1440550,11145052,7567782,8769957,5701920,9352887,4718593,3332082,4006549,2432452,668194,2751706,833190,2668242,2158969
96,000517,2018-01-10,0.02012072434607659,-0.006036217303822755,0.08733387383632739,38631.0,1342060.518755126,3269,265231149,404828705,1238160,2120524,9696044,14755744,12402286,18344538,20825645,31793836,15060372,28439920,14312711,22196548,12364282,18935401,179331649,268242194
97,000518,2018-01-10,0.001477104874446189,-0.001477104874446078,0.3133569331531084,6780.0,21492.898305558225,466,3875596,2574399,516492,458442,1947718,999577,943440,976570,467946,139810,0,0,0,0,0,0,0,0
98,000519,2018-01-10,-0.012499999999999956,-0.01666666666666672,0.20287957675991233,16217.0,98967.54943039216,2241,59770563,33068596,2393888,1997874,12892962,9001252,11901772,7095050,12015229,8760437,7078767,1959089,3363812,2107131,2624317,852139,7499816,1295624
99,000520,2018-01-10,-0.016627078384798155,-0.02375296912114011,0.1418930158455601,9614.0,58901.15652184935,881,15797341,9324502,1055640,670791,4546120,2951926,3373305,1682790,3327953,1269896,1082099,1215479,1084741,687140,486984,846480,840499,0
100,000521,2018-01-10,-0.0076045627376425395,-0.01520912547528519,0.21097805987697135,10440.0,61251.68518099929,621,11493275,5546316,791989,408521,3392968,1664558,1782148,1308153,2861301,1044857,431594,664871,357570,0,902807,455356,972898,0
101,000523,2018-01-10,-0.009815950920245453,-0.012269938650306678,0.4143714194451317,8150.0,61141.79736428752,386,7596297,3164304,439104,414474,1918400,957604,1433486,829028,1453802,558198,1166696,0,0,0,414931,405000,769878,0
102,000524,2018-01-10,-0.007772020725388629,-0.006044905008635637,0.5123738201399275,5790.0,27216.398681552564,510,4392814,3603336,361252,890932,2007565,1210145,935764,724610,860107,777649,228126,0,0,0,0,0,0,0
103,000525,2018-01-10,0.004837291116974729,-0.005716798592787953,0.5063532799787224,13722.0,132191.12937708828,2018,60311188,47256159,1775192,1376010,10688627,5872665,7838236,6523398,13408320,7905893,8366935,6283696,6560103,4605947,2757026,3548234,8916749,11140316
104,000526,2018-01-10,0.0,0.0,4.977490892166174,6970.0,172062.1175811212,48,0,1794775,0,104550,0,348500,0,128945,0,0,0,0,0,0,0,0,0,1212780
105,000528,2018-01-10,-0.008027522935779796,-0.021788990825688193,0.18655742231211841,17520.0,130395.4907831814,2187,71212699,37984987,2032747,1504578,12935363,8392215,12634656,7950482,14664266,7872681,7261531,3892959,2437330,2053171,3943808,486194,15302998,5832707
106,000529,2018-01-10,-0.021645021645021578,-0.025974025974025983,0.24169180463574216,6192.0,44881.27259877602,822,12643526,5125899,1290861,732151,2366727,2091496,3663128,1191511,3454945,832077,704837,278664,0,0,0,0,1163028,0
107,000530,2018-01-10,-0.007005253940455369,-0.010507880910682998,0.1718873933398162,11390.0,83844.64109353359,1104,27693085,13072795,1104889,729821,6259667,2952334,6053435,2421250,5295144,1968053,2274407,2097314,1036409,365940,1757872,489918,3911262,2048165
108,000531,2018-01-10,-0.01602959309494434,-0.014796547472256338,0.4499288786538042,12880.0,68019.20630569817,324,7174619,3182771,402638,261271,2031732,1300643,963280,604945,1147908,213706,1190448,0,319968,343356,403000,458850,715645,0
109,000532,2018-01-10,-0.018095238095238053,-0.021904761904761982,0.4320325089244969,10380.0,55021.62948891882,590,9851885,5190744,472272,567707,3056904,2185594,1786927,1247090,1171607,506830,1683216,0,330682,0,848515,0,501762,683523
110,000533,2018-01-10,0.00867052023121384,-0.0019267822736032114,0.6085888083864363,10360.0,52830.461060396694,290,5339597,4027539,183183,223205,1149664,958521,796825,1018003,2033812,1827810,745969,0,0,0,430144,0,0,0
111,000534,2018-01-10,-0.012987012987012991,-0.014430014430014348,0.7714133808928363,4107.0,29086.496977883533,322,3742950,979047,433729,170623,1183096,387558,1027973,319634,603972,101232,494180,0,0,0,0,0,0,0
112,000536,2018-01-10,-0.014799154334038112,-0.016913319238900604,0.1195677335747733,7035.0,100193.17702647907,1569,31291180,11734728,4835221,1059488,3836046,2364908,3003462,1358346,2556528,1637457,1738467,1211887,1296282,1359712,4955824,909991,9069350,1832939
113,000537,2018-01-10,-0.04225352112676051,-0.04436619718309853,0.3682848543287088,20700.0,221503.23272939163,1489,73926706,39071190,1113107,1170512,6750926,8272084,4935338,5620228,6172048,5009563,6333231,5092113,2994450,1733924,3726229,912315,41901377,11260451
114,000538,2018-01-10,-0.008720379146919477,-0.012322274881516604,2.0477701317468706,52105.0,300509.68426938466,2656,215835789,154188448,12744,7430,14660819,10897612,16942136,14400164,31171541,25603546,17305544,15829401,14483855,14097310,9791666,11135716,111467484,62217269
115,000539,2018-01-10,-0.006147540983606592,-0.010245901639344246,0.2456065195003746,4365.0,61720.84919884699,394,5093558,1789124,528939,402863,898875,601170,734113,382212,955538,160380,505482,242499,0,0,0,0,1470611,0
116,000541,2018-01-10,-0.0064171122994652885,-0.010695187165775333,0.22912320736173872,9340.0,137893.2046971279,1666,35641228,24153195,1438437,1905602,7523982,5701368,4841226,4650709,6353405,5235569,2219795,964386,3145143,1333252,1356016,920481,8763224,3441828
117,000543,2018-01-10,-0.007751937984496138,-0.007751937984496138,0.15391743330936627,7168.0,73642.86751441595,1125,18271022,8812014,1330349,1913607,3128822,2043518,2247716,1077314,2156153,1544595,1881931,739176,1084860,0,1750784,467804,4690407,1026000
118,000544,2018-01-10,-0.009271523178807861,-0.02847682119205297,0.5367215976724009,10367.0,81338.57110939325,791,18047396,6404705,989664,936230,3643946,2638739,2604058,1187910,2505246,1305086,1418718,0,1048241,336740,1286416,0,4551107,0
119,000545,2018-01-10,-0.01553398058252431,-0.021359223300970953,0.15703985880587545,11776.0,96492.98032864972,1076,29089472,12089418,813258,841552,5509512,2940682,5947865,2811790,5243775,1420663,3673669,1711736,1221864,746335,2784856,454518,3894673,1162142
120,000546,2018-01-10,0.003510825043885335,0.0064365125804564105,0.37686962480258257,17070.0,53775.67512765687,2057,19782672,35847596,800372,2303588,6179169,17495635,5384428,4287673,3645415,6233222,944525,2852296,658653,691412,426499,0,1743611,1983770
121,000548,2018-01-10,0.010590015128592922,0.0075642965204236745,0.19614092594936772,13450.0,74446.56777494271,1136,20562599,19793800,999322,1042206,5463914,4832527,4486557,3318232,5182931,4725712,1285604,1417419,1563622,310002,912450,892440,668199,3255262
122,000550,2018-01-10,-0.010797840431913786,-0.016196760647870567,0.617499332039668,14764.0,70409.62949831333,728,19055290,5917548,701022,698439,4424682,2391334,3681975,1414536,3964594,806792,3310475,235647,654394,370800,0,0,2318148,0
123,000551,2018-01-10,-0.01927710843373498,-0.028915662650602414,0.3412232362734467,16560.0,98834.71137913605,591,17500336,9291188,434105,747806,2876880,2946865,2999386,2126948,3059337,1523197,1955681,1162930,1380606,378942,1353546,404500,3440795,0
124,000552,2018-01-10,-0.010928961748633892,-0.013661202185792476,0.09899861287552056,5415.0,125762.83891863681,1371,33298548,10991934,1821586,825127,4398268,2918450,3767203,1303764,7258998,2477858,2297028,1259529,3068711,1682886,404382,0,10282372,524320
125,000553,2018-01-10,0.007902735562310026,-0.004255319148936176,0.3914649087409797,21567.0,74892.09016170351,1766,44744152,37341062,1458358,1300411,8613607,10083597,9147315,6071014,12592220,8275725,6477475,4229212,2675390,4437979,941938,1700883,2837849,1242241
126,000554,2018-01-10,-0.005793742757821629,-0.010428736964078977,0.2130455791735286,19365.5,125913.91158746766,1642,51364407,48945499,1328429,1346564,7709091,6879993,9395708,5725132,11017545,8877096,4480283,7547998,6878848,2021367,5356345,3702924,5198158,12844425
127,000555,2018-01-10,-0.0033167495854063977,-0.020729684908789348,0.32891633391665626,12000.0,53366.81331414901,1344,26398945,13090919,1269626,939189,8496324,4685501,5126874,3665554,5383470,1857691,2052169,986836,1805974,348580,2264508,0,0,607568
128,000558,2018-01-10,-0.01747572815533993,-0.025242718446602086,0.14872457672564485,9576.0,84231.68003717008,1200,25845269,10357984,1199554,1025508,5374949,3821907,3882282,2435544,4211738,1906222,3328759,252003,1911820,387600,1400472,0,4535695,529200
129,000559,2018-01-10,-0.019417475728155442,-0.021359223300970953,0.2160862036431359,17153.0,135525.07016716246,2275,68259883,61003060,1729241,1445967,10583714,8948292,10051131,7780971,13613291,12646291,9145412,5483257,3761552,6380133,2123015,3130143,17252527,15188006
130,000560,2018-01-10,-0.025210084033613467,-0.01995798319327724,0.23606979333172928,15861.0,78170.40411487754,1627,40642517,23902467,1666950,1557549,9821064,6329159,8107052,4590335,8563193,4669511,2998188,3556722,2539563,1358527,2786246,431979,4160261,1408685
131,000561,2018-01-10,-0.0175029171528589,-0.018669778296382722,0.26836461647902016,5999.0,36012.345042530374,1020,11358014,6972631,888249,1345789,4007438,2843277,3144120,995585,2058866,1119640,521541,201348,737800,0,0,466992,0,0
132,000563,2018-01-10,-0.007025761124121677,-0.009367681498828828,0.10600327754084302,4290.0,82767.07248453503,1627,22143346,16360127,2115411,1740398,4864583,4169992,2618779,1766838,2275223,2499023,1897673,1677642,2102445,1515661,1401363,438354,4867869,2552219
133,000565,2018-01-10,-0.0134228187919464,-0.020134228187919545,0.30816500094627747,10227.0,86443.29274646673,584,11104912,6605180,553406,656517,2595064,2183643,1551743,956642,1341563,725312,287896,631134,1021265,373000,408012,478932,3345963,600000
134,000567,2018-01-10,0.02409638554216853,0.019941836310760408,0.7429208107636772,17118.5,97865.6338603106,1050,20697124,30885053,1012438,841142,4567072,4781690,3056286,5223113,3529460,5984190,3166678,3198732,1067505,3366194,954725,3244089,3342960,4245903
135,000568,2018-01-10,0.009105135865699276,-0.012519561815336644,1.2284575858645057,70400.0,503774.4568398189,3275,367008638,262938791,828596,564619,18481596,11007898,21430464,15834807,39850889,30005265,33025221,25167776,30046220,20063788,20716613,19874150,202629039,140420488
136,000570,2018-01-10,-0.01559792027729634,-0.022530329289428108,0.2980585467807376,7161.5,46130.424009109236,374,6362749,2220271,369253,259686,1392643,1144602,1642930,600332,1223756,0,951797,215651,305520,0,476850,0,0,0
137,000571,2018-01-10,-0.030303030303030276,-0.04099821746880583,0.16410300391678953,5630.0,51182.98359206033,1170,19330277,7442058,1181312,915427,5658897,2794086,3298669,1559576,4216886,1388090,2380772,784879,368619,0,1318787,0,906335,0
138,000573,2018-01-10,-0.02831858407079646,-0.046017699115044386,0.12354158319304669,21600.0,258248.95092913893,2103,88860021,80239304,1173116,1653326,7239560,9550048,8916526,10240256,13592941,11459912,12993388,8620914,8329415,6734102,3220814,1295875,33394261,30684871
139,000576,2018-01-10,0.0023640661938533203,-0.004137115839243477,1.074524687678461,11732.0,203770.57054494412,247,7364340,1686255,258303,119508,1314176,568467,769638,791979,1601293,206301,891932,0,0,0,0,0,2528998,0
140,000581,2018-01-10,0.0004014452027298887,-0.009634684865515775,0.4856247603949218,40411.5,243127.07074506948,2632,175753041,148035107,1407010,956372,17837558,9175061,16328265,12955643,24788246,18971355,19492772,12788343,13418959,9987539,15067001,10262705,67413230,72938089
141,000582,2018-01-10,-0.002970297029702862,-0.024752475247524774,0.33397439017284736,11982.0,50854.47693454854,914,17938116,8829269,1189822,902266,5336241,3246697,4486916,2083766,3668523,1810755,1358752,0,329975,300300,463372,485485,1104515,0
142,000584,2018-01-10,0.006405693950177982,0.001423487544483848,0.4461383801499412,16968.0,129523.14749746806,992,22963489,24576812,891461,407583,8365766,3082040,4098637,1933493,2872948,1879510,2839079,1811517,1024298,715264,1734345,3047935,1136955,11699470
143,000586,2018-01-10,-0.006063947078280063,-0.003307607497243792,1.6846573888949683,14463.0,99764.04026581474,115,3289187,1864285,149539,61443,590760,298715,355324,282514,764700,284854,497100,213560,360000,0,0,0,571764,723199
144,000587,2018-01-10,0.005689900426742556,-0.002844950213371278,0.15237804026214302,23050.5,162044.56332633778,2132,83601643,53826117,1773622,863139,11041025,13857763,9818831,10720696,10264883,8442614,5468539,3006647,4226920,1950145,3377543,2132740,37630280,12852373
145,000589,2018-01-10,-0.010526315789473606,-0.012631578947368327,0.218467786930509,8987.0,44507.94402323724,472,8269451,2453977,836990,228048,3211158,693567,1282398,529134,903286,579089,1368895,0,666724,0,0,424139,0,0
146,000590,2018-01-10,-0.025938566552901055,-0.01979522184300353,0.749770161552882,11672.0,43972.56235973383,381,6613997,2311567,278560,385226,1852233,1266205,1479601,484816,1986443,175320,502410,0,0,0,0,0,514750,0
147,000591,2018-01-10,-0.015679442508710784,-0.019163763066202155,0.13775550867354533,10811.0,109137.50889719186,1739,47789732,21977545,1925430,1226519,8654740,4686171,7095179,3487952,8085081,3646585,4221625,4639766,2835664,1405163,2808972,401100,12163041,2484289
148,000593,2018-01-10,0.02886597938144342,0.03711340206185576,0.23508440225390656,19160.0,101525.77116278042,1704,36237354,49355162,1590746,1483561,8112237,8042750,6720120,7349799,6836431,11423198,3350147,5950272,2628701,3807714,3117682,3181781,3881290,8116087
149,000595,2018-01-10,-0.018796992481203145,-0.020676691729323404,0.18925550467638308,9994.0,39818.9003868785,790,12351524,5557429,553770,736254,3691712,2441738,2861039,1277981,2584318,875676,2660685,225780,0,0,0,0,0,0
150,000596,2018-01-10,0.0014285714285713347,-0.009571428571428564,1.455462577604675,27704.0,167702.3469307596,2315,101587687,75411566,2469360,1091504,12535413,10604901,11688262,9809515,18647541,11624697,11271842,9755607,8314209,8924356,5548905,5490602,31112155,18110384
151,000597,2018-01-10,-0.009205020920502016,-0.0167364016736401,0.355050118047883,20247.0,157814.78433312516,1133,45981683,27342821,687454,617842,6476746,4220378,6642667,3527151,5435220,4533483,6186542,3146856,1718525,1744044,1713453,1312666,17121076,8240401
152,000598,2018-01-10,-0.003656307129798808,-0.007312614259597838,0.14520084999395053,8205.0,113953.40079793415,1421,33354497,13597217,1895749,1215286,6719827,3527418,5080774,1735155,5555818,1846855,2925321,1270428,737492,696035,885827,891524,9553689,2414516
153,000599,2018-01-10,0.0015503875968991832,0.0031007751937983663,0.2503956488775723,8450.0,50768.97693746677,663,9246790,7158362,1005503,375064,3019013,1815145,1852859,1767374,1316484,1677298,478555,466749,971088,614907,0,441825,603288,0
154,000600,2018-01-10,-0.019002375296912177,-0.028503562945368155,0.17663171837674743,17241.0,147270.06535097095,2275,79506644,46235271,2291453,1557118,13649375,8909985,11646990,7050510,14909322,8628448,8443089,7749495,4001783,4610549,2375825,2573032,22188807,5156134
155,000601,2018-01-10,-0.005376344086021501,-0.018817204301075363,0.3750202777744749,11025.0,153135.47798102724,393,17135252,6453408,408762,296148,2124801,985768,1217317,825935,2504111,668090,1530571,806585,1352238,342342,438000,438600,7559452,2089940
156,000603,2018-01-10,-0.01768488745980701,-0.02893890675241151,0.3818910525273506,18495.0,143446.94312710263,1061,37371607,26636213,723826,841347,4454374,4937921,4635691,4164846,7568878,4780535,2655950,4057383,3784192,2512560,1384821,2223400,12163875,3118221
157,000605,2018-01-10,-0.02088772845952991,-0.026109660574412552,0.46471786692697153,9430.0,53984.52678095319,1698,25881701,16995264,1501794,2382525,8381131,5442949,6014413,3684160,3466916,3576345,1604523,749493,2172986,661992,423750,497800,2316188,0
158,000606,2018-01-10,-0.016797312430011258,-0.014557670772676223,0.5604547597453856,8800.0,55598.71701785534,253,4354101,1382623,243847,319928,1190754,833997,621817,228698,703001,0,224282,0,0,0,844800,0,525600,0
159,000607,2018-01-10,0.006482982171799101,-0.0032414910858994395,0.23774604100333907,6170.0,45858.050491500144,673,7625091,5814934,459559,722986,2333431,2007856,1761118,1926777,1486733,536065,506202,208750,310500,0,0,412500,767548,0
160,000608,2018-01-10,-0.01157742402315487,-0.02170767004341534,0.20247272487103882,6760.0,45213.50541210423,1166,17579572,5836023,2478747,813093,4348955,2126636,3346160,1284369,2917900,1016008,2604942,257417,309150,338500,955598,0,618120,0
161,000609,2018-01-10,-0.01843722563652339,-0.03248463564530302,0.42942161315047905,11180.0,55220.297504058064,703,13581367,5756328,821494,544456,3697666,2347383,2457755,1445059,3265815,645132,1168245,213298,1019473,0,0,0,1150919,561000
162,000610,2018-01-10,-0.0025210084033614466,-0.013445378151260567,0.8062927901539924,8316.0,45323.23901784208,217,2782520,2368200,220523,190263,920667,385680,692944,639867,459587,549410,488799,259600,0,343380,0,0,0,0
163,000611,2018-01-10,0.0,-0.004070556309362261,0.38637034706880147,11100.0,71599.57726576766,363,8086710,3496943,297556,354795,1736917,1363786,1613449,970154,1852683,288512,697225,218592,329886,301104,0,0,1558994,0
164,000612,2018-01-10,-0.01967213114754096,-0.022950819672131195,0.21105449933058348,9090.0,49980.21432682362,1883,29590805,21358787,1707951,2500509,6931727,7136119,7340264,5293947,7088367,4384749,3904687,947023,632111,0,911500,0,1074198,1096440
165,000613,2018-01-10,-0.030487804878048697,-0.03170731707317065,0.33609933598065184,8150.0,47313.8276154474,595,9008284,4280542,829518,568466,2719830,1688642,2214393,722696,1382781,0,779147,472680,669431,384208,413184,443850,0,0
166,000615,2018-01-10,0.0,0.0,0.46563722792014,6444.0,119771.9913505364,531,17237763,0,1098765,0,3412098,0,2057784,0,2378910,0,1155624,0,1049298,0,0,0,6085284,0
167,000616,2018-01-10,0.01388888888888884,0.002777777777777768,0.09816783282685035,11275.0,101391.55634367395,1350,30103981,29705623,997077,1201159,5219907,5148399,4700637,4036750,6638373,6222122,5410506,2818606,2118162,3198708,475167,1332393,4544152,5747486
168,000617,2018-01-10,-0.0055172413793103114,-0.015172413793103523,0.5412782471479307,7215.0,45370.33443753518,717,9183127,5975618,866011,670032,2837082,2010818,2555560,1346800,1725614,861250,216450,225452,0,330050,410410,0,572000,531216
169,000619,2018-01-10,-0.00974421437271622,-0.015834348355663885,0.33360908631382136,9708.0,57232.26072251271,605,11856988,5408559,613368,645344,2807235,2037221,2393790,1432004,2885536,1068533,1130869,225457,746742,0,469448,0,810000,0
170,000620,2018-01-10,-0.009302325581395432,-0.01705426356589157,0.22912230419040985,6420.0,40539.45785690343,792,11531801,4054971,1056145,459890,3667627,1405148,2496425,1168608,2373468,689633,752994,0,321000,331692,864142,0,0,0
171,000622,2018-01-10,-0.01906779661016944,-0.025423728813559365,0.26791152809959046,9280.0,62698.30384225805,310,7844032,2608169,265671,272773,1180873,1263315,1306730,136915,1910734,458826,2855224,0,324800,0,0,476340,0,0
172,000623,2018-01-10,-0.01057268722466953,-0.018942731277532987,0.48525819588627167,27048.0,274232.25202583737,2188,129170822,70898368,1029792,1237759,12906157,10536120,10686911,8140825,19504530,14652698,16108724,9478501,9843553,4791638,6608914,2271818,52482241,19789009
173,000625,2018-01-10,0.0015349194167306734,0.0007674597083653367,0.2629674098446611,18256.0,227346.24558111653,2456,92097901,66092221,2142813,1370461,14526387,9350706,13311713,8188097,17536286,10288420,7409668,6788683,5503493,3171356,2149242,1355429,29518299,25579069
174,000626,2018-01-10,-0.014760147601476148,-0.028044280442804492,0.4310080741153581,14932.5,74755.07701946191,988,25145022,11650517,632156,860473,5551527,4720447,5225118,2482099,4835176,1946856,1681821,652072,2520457,343398,2264285,0,2434482,645172
175,000627,2018-01-10,-0.009650180940892428,-0.018094089264173552,0.17512476844481478,9876.0,105760.83060257437,2243,62406178,25926823,2906601,1544990,11398881,5530297,9928463,4759472,10270257,5663639,6368008,2735754,3725463,3113915,3231751,1255296,14576754,1323460
176,000628,2018-01-10,-0.025761124121779777,-0.024590163934426146,0.32693851544447644,9972.0,99619.74844429242,682,13646232,5098495,741205,762183,3656719,2132933,2326709,1015833,2060184,100793,780064,0,735269,670753,415106,416000,2930976,0
177,000630,2018-01-10,-0.013698630136986356,-0.020547945205479423,0.05600287211263604,12222.0,351185.7800862609,2754,147310829,87918781,2252050,2019417,12255621,10300095,8849699,7478703,11888426,7882091,6060399,3677425,3863040,2983258,3540043,1779501,98601551,51798291
178,000631,2018-01-10,-0.0788461538461539,-0.07692307692307698,0.0966791170008517,20200.0,529556.7011735695,2911,155055392,174217627,1357243,2153964,9779960,12752638,8721639,13498693,17595218,19463211,12312654,12504056,8463393,12074043,13553662,11668519,83271623,90102503
179,000632,2018-01-10,-0.01602564102564108,-0.017628205128205177,0.3294923155578481,6265.0,74502.96681864152,358,8355766,2958066,441639,217429,1390896,825195,1199989,632750,1739218,534360,722428,436332,308500,312000,1361474,0,1191622,0
180,000633,2018-01-10,0.004094165813715467,0.0020470829068577334,0.382209913544658,9820.0,55610.74003830876,653,10510297,9411364,621766,834617,2890733,1727260,2900276,2027091,2928373,2219450,779686,1254197,389463,344868,0,483140,0,520741
181,000635,2018-01-10,-0.0030084235860409203,-0.007821901323706526,0.4294511493237097,17994.5,64071.26195127119,1498,30548191,29145184,1192471,1300661,8943545,6776886,7841639,5812440,7290811,7063262,2879778,3182852,1981947,1707436,418000,1424983,0,1876664
182,000636,2018-01-10,0.014150943396226356,0.018867924528301883,0.22364237887187308,71143.5,470454.89328146563,3242,354779132,355450180,1283836,816856,12320461,10435495,18562553,15409345,32832266,36471277,29567256,27462263,28465265,22468118,22424290,21784087,209323205,220602739
183,000637,2018-01-10,-0.013136288998357948,-0.019704433497536922,0.20435892910434555,12240.0,53963.609618405615,888,17104941,10978493,690988,837676,4303524,3446610,3624314,2494758,5081146,2630327,1694838,801716,646990,342678,456141,424728,607000,0
184,000639,2018-01-10,-0.011410788381742809,-0.01763485477178417,0.819997280843182,7621.5,70122.52268073657,552,12430426,3630548,945713,411484,2263618,1061873,2311350,545029,2017298,862914,1826841,0,1025543,0,1371408,0,668655,749248
185,000650,2018-01-10,-0.011090573012939142,-0.014787430683918634,0.16764610661672097,7560.0,83376.59387376929,1042,15668060,9927187,828560,1752059,3943404,2473900,2736695,1505853,2000658,2101899,699721,1054831,1112390,388245,416161,0,3930471,650400
186,000651,2018-01-10,0.03549695740365122,0.02555780933062901,0.8215873348560454,730710.0,2026499.6142735423,3602,1913334167,2475050008,5064,5005,494066,484058,3374185,2706733,16026212,16936290,33606901,33906438,50190676,47986014,61277591,55886565,1748359472,2317138905
187,000652,2018-01-10,-0.01098901098901095,-0.01318681318681314,0.13755591347621746,5875.0,55026.56299434754,1096,14119603,7978229,1346565,1810987,3351818,1982994,1853895,1364195,2056851,1150053,2688428,1670000,336126,0,913751,0,1572169,0
188,000655,2018-01-10,-0.025147928994082802,-0.03550295857988173,0.160370047639921,13692.0,126659.90202233766,1779,52999939,29260081,1035221,2001114,8274176,8461265,6447248,5095451,8659979,5729997,5186461,3000238,5074119,992125,2265284,852088,16057451,3127803
189,000656,2018-01-10,-0.01934235976789156,-0.025145067698259194,0.10294092161420194,25853.5,223241.7745114703,2534,129157054,100658927,1264696,817833,11583175,20137419,10507908,9879564,9949894,12035667,7723106,9010058,7912135,5884300,6510277,5028150,73705863,37865936
190,000657,2018-01-10,-0.01335428122545168,-0.01885310290652009,0.38136067455439143,12795.0,68656.18825134225,1114,22386436,14066214,991733,611355,6552556,4503735,5358197,2394660,4809929,2906074,2039421,1326641,761400,1069735,480700,0,1392500,1254014
191,000659,2018-01-10,0.01587301587301604,0.009070294784580435,0.1668678481482972,15198.0,102855.32016858614,699,20530947,16338197,547213,525461,3414742,2195706,3065269,2481542,3875491,3891877,4173749,1856584,1024172,1863054,2668325,2621973,1761986,902000
192,000661,2018-01-10,-0.008882681564245876,-0.005865921787709616,4.026860352187243,35975.0,272877.3377617168,1978,111511842,114426136,7138,27382,11647716,9797875,14595413,9726555,19404450,25228133,8347303,7740285,7887078,6678623,4032991,4911630,45589753,50315653
193,000662,2018-01-10,0.0006729475100941684,-0.008075370121130465,0.639119551490481,7422.5,70266.00326458625,540,8728501,8495422,784683,325844,2341680,1287910,1243984,1124912,1527853,2269707,1322061,1427119,0,1089940,445200,429120,1063040,540870
194,000663,2018-01-10,0.008130081300813163,-0.0021680216802167918,0.6159810166386339,12942.0,86016.80812388036,897,13358461,16312327,1159306,752013,4562040,3639779,2820692,2585398,2721886,3241542,1242657,933075,0,1035545,0,864484,851880,3260491
195,000665,2018-01-10,-0.009852216748768461,-0.011822660098522286,0.39516586305707635,2026.0,51169.877542444,659,9233818,3861136,412748,412013,1917334,1170122,2393752,1184893,1905142,696738,680363,0,330990,397370,483483,0,1110006,0
196,000666,2018-01-10,-0.018110621634850776,-0.025942241801272692,0.4469139690348234,26026.0,309471.49041832995,2091,106886946,99420542,1285885,1561420,5244288,10725029,13375837,9359970,13609301,17755849,12386773,9710151,8957790,6706998,7647968,4133153,44379104,39467972
197,000667,2018-01-10,-0.01449275362318847,-0.026086956521739202,0.06887043947731401,16850.0,215857.91327962562,2530,121475624,62557768,1978306,1324698,12547902,8598035,13309957,7284290,18485602,10466983,10610024,4875454,7832703,5195831,4081076,3543764,52630054,21268713
198,000668,2018-01-10,0.0013245033112583293,-0.003973509933774877,0.8677816509010949,13630.5,49585.531428762624,302,6114365,2316140,240292,233610,1608362,1178362,1361628,442182,1388508,461986,433370,0,612595,0,469610,0,0,0
199,000669,2018-01-10,0.013937282229965264,0.0055749128919859725,0.4203748237340167,14260.0,90458.91943918956,1165,24489813,19981648,1363889,662479,5870786,4963324,4507350,4972570,4141804,4268042,952434,2911339,992126,717616,884118,881358,5777306,604920
200,000670,2018-01-10,-0.005952380952380931,-0.013392857142857095,0.12478254762754763,26800.0,113549.8324741128,2907,100374088,73826878,1675595,2150862,15044979,14361757,17433937,14916812,21962132,22147879,15509294,6084734,10055581,5255716,5763064,2600980,12929506,6308138
201,000671,2018-01-10,0.002293577981651307,-0.01834862385321101,0.16590101897243373,44607.0,352825.9980547413,2772,225517827,203561037,1351255,1152673,13561884,9331977,17036033,11335115,23275610,23223638,22107884,22975724,19766201,13423121,16390461,13473993,112028499,108644796
202,000672,2018-01-10,0.003154574132492094,-0.01104100946372244,0.22204608757909516,80514.0,360295.10994053516,3269,291362087,325337324,841782,918654,11599476,10766398,21413192,16900731,44670607,38918114,26640971,32394869,27063426,24081862,21899859,16827979,137232774,184528717
203,000673,2018-01-10,0.0052395209580837765,0.004491017964071808,0.504134829709841,19388.0,188718.74114156223,702,18151994,36642866,543280,366280,2846604,3066406,2588348,2802527,2113748,4622739,2291993,4457871,1674753,3244811,2135854,3155618,3957414,14926614
204,000676,2018-01-10,-0.021071115013169495,-0.02194907813871816,0.4314167907445176,11220.0,95362.3920538211,697,16626207,7057088,621804,477018,3537580,1839830,2707996,871339,2756029,2451375,1622329,744906,1007914,672620,439654,0,3932901,0
205,000677,2018-01-10,-0.009708737864077666,-0.01456310679611661,0.2222581094628289,8260.0,118185.66335748983,343,4956928,4350546,393811,297088,1638524,737441,944775,689214,1080883,540314,528135,0,370800,0,0,0,0,2086489
206,000679,2018-01-10,-0.009589041095890316,-0.020547945205479423,0.41474464798199956,11520.0,46276.15752405494,309,6160556,2151350,244717,248168,1398658,948084,1884658,506520,1325726,179250,1004472,269328,302325,0,0,0,0,0
207,000680,2018-01-10,-0.001956947162426781,-0.011741682974559797,0.13662521854751986,10180.0,87754.36940109047,1401,30359556,17371505,1665008,1027785,6723267,3724802,5243215,2990514,5336243,2060275,2696308,1229319,2425223,1416682,3496980,0,2773312,4922128
208,000681,2018-01-10,0.08432432432432435,0.08432432432432435,0.5453449559104931,26078.0,399321.39763952524,1152,100069907,43895267,1062608,85347,8990582,1374061,6871841,2520806,12559978,4084543,9463890,3118580,3713199,2833417,3841772,3508511,53566037,26370002
209,000682,2018-01-10,0.004210526315789442,-0.010526315789473606,0.21598857903606997,8041.0,31783.625136308438,483,7272446,2750098,559894,396526,3080457,979524,1501868,853545,1920333,520503,209894,0,0,0,0,0,0,0
210,000683,2018-01-10,-0.0066006600660065695,-0.013201320132013028,0.0747727631227383,12120.0,184213.24848423616,1651,56934672,26715239,1470417,1278506,9119852,4782193,6965910,3931660,7141068,5154104,1720106,1781859,4015699,1629737,2241539,843484,24260081,7313696
211,000685,2018-01-10,-0.0057526366251199335,-0.006711409395973145,0.2873843294824931,5190.0,56540.62386538718,1317,14997464,11074427,822633,1963238,3197126,3730853,2016497,2564171,3489578,1257521,731017,1558644,1334087,0,932103,0,2474423,0
212,000686,2018-01-10,-0.01812004530011324,-0.01925254813137034,0.1826480790167262,26250.0,334489.7360539247,2340,145511131,119562620,1594470,1686469,8817421,10411201,11863531,11631255,15560213,16490463,11228423,11787245,9763227,10538231,8828686,7925417,77855160,49092339
213,000687,2018-01-10,-0.022914757103574712,-0.02658111824014675,0.31920818937241136,11825.0,70460.66823722114,1168,25322270,12213593,956003,977487,6509055,4377817,4077608,2248447,6434808,1965643,3272616,1038327,617318,1055178,863529,0,2591333,550694
214,000690,2018-01-10,0.021205357142856984,-0.0022321428571430157,0.21412717264642822,18774.0,160590.82891991735,1752,72111248,50030855,1577392,1334929,8010325,7028824,8369097,6848121,10471400,8795512,6118360,4828875,3423364,2048654,6986389,6355267,27154921,12790673
215,000691,2018-01-10,0.01049868766404205,-0.006561679790026198,0.4214935396682663,7585.0,47072.646382778184,326,3368731,3287336,263257,253717,1717966,894040,415486,324842,744314,412690,227708,538571,0,364047,0,499429,0,0
216,000692,2018-01-10,-0.027079303675048294,-0.013539651837524258,0.2391370283917024,5588.0,48761.368681486034,467,6452011,2523026,346622,434019,1825720,1098053,1673868,771746,1524241,219208,204000,0,0,0,0,0,877560,0
217,000697,2018-01-10,-0.01384083044982698,-0.018166089965398036,0.6852087778746057,18348.0,138440.99902458844,1138,47133659,16464329,970715,1001612,6408241,4637438,5284590,3390026,6357708,4339399,7153920,1707134,2129515,713616,5004142,0,13824828,675104
218,000698,2018-01-10,-0.011308562197092087,-0.014539579967689953,0.22374518500569845,9180.0,91979.52581763003,765,18774944,9290235,1053256,518095,3238416,2127873,2732831,1581017,3477137,1814564,2910836,1257607,1056116,972273,0,490400,4306352,528406
219,000700,2018-01-10,-0.012089810017271163,-0.015544041450777146,0.22295425157881718,6363.5,78511.08375981165,674,12784168,4922311,605457,773238,3273133,1855810,1975443,521941,2823596,878384,1096130,573846,0,319092,889144,0,2121265,0
220,000701,2018-01-10,0.00794438927507457,-0.002979145978153075,0.2963292393341716,5030.0,41475.82553822149,1155,9857245,9452749,960806,1365870,3481861,3000774,2049829,1230059,1491094,1547679,414099,1342044,1459556,395790,0,0,0,570533
221,000702,2018-01-10,-0.014025245441795176,-0.02103786816269282,0.2557903359936988,5688.0,42087.08642333472,777,8947085,6363382,453295,1059933,2444278,2576067,2028141,1464264,1402030,1044841,1362634,218277,731371,0,0,0,525336,0
222,000705,2018-01-10,-0.01568154402895039,-0.021712907117008462,0.3431297864708061,4956.0,56609.09526204338,583,8854844,3859240,615211,706873,2043826,1238280,2528166,745510,930039,460717,767392,297360,655211,0,495000,410500,819999,0
223,000707,2018-01-10,-0.013445378151260567,-0.013445378151260567,0.2420294032555991,5970.0,52772.586045987446,604,10064367,4999771,612887,643966,2153127,1787449,1647279,1154830,2274560,915208,1614825,498318,353400,0,870341,0,537948,0
224,000708,2018-01-10,-0.011130136986301276,-0.0059931506849315586,0.445695986768382,11660.0,96508.30710828425,686,14157607,10921297,465055,601124,3232862,2804120,2852949,1611940,2529438,2176041,1561916,476055,1430813,671155,464000,0,1620574,2580862
225,000709,2018-01-10,-0.009828009828009798,-0.012285012285012442,0.0769006667045916,16543.5,284097.20826605585,2820,153806774,68338650,2928617,1594896,15155903,8313789,14384802,11147560,16174155,8940938,9353271,6753494,11202320,2355488,7628403,3038195,76979303,26194290
226,000710,2018-01-10,-0.0243317972350231,-0.03594470046082954,1.341943733557482,21428.0,123070.26918055012,1634,56355773,35323805,553733,1143376,7553865,9494132,8395932,6596215,11203580,5825174,4487294,5763411,4620833,322751,5686133,428571,13854403,5750175
227,000711,2018-01-10,-0.011727912431587106,-0.010164190774042181,0.41166049608459926,12670.0,70724.28237469004,965,22364429,12811713,714493,787819,5278511,3566086,5185747,2660758,4907827,2603610,2524470,882684,1665843,0,0,460238,2087538,1850518
228,000712,2018-01-10,0.010836845273931361,0.004214328717639937,0.47024579098141095,15065.0,99469.17520394627,1247,34946671,22803116,770868,1177953,5231491,5991412,4695259,4058486,6991951,5385071,3922861,2469085,3473924,1452758,1330152,1693645,8530165,574706
229,000713,2018-01-10,-0.014513788098693747,-0.018867924528301883,0.29798016665404303,6860.0,53605.16529427605,534,8073543,5319437,479327,743062,1839640,1788783,1649102,1033888,2008371,819658,471894,231868,676000,702178,401109,0,548100,0
230,000715,2018-01-10,-0.01147028154327423,-0.013555787278414888,0.5826667608365981,9490.0,35723.77382156406,270,3996210,1621104,274465,351554,1370035,751700,906004,382240,843101,135610,273130,0,329475,0,0,0,0,0
231,000716,2018-01-10,-0.024834437086092787,-0.03311258278145701,0.13469091101747968,11248.0,189762.4680211238,2017,63894494,29109721,2260561,1419584,8767289,7019577,8849133,6057142,7370884,4950493,3180648,2147428,3007811,1293090,2744259,845246,27713909,5377161
232,000717,2018-01-10,0.014689265536723228,-0.002259887005649719,0.15553406095686254,75565.0,375078.5459713901,3246,305099176,291625417,1053518,1091087,15459740,10245457,22065023,15593861,47157566,39287226,40994802,27352610,26603206,17292319,19433966,24528275,132331355,156234582
233,000718,2018-01-10,0.0017889087656528524,-0.019677996422182376,0.10077126751839927,31813.0,345732.6919123783,3090,178132305,135703048,2090885,1045974,17151587,10191736,26303512,11771482,26907471,17282736,21973289,10920550,18156426,12116445,14381831,7242340,51167304,65131785
234,000719,2018-01-10,-0.013978494623655968,-0.011827956989247435,0.2842717685224787,3700.0,26176.659216989534,1070,8426862,4149570,2115617,666830,2501962,1324689,1414328,1283429,1389301,874622,1005654,0,0,0,0,0,0,0
235,000720,2018-01-10,-0.017937219730941756,-0.017937219730941756,0.17531578347502672,8780.0,55949.66851206722,647,11660853,5336128,623160,659882,3286146,2157472,1866144,1329073,2367780,749201,468716,440500,1054988,0,1353719,0,640200,0
236,000721,2018-01-10,-0.00886524822695034,-0.014184397163120588,0.23675227105064944,8475.0,37332.38638627846,567,7543891,4496098,527296,519887,2440940,1578425,2030262,1503039,1681539,403386,473254,491361,390600,0,0,0,0,0
237,000722,2018-01-10,-0.016447368421052433,-0.01754385964912264,0.3542886338906289,9110.0,40585.40525233221,662,10683985,3427721,975882,656178,3320756,2085917,2799461,351015,1601798,107456,759868,227155,338520,0,887700,0,0,0
238,000723,2018-01-10,-0.021929824561403466,-0.023391812865497075,0.16496064162215687,13500.0,147621.01276245512,1722,51974018,26788926,1687839,1046596,8108657,6766538,9172001,5168015,8023727,3353987,5099588,2253967,3117793,2090511,2262688,475300,14501725,5634012
239,000725,2018-01-10,0.018394648829431315,0.0050167224080266415,0.09982504435667237,1095863.5,4215609.076621681,3602,4126202594,4509631075,0,0,108224,54166,673112,1085279,10791243,9352898,27649279,25862743,40469275,39889202,53956385,42038265,3992555076,4391348522
240,000726,2018-01-10,-0.0063348416289592535,-0.01176470588235301,0.32719139456836843,10940.0,84975.6533777719,1140,28967160,7375956,1284939,476156,6300437,2569892,3965513,1669041,4586158,1172779,2590462,872070,1627022,0,1358911,0,7253718,616018
241,000727,2018-01-10,-0.008000000000000007,-0.0119999999999999,0.06371044118641088,4960.0,120509.98196843266,1555,27619882,11633475,1902605,1242145,5852565,3109056,2867932,1449588,4293011,1560108,3041356,721732,1350259,300846,1375856,0,6936298,3250000
242,000728,2018-01-10,-0.017117117117117053,-0.013513513513513598,0.23932446674613342,24409.0,135857.35088729387,2152,88317374,59153513,1119339,1362292,11342323,9053854,11363815,9397293,19289134,13752810,13956370,6355634,7448406,3797775,4984277,2258344,18813710,13175511
243,000729,2018-01-10,0.00421940928270037,0.00421940928270037,0.14066933456132763,14380.0,112201.87873022644,2562,65120558,44778164,1530183,2373360,18516356,8677280,10205654,7687636,9931087,8813492,7729329,6583979,2681903,1690983,2658915,2256476,11867131,6694958
244,000731,2018-01-10,0.005031446540880502,-0.008805031446540879,0.2179457186024083,15920.0,108680.71728428369,1331,34261166,27217778,1376024,936214,6064270,5743478,5522396,6105790,6759673,5739110,3909399,2967981,2764990,2816921,1362957,439496,6501457,2468788
245,000733,2018-01-10,-0.014256619144602856,-0.017651052274270218,0.4226690396066155,17484.0,107890.41195919299,1214,41821084,16461756,653088,959416,6573358,6223012,7186330,3864527,6419875,3531308,4264188,1200425,3474921,683068,857940,0,12391384,0
246,000735,2018-01-10,-0.008816120906801062,-0.015113350125944613,0.20615134605915209,16918.5,186397.35638987424,1484,73072521,37806029,1659147,949047,8529990,3840341,7352582,4266401,10534552,5102688,7667668,4581719,5723154,5640625,8521111,3059910,23084317,10365298
247,000736,2018-01-10,-0.024348810872027116,-0.035107587768969495,0.565373403902449,17030.0,78516.34948932852,977,21232283,14907646,931939,651180,5488169,4154476,4860697,2355739,3477197,2303132,1935771,475917,2121684,1371624,945330,1321200,1471496,2274378
248,000737,2018-01-10,-0.026639344262295084,-0.0348360655737705,0.17478139770080944,5313.0,77750.05908021533,780,14585722,5141291,725653,1109537,3169241,2016741,1504062,665659,2686774,323642,1431437,657552,1625835,368160,1318862,0,2123858,0
249,000738,2018-01-10,-0.023733162283515075,-0.025016035920461865,0.3977815952034972,13693.5,114710.1622258581,1536,47877159,22206656,1455251,1207445,7265063,5975040,5919818,3650569,6637157,4636046,4352804,2111559,4006966,2298694,4584110,1748231,13655990,579072
250,000739,2018-01-10,-0.02124430955993928,-0.02427921092564489,0.2732992735306703,6530.0,74373.28429328126,581,12322986,3814685,470463,687173,2930982,1219615,1581046,899769,3053857,1008128,952678,0,1291720,0,0,0,2042240,0
251,000750,2018-01-10,-0.008016032064128265,-0.006012024048096198,0.12546362848675596,10000.0,130942.88146213873,1585,40203951,28461472,1514400,1289359,7589384,4578876,4833475,2890260,6055512,4652711,4405540,2938557,2096777,2523965,2705060,1852210,11003803,7735534
252,000751,2018-01-10,-0.014652014652014711,-0.01831501831501825,0.10887274699436833,23760.0,181823.3011489951,2523,95459770,75127879,1364896,1288531,13951704,13004215,17032262,9734872,17585894,13009952,10663645,9320275,7578117,4119416,2360252,3191483,24923000,21459135
253,000752,2018-01-10,0.004460966542751077,-0.00892193308550182,0.5778397764379104,10768.0,50066.12080969763,541,8652667,4735112,539169,585564,2743800,2015342,1944936,513822,1686396,1169970,552606,450414,0,0,0,0,1185760,0
254,000753,2018-01-10,0.0,-0.007672634271099765,0.16203566136982178,7820.0,43854.61280346617,582,9178104,4132297,654117,407751,2901473,1112988,2909412,682437,1812805,1165434,526161,236400,374136,0,0,0,0,527287
255,000755,2018-01-10,-0.023622047244094446,-0.029921259842519587,0.251592824623927,6350.0,72161.88643943396,637,11376417,5921008,667160,745237,2071705,1875539,2420753,772602,1054532,377357,1382165,737539,1229798,317000,495810,0,2054494,1095734
256,000756,2018-01-10,-0.019999999999999907,-0.02551724137931033,0.3102404150278582,15658.5,84307.74432370321,2186,56619926,33383385,1504281,1707744,11512069,8152955,15272595,7415504,13542398,7799489,4798762,1240502,963893,2019200,2973583,410669,6052345,4637322
257,000758,2018-01-10,-0.0045045045045045695,-0.013513513513513487,0.143562995123499,14564.0,178865.49461942303,2156,63426254,65219182,2784104,1335322,11921744,7151198,9666255,7290615,10018993,8405883,3813210,2982373,4801152,3128196,4114661,2610087,16306135,32315508
258,000759,2018-01-10,-0.01224489795918382,-0.01836734693877562,0.21068361030297297,21274.0,119131.00357251825,2167,72114687,52545511,1627177,1814070,10565627,10108845,11954889,10330622,16300224,12499657,7220250,5188949,5032042,3118901,1716582,1398469,17697896,8085998
259,000761,2018-01-10,0.001865671641791078,-0.003731343283582156,0.1209500182704443,5350.0,144345.50674547238,1969,51447112,37241041,1765186,1525975,6037795,4760936,5847290,3941602,6669276,6715541,5509571,4975473,3371410,2112529,2599190,3034163,19647394,10174822
260,000762,2018-01-10,-0.019030079803560418,-0.02516881522406378,0.3118064106666091,39408.0,178632.11397917278,2731,131321093,132825245,1320172,1420626,13392802,13090456,17143775,16297126,30021877,23027318,15306668,16891755,13047975,13967347,9470450,10031127,31617374,38099490
261,000767,2018-01-10,-0.009933774834437026,-0.013245033112582738,0.13712279015995843,3576.0,87011.89416469191,485,9334498,3575849,491952,302511,1805072,1142946,1006918,480537,995527,487778,493043,425801,1412782,0,832191,0,2297013,736276
262,000768,2018-01-10,-0.011682242990654124,-0.01869158878504673,0.33895582138068775,23646.0,202994.98500739277,2553,107041696,89629896,1191499,1726226,12521437,13116608,11820279,10920527,13055718,20412569,10783832,8547954,7278784,3365543,4301217,3192360,46088930,28348109
263,000776,2018-01-10,0.0016901408450704647,-0.00901408450704222,0.31963279460058497,54870.0,371657.71342007385,3085,285847230,249461868,1164829,928549,13218570,11235067,21002059,17309709,35802022,30456215,22457761,21092630,20583205,18384052,18659364,14929898,152959420,135125748
264,000777,2018-01-10,-0.026494146642020877,-0.02156500308071474,0.4362313919906279,14519.5,137422.9720935143,1384,41678751,20188346,1690023,1195780,7611885,4347644,5142107,3793364,6360660,4967280,3689064,1930710,1937377,2032006,1742471,435162,13505164,1486400
265,000778,2018-01-10,-0.005464480874316946,-0.010928961748634003,0.12114994580586784,13675.0,214627.0564268955,2059,68268943,47781656,1686264,1611684,9735053,7838309,8617276,6136371,8258742,7667684,4225939,2739056,4687577,2362753,2670772,1864390,28387320,17561409
266,000779,2018-01-10,-0.004379562043795526,-0.0131386861313868,0.6368159257909751,10912.0,54453.35095788575,462,9193460,3818947,429051,357461,2142060,1247472,1760215,1163107,2259667,1050907,972224,0,1031843,0,0,0,598400,0
267,000780,2018-01-10,-0.001956947162426781,-0.011741682974559797,0.22482584366876357,10200.0,68960.72588892719,516,10156021,6294707,368954,309321,2363638,1517706,2291934,1326226,1453700,1580544,1284254,498896,316089,0,964184,480496,1113268,581518
268,000782,2018-01-10,0.012642225031605614,0.0025284450063209896,0.42409243835048493,12688.0,61481.88269643664,347,5251403,4073900,305376,248645,1899451,1180727,1273001,1355880,981575,427873,0,220800,0,0,0,0,792000,639975
269,000783,2018-01-10,0.001245330012453305,-0.008717310087173025,0.17795219102974155,19236.0,195094.93489137702,2038,82241018,60923375,1766587,1738723,11108057,8446596,10820083,8958499,10065331,6278120,5355072,4623163,2471280,5079179,6793553,2687491,33861055,23111604
270,000785,2018-01-10,0.00764087870105068,-0.009551098376313405,0.42690849758195476,15554.0,87804.74907330057,601,16246497,10285740,479517,308198,3026038,2378253,2195502,2208966,2608035,2589403,1973304,2477186,1321201,323734,888500,0,3754400,0
271,000786,2018-01-10,-0.01742574257425744,-0.03168316831683171,0.4369973386026123,83674.0,357729.4904863331,3342,346103700,257811559,654614,854444,11893259,12216877,23469158,21699800,41897481,48442790,37863940,30034903,26032268,25788232,27950297,15581924,176342683,103192589
272,000788,2018-01-10,-0.01230425055928408,-0.016778523489932917,0.40983909226822973,8880.0,53361.121344206585,475,9400301,4161576,563774,567042,2617171,1338691,2359705,995188,1433725,539630,1492212,0,0,721025,933714,0,0,0
273,000789,2018-01-10,0.012099644128113818,-0.004270462633451988,0.24145898827824794,110092.5,577104.3343618078,3398,477865611,397381884,735178,612741,11659196,9241065,21333165,16228089,50215638,40710115,41600357,40323024,34448139,24523113,33266051,29108086,284607887,236635651
274,000790,2018-01-10,0.05189340813464227,0.02103786816269282,0.22487398214723828,11352.0,103340.51190646818,1006,21211599,19451076,1026111,890977,5040989,3138549,3238175,2296403,3756177,3314698,3594672,1254949,2350107,1528202,0,488370,2205368,6538928
275,000791,2018-01-10,-0.01739130434782621,-0.02857142857142858,0.19298149704503764,15124.0,106344.50687019296,1741,45495866,20583897,2034305,1467555,10129804,7445906,7315850,5011824,8827211,4005874,2758432,1912944,3200700,739794,2274747,0,8954817,0
276,000792,2018-01-10,0.0006578947368423016,-0.007236842105263097,0.2558985701131428,137700.0,952368.2873621924,3533,679570341,718814999,357095,625087,9206757,10366011,18178228,23415151,46001704,50387281,44156685,49350713,38272158,38095039,34648210,27171287,488749504,519404430
277,000793,2018-01-10,0.0010438413361169019,-0.007306889352818424,0.246421748012617,21804.0,248593.13281411602,1513,70242819,91581876,1228331,1319182,7072154,5519460,7431844,5547342,9872065,7779920,5489387,5265505,7323089,3389229,4893085,13722764,26932864,49038474
278,000795,2018-01-10,-0.009316770186335477,-0.018633540372670843,0.12948074486308483,19902.0,111170.61852650718,2479,73717216,56963204,1949434,1725324,13517259,11220087,13359463,10403317,13063145,12597978,5890773,7438542,6802780,5971309,3533155,1818322,15601207,5788325
279,000796,2018-01-10,-0.01924447612259439,-0.03064861012116893,0.38721212608327854,13790.0,127547.71546092001,1313,38371739,18192524,858130,1272890,6007149,6543098,6329476,3606686,4213723,2178077,4706409,2054369,2464073,678596,1443300,906850,12349479,951958
280,000797,2018-01-10,-0.017699115044247926,-0.02743362831858409,0.3154024212121858,13410.0,83913.9969617445,1284,34309489,15601522,1230771,738509,7289839,4710347,4983578,3559618,6436128,3679109,3449580,1472565,2450368,332003,2674825,497200,5794400,612171
281,000798,2018-01-10,-0.008177570093457986,-0.014018691588785215,0.3992438576739348,6768.0,86420.014326766,459,6437062,2549798,571292,482229,1618741,1007298,1409048,642384,554901,417887,524539,0,0,0,0,0,1758541,0
282,000799,2018-01-10,0.004441154700222105,-0.004441154700222105,0.5007238947795573,29881.5,157555.9727415373,2912,124349160,90066686,1919414,1056907,17979551,11579143,19303170,15862641,24160228,20223016,14109815,15133929,8981647,6927367,6637926,2174472,31257409,17109211
283,000800,2018-01-10,-0.00917431192660545,-0.020183486238532167,0.24184724929732815,21690.0,160901.71030270038,2032,94199401,40628648,1403034,1015897,12528948,8059029,10967664,8529963,16720834,8131328,10158891,5930149,7950546,3636976,2700503,907056,31768981,4418250
284,000801,2018-01-10,-0.023569023569023684,-0.028619528619528767,0.19564008790544998,7038.0,52835.60446386364,922,14004651,7753387,988923,976904,3532331,2649378,1958730,1789882,2471290,1175605,3096570,481875,0,679743,832720,0,1124087,0
285,000802,2018-01-10,-0.01893663510560817,-0.02039329934450118,0.3820763264480732,13440.0,74931.07901781054,1291,24717656,15398886,990417,1544903,5751677,6025932,3542556,3587459,5167709,1900850,3267173,424718,1099872,0,2205027,404700,2693225,1510324
286,000803,2018-01-10,-0.0030877812086458345,-0.02029113365681523,2.4174855556299026,11215.0,62277.221593447735,87,1603047,1238340,98662,36057,473365,230111,402545,0,628475,0,0,656614,0,315558,0,0,0,0
287,000807,2018-01-10,0.02607076350093096,0.013966480446927498,0.18005283231263583,154700.0,679319.7488164634,3567,592216368,606934861,257028,244368,10639410,6772919,26914205,18630896,58584268,44127176,64696114,48528083,56665188,42821454,37568859,33511246,336891296,412298719
288,000809,2018-01-10,-0.012919896640826933,-0.015503875968992276,0.2004744253780579,13562.5,72513.58541329787,372,9475186,3501472,275161,273866,2852761,984389,1323560,393754,2797473,1060538,738696,448550,0,340375,0,0,1487535,0
289,000810,2018-01-10,0.012448132780082943,0.013831258644536604,0.188787692798646,10995.0,81911.42770539428,1469,26814129,29866414,1290885,1094722,5788937,4992941,4018267,4494761,5971829,7630397,3798697,3874143,3041270,2772769,927089,2198808,1977155,2807873
290,000811,2018-01-10,-0.012269938650306678,-0.01717791411042957,0.23527011647961868,12686.5,79683.15986355365,1200,26891213,13218083,1536818,875706,6969294,4251337,4468899,3468594,3907073,2020481,2798276,997592,1320279,369648,1794998,0,4095576,1234725
291,000813,2018-01-10,-0.006711409395973034,-0.007829977628635354,0.24921035819592843,8880.0,61152.87636661113,1287,23970813,12420861,1671087,633816,5893989,3451528,3822949,4830943,4643365,1893143,2351566,949730,1723395,661701,1308071,0,2556391,0
292,000815,2018-01-10,-0.005714285714285672,-0.031746031746031744,0.5696753218106705,13869.0,52990.34422990688,764,13650666,6727874,790512,677449,4546773,2734829,3026914,1328759,2604392,356293,1279270,1321844,0,308700,0,0,1402805,0
293,000816,2018-01-10,-0.014792899408283988,-0.017751479289940808,0.08578197751281562,8275.0,125999.19965655146,1560,40753180,19293305,1900123,1264022,7153531,4437061,5320637,2597821,4367263,3032281,4408231,1336222,1027432,1438488,1336886,945370,15239077,4242040
294,000818,2018-01-10,0.013006885998469775,0.01224177505738333,0.30791307689308256,26550.0,171828.64264850866,1804,56003319,73237572,1569464,824595,9013295,7642336,9738489,10651456,10992407,12041192,6484615,5472612,2151500,6303466,4379772,5228191,11673777,25073724
295,000819,2018-01-10,0.0031152647975078995,-0.006230529595015577,0.4510002472109092,12970.0,44110.71903262159,810,11692291,11073128,723113,515610,4389470,3603735,2967638,2849534,1954637,3059943,734458,739041,0,305265,922975,0,0,0
296,000821,2018-01-10,-0.008403361344537785,-0.01680672268907568,0.28890372133885767,15177.5,198278.80033457276,1698,61738658,43163271,771305,1648500,6301200,9005023,6520861,6981461,7264137,6927565,5698564,3106246,2924392,2378353,4026817,972709,28231382,12143414
297,000822,2018-01-10,-0.007268951194184914,-0.01661474558670817,0.18791946899392195,20944.0,133522.2547444205,2629,91046920,68785315,1693866,1528233,11983063,14657987,12021360,11586815,17340574,14850915,10517808,7617489,6596517,6594933,7419796,1271844,23473936,10677099
298,000823,2018-01-10,-0.01192052980132452,-0.013245033112582738,0.34683368428780026,30380.0,172287.58345302727,1897,87788341,86898001,1015093,1047138,9104882,8157964,9348825,9846197,15183483,14300832,9494347,11357558,8676403,8980287,8897264,6218584,26068044,26989441
299,000825,2018-01-10,-0.005791505791505669,-0.013513513513513375,0.09955325688438287,16283.0,224554.318059561,2718,129786262,78412751,2244594,1278524,12857867,8984881,12869696,7984828,15837020,10512244,9630104,7866990,8256177,5123686,7290517,3049644,60800287,33611954
300,000826,2018-01-10,-0.0009017132551848439,-0.006612563871355781,0.8291798129852527,20028.0,196665.7391251064,1610,63302504,53107731,1213992,1052941,8791319,6414985,8363055,5604952,10191994,6691560,5544567,4925711,6216259,5455878,3085167,3915875,19896151,19045829
301,000828,2018-01-10,-0.002673796791443972,-0.0062388591800356386,0.43848607430708636,5615.0,66357.14192891281,654,10869487,8144827,324879,673745,1879652,1987573,1461328,1636282,1883784,1526001,2071239,2321226,725360,0,1758785,0,764460,0
302,000829,2018-01-10,-0.004310344827586077,0.0,0.32698475779075054,6517.0,46729.518664362215,805,9086845,6422993,1089429,890457,2817083,2249606,1681404,1142008,1343307,575761,675536,1242931,327927,322230,482559,0,669600,0
303,000830,2018-01-10,-0.01533406352683464,-0.020810514786418488,0.32382608680198044,66304.0,387204.60813077295,3182,313323858,237088082,1035873,1057203,12945893,11902406,20722467,18279855,38293951,33187903,28798193,31180014,26007262,22500990,25576476,16893459,159943743,102086252
304,000831,2018-01-10,-0.02977099236641212,-0.03969465648854964,0.24510014051232773,42487.5,217543.26760650275,2860,155517973,131804775,953313,1164445,12995926,14636984,18604911,17674592,30712152,26870571,19419559,16531390,15958849,13315033,11603194,8543950,45270069,33067810
305,000833,2018-01-10,-0.015781922525107572,-0.017216642754662836,0.2949011422299761,6935.0,41245.152675971774,558,7880312,2968756,671050,557855,2491400,1573194,1601890,523757,1395728,313950,421290,0,336432,0,962522,0,0,0
306,000835,2018-01-10,0.0024420024420026554,-0.004884004884004756,0.35381431793852514,10621.0,57213.71526640751,535,10638818,4721458,572807,615859,2567127,1828695,2730596,1110106,2268339,694817,916318,471981,715656,0,0,0,867975,0
307,000836,2018-01-10,-0.027184466019417597,-0.023300970873786464,0.10286914591569045,16416.0,117048.68844840468,2517,76862984,53001915,2348741,1240428,12949216,7996521,13992103,9894630,16218887,10134467,8689802,6922420,5801292,3381762,5423274,4693094,11439669,8738593
308,000837,2018-01-10,-0.0064102564102563875,-0.012820512820512886,0.21373841816026048,12440.0,56497.203887798176,852,17219869,8737328,960389,647155,4944580,2928759,3144285,1744982,3150856,1073130,2917363,776947,2102396,994147,0,0,0,572208
309,000838,2018-01-10,-0.012698412698412764,-0.022222222222222143,0.13074855285437129,18038.0,103451.9685760621,2327,73608998,39593724,1890152,1722459,11718342,9527229,12630718,9234919,16679714,8658291,7939265,3675172,5054493,3085863,3495547,413305,14200767,3276486
310,000839,2018-01-10,-0.012035010940919189,-0.01969365426695835,0.16026397384897392,50792.0,316618.4966837442,3257,234817990,189674170,1297983,1325120,14712796,14569267,24317896,21520914,42084622,31822094,25709840,18252617,16429672,14087319,15845303,11667490,94419878,76429349
311,000848,2018-01-10,-0.004980079681274785,-0.01195219123505964,0.2174566352082848,11137.5,122921.52649900696,2134,52015164,42420555,2563833,1593249,10734611,5963191,10565261,5117528,8982975,7513680,4084128,4699788,2664835,746328,2544891,2283905,9874630,14502886
312,000850,2018-01-10,-0.008658008658008698,-0.010822510822510734,0.24561269851029738,9220.0,64778.117404138706,353,7461217,1967025,550101,241176,2236083,1080960,495547,373674,723727,271215,1124066,0,714375,0,927318,0,690000,0
313,000851,2018-01-10,0.0022497187851517886,-0.015748031496063075,0.2670560864555583,17550.0,198158.76737826306,1108,30974763,34920360,688622,1436894,4045571,5341409,4550844,4894878,5123051,5522125,2514363,4071886,2387229,2504034,1849395,1390569,9815688,9758565
314,000852,2018-01-10,0.002912621359223211,-0.003883495145631133,0.2210120931870443,21080.0,125835.94471195519,2175,63577262,52414003,1464842,1110409,12604435,9168868,11447192,9444296,13857488,10406079,10797784,8121190,4309688,4035133,1364795,887960,7731038,9240068
315,000856,2018-01-10,0.005210594876248198,-0.0143291359096831,0.40774602104799335,55800.0,255855.18262208693,3193,196824581,163696960,1020274,864461,14870252,13770243,24065609,22446596,39760458,37960503,25356736,21724979,17592110,13852581,16001473,9964557,58157669,43113040
316,000858,2018-01-10,0.027864493004971846,0.0026592669672795832,1.4454981031541039,338715.0,975994.7561447577,3581,1044611923,1051908946,138089,138434,3267331,2495372,12482139,12656594,39873901,37543918,52495222,47201991,60631310,49783167,46076887,63602735,829647044,838486735
317,000859,2018-01-10,-0.013921113689094988,-0.016241299303944134,0.16209367432597566,8560.0,76049.87194612529,707,15193716,5392900,847816,499613,3391925,1893676,2505854,955238,2643426,1205520,1871385,511628,1343854,327225,469326,0,2120130,0
318,000860,2018-01-10,-0.007153806847215116,-0.01328564128768528,0.4229522694578419,7764.0,94873.21484072079,2141,48933741,19195447,3997951,1942822,7749895,4929864,5501127,3955291,6357268,4835282,3272932,1433036,3119761,1049392,5790000,0,13144807,1049760
319,000861,2018-01-10,-0.018575851393188847,-0.024767801857585203,0.11080646676253737,5684.0,117403.5999549107,851,15252587,6484398,1118551,632344,3108563,1811575,2011853,1893684,1363508,833701,505677,231360,702160,311942,446649,0,5995626,769792
320,000862,2018-01-10,-0.0119999999999999,-0.014000000000000012,0.2206313907392,5000.0,36868.58104699144,513,6486358,2434259,533373,545678,2323759,1101468,1054873,627613,1174747,159500,1000406,0,399200,0,0,0,0,0
321,000863,2018-01-10,-0.009057971014492683,-0.014492753623188248,0.17392367781359616,8287.5,67226.48694200779,1008,16698987,8768454,1184833,511676,5186840,2256233,2690670,2030617,3283014,1374743,1059794,741185,371544,312930,1408205,443070,1514087,1098000
322,000868,2018-01-10,0.003278688524590123,-0.01857923497267755,0.1568333841827446,67784.0,344853.7290080583,3413,287828642,231897371,1024538,824625,13729282,14262251,25567996,23037779,40750176,39550062,36287366,26414707,29108611,26071358,17053045,20090754,124307628,81645835
323,000869,2018-01-10,0.007447864945382188,-0.016137040714995,0.8666947643905052,28119.0,134021.22177398967,2160,83332385,62418374,1083036,1375731,11385759,13191876,13519690,11029229,14465153,11976283,10437851,7812166,8028944,3419015,8121962,3494763,16289990,10119311
324,000875,2018-01-10,-0.015228426395939132,-0.015228426395939132,0.13426752176176596,7800.0,119125.54501332634,862,24681356,11736978,621430,1009059,3088759,3064443,1587313,1703942,5408805,1226975,1253824,1502323,3582667,1045416,0,468000,9138558,1716820
325,000877,2018-01-10,0.09812667261373775,0.07760927743086521,0.18923496070028836,121088.5,1060770.7194987487,3520,710562477,469659018,416608,364313,12462468,8860851,27491224,19512537,62654291,35371906,54368053,32737309,42966409,28659121,32491496,27941384,477711928,316211597
326,000880,2018-01-10,-0.027083333333333348,-0.033333333333333326,0.46909863461142104,9410.0,74992.152619244,418,8841778,3455653,510776,467000,1869717,1523453,1767636,551500,1296309,708780,1060889,204920,714917,0,469060,0,1152474,0
327,000881,2018-01-10,-0.036443148688046656,-0.03352769679300294,0.3872657223439023,13520.0,168465.82133536472,1255,35024858,24831447,832167,1288764,6155798,5144406,5885970,5614340,5321958,3059274,5181819,1428865,2398895,2044507,411125,476084,8837126,5775207
328,000882,2018-01-10,-0.0032573289902279035,-0.006514657980456029,0.10161178308965639,3080.0,98163.08667360136,915,11690429,7021346,1246282,660782,2557619,2013025,1260129,1166427,1826339,598462,209502,454230,1047899,0,0,463500,3542659,1664920
329,000883,2018-01-10,-0.006276150627615107,-0.010460251046025104,0.1393646379581519,1904.0,81615.42531818377,1178,17354170,8695748,1138388,719196,3854699,1232210,2650318,1347425,3031384,1600758,1950131,694932,1355842,314343,1405339,0,1968069,2786884
330,000885,2018-01-10,0.015262860373092213,0.011871113623515894,0.3303864501888845,42960.0,170994.1427847245,2871,140768470,132976192,1070779,1352881,13046688,14445684,18412521,19199283,28418211,29190212,17743560,17084431,15908020,10686727,9040731,7748312,37127960,33268662
331,000886,2018-01-10,-0.0055248618784530246,0.0,0.2535308549036917,10164.0,170289.19266290817,815,25106216,14370562,930116,397721,4270514,2015046,3428065,1181352,3829332,3369447,2322499,447940,323796,2131988,431244,0,9570650,4827068
332,000887,2018-01-10,-0.021586616297895378,-0.024284943335132425,0.4298802405679296,18110.0,109527.4341486788,1858,63006764,20587183,2217726,750228,15065465,5262122,9707908,3874343,8467341,2734565,5710476,1906827,4917675,1697306,3475432,0,13444741,4361792
333,000888,2018-01-10,-0.007352941176470562,-0.011029411764705954,0.3162733821322232,8736.0,78223.49044600264,1183,23768565,9218448,1035856,683815,6905981,2721818,3073013,1342216,2164498,1516433,2748417,437144,1684776,1043030,850127,422967,5305897,1051025
334,000889,2018-01-10,-0.010432190760059634,-0.02235469448584204,0.7965458806994008,9401.0,49754.62771005699,283,3814635,2848885,216982,339238,1410806,881218,570814,205405,455262,236306,764771,1186718,396000,0,0,0,0,0
335,000890,2018-01-10,-0.007363770250368162,-0.010309278350515538,0.34258173462395686,6745.0,50841.33620966436,392,6080248,2343133,338133,298201,1732026,739335,1576933,564156,1294164,536481,0,204960,0,0,463026,0,675966,0
336,000892,2018-01-10,-0.0038510911424903815,-0.011553273427471145,0.39821982989455296,7795.0,82603.38988561039,382,6348685,4094111,443737,260074,2003944,1144027,1100131,769860,965029,674550,222048,231600,0,0,0,0,1613796,1014000
337,000893,2018-01-10,0.003282275711159688,-0.001094091903719896,0.33952999314257815,13665.0,64312.87357479536,724,15871407,11057223,926581,550805,4272036,2348859,3537668,1582256,3188141,3474877,2798760,1290006,708578,660751,439643,0,0,1149669
338,000895,2018-01-10,0.03854545454545444,0.007636363636363663,0.48933180435381296,53029.0,252987.4412504139,3161,185594456,197697173,1107085,947865,13531684,14937153,24540347,19459510,36388172,33735508,19330036,22477301,18386518,15973277,13922578,14212950,58388036,75953609
339,000897,2018-01-10,-0.019178082191780743,-0.021917808219178103,0.0982434091491856,6086.0,59911.4173424707,1385,22431086,8153422,1926694,996889,5856077,2517347,3726345,2241845,3672732,1424781,967384,512030,2688704,0,416262,460530,3176888,0
340,000898,2018-01-10,0.0060606060606061,-0.003030303030302939,0.13733548564066458,19740.0,239831.69423525303,2315,111674930,100332710,1589500,1882442,7174653,8795159,7265610,9250584,25873306,15687686,12081742,8541427,8952538,11854792,3017704,3460649,45719877,40859971
341,000899,2018-01-10,-0.005059021922428242,-0.00843170320404718,0.2904840475459852,7152.0,43138.28618941351,416,4916790,5044735,332201,676874,1764807,900435,1384792,1235096,1209864,1431212,225126,298000,0,0,0,0,0,503118
342,000901,2018-01-10,-0.022821576763485507,-0.02863070539419088,0.6014803386652596,19304.0,88056.7247089399,1605,43964108,29748520,1129068,1387033,9174241,7478810,7132146,6327386,10254057,7730636,5739432,2730859,1807144,1690681,2231703,403305,6496317,1999810
343,000902,2018-01-10,-0.0019379844961240345,-0.0029069767441861627,0.2922295716949945,7357.0,88930.73179819548,1248,14833748,16960584,1232047,1646216,4110179,3985576,2054335,3275276,2533024,3227387,1288675,1660792,0,671754,403968,476519,3211520,2017064
344,000903,2018-01-10,-0.011235955056179803,-0.014044943820224809,0.1290157159939954,7371.0,145357.27890954103,762,12357651,12434512,818981,777028,3213200,2281775,1784597,1496989,1723477,1536222,1528673,409833,327804,395352,414876,0,2546043,5537313
345,000905,2018-01-10,-0.010849909584086936,-0.022603978300180794,0.33013656518783613,10990.0,66217.98517594294,1122,23572452,12171377,1322833,751476,5390501,4222220,4085618,1668219,5383972,3582285,2892280,1523033,1629417,0,432534,424144,2435297,0
346,000906,2018-01-10,0.015957446808510634,0.010638297872340496,0.22133399443518204,15280.0,68756.1562393555,1155,20690913,25424978,850270,1196988,4598867,5218569,4530782,4424928,5658459,6829732,1644383,2953732,2414097,2361102,473535,1410984,520520,1028943
347,000908,2018-01-10,-0.004665629860031051,-0.009331259720062102,0.24417823864765842,7644.0,54115.86843760908,693,9173373,7075823,816674,639594,2751359,2151551,1978845,1130808,2829895,1638508,796600,489446,0,0,0,0,0,1025916
348,000909,2018-01-10,-0.016408386508660167,-0.026435733819507812,0.47090349049148295,8604.0,36025.71038096156,542,7315529,3385485,461774,695969,2294363,1683271,1534029,471448,2156460,100188,210795,434609,658108,0,0,0,0,0
349,000910,2018-01-10,-0.02996108949416343,-0.03735408560311293,0.5826981405989672,27148.0,150289.44079827363,1953,86982293,46640732,1199481,902249,12669415,7591575,11096277,8367181,12684852,8146362,9555898,6388748,5649732,2641733,6358558,4134713,27768080,8468171
350,000911,2018-01-10,-0.004319654427645703,-0.0075593952483801186,0.2986431620383521,9190.0,46156.10549681145,961,12723000,8642171,1144362,1078242,4490326,3030512,2884729,1548602,1975489,1276106,1197060,476157,368634,632712,0,0,662400,599840
351,000913,2018-01-10,-0.006057546693588933,-0.01514386673397261,0.8853476377107469,7882.0,82778.91495491956,500,8114347,7226907,475399,795798,1893710,1363049,1257668,953221,960419,1282902,1544113,534353,1098590,0,884448,0,0,2297584
352,000915,2018-01-10,-0.019558359621451138,-0.02208201892744477,0.8838095830967954,22311.5,160003.42644101463,1286,60536873,24646212,1110489,900720,6349349,4897374,8831158,4380591,10097313,5473443,4719067,3030212,4390049,3035506,3555009,0,21484439,2928366
353,000917,2018-01-10,-0.010158013544018019,-0.013544018058690654,0.24743302295601322,17530.0,166770.81209299556,1282,51715543,21349945,1270413,1008561,6787349,4538036,7440055,3604202,8298492,4130157,5866004,1969959,3153574,2532803,3526559,0,15373097,3566227
354,000918,2018-01-10,-0.021592442645074206,-0.026990553306342813,0.16102271740255236,20692.0,205116.76115143584,2123,98956683,61035154,1550859,1687189,10562177,8714951,9534626,9347566,14653135,9184026,10093282,4653467,8759517,6027501,6068839,2253722,37734248,19166732
355,000919,2018-01-10,-0.010011123470522798,-0.014460511679644128,0.4210663423142197,13304.0,64751.41524881424,455,11436528,3573377,511430,473321,2907073,1238561,2221920,1271462,2194962,344117,1918860,245916,334125,0,477220,0,870938,0
356,000920,2018-01-10,-0.02300000000000002,-0.025000000000000022,0.35884766312869576,9000.0,61535.16523825643,776,14269085,6610347,845505,722401,3450247,2651405,2235850,1296475,2880567,732071,1325920,730248,1706329,0,457138,477747,1367529,0
357,000921,2018-01-10,-0.005347593582887722,-0.008689839572192604,0.33151660023299534,18024.0,96265.13585579376,2037,60777604,41147771,1710883,1154269,12271155,7622568,9446327,6286469,15306879,8487933,7587853,4391899,5908664,4035642,2213346,3925078,6332497,5243913
358,000922,2018-01-10,-0.010625737898465104,-0.016528925619834767,0.28860654637388244,14178.0,80727.95590805837,861,17739969,14559072,915524,783098,3817359,3148837,3949507,3185111,4704598,3097991,2111936,642135,1407045,681693,834000,882203,0,2138004
359,000923,2018-01-10,-0.011646586345381515,-0.013654618473895597,0.5258597093626544,27478.0,278755.99202214513,2243,90510726,98758354,1185179,1614230,10048226,11455233,10973938,10695179,18786136,14393198,12247363,10849525,8984794,5495958,4133391,5904996,24151699,38350035
360,000925,2018-01-10,0.00967741935483879,-0.000645161290322549,0.503330048570497,15650.0,117045.0650403531,948,22336312,19563011,826553,1058274,4779463,4675131,3194457,3130704,3049459,3457043,934525,748752,345180,1291900,2248383,480114,6958292,4721093
361,000926,2018-01-10,0.0,0.0,0.3953986837209384,107820.0,1926657.4096690433,917,423729289,0,633742,0,3565080,0,11721232,0,32534097,0,32816814,0,9531288,0,3511338,0,329415698,0
362,000927,2018-01-10,-0.02844638949671774,-0.035010940919037226,0.1281557217726343,10338.5,90634.89545652168,1274,30688388,15438550,1139729,1282541,5967429,4139958,5165126,2574640,6222225,2647893,5031782,2140681,2414591,1716421,1809546,936416,2937960,0
363,000928,2018-01-10,-0.02034883720930225,-0.02470930232558144,0.1704545349669138,14938.0,122279.55197663272,1631,57676022,25407352,1461315,1111251,9122502,4980276,9426544,4648335,8819249,6484898,3236119,2823726,5840401,2080335,3042859,473960,16727033,2804571
364,000929,2018-01-10,-0.001682085786375187,-0.019343986543313707,0.6208585995049877,11685.0,39669.584908029836,366,5798778,1914055,324582,366880,2276167,885235,1443362,470456,730105,191484,248888,0,339264,0,436410,0,0,0
365,000931,2018-01-10,-0.01375515818431905,-0.023383768913342484,0.21257460134427886,8538.0,47738.57508806776,1170,18320419,9776263,1153546,1555706,5563686,3716850,4668019,1769606,3088461,1161196,1706003,1010711,1011742,0,422816,0,706146,562194
366,000932,2018-01-10,-0.017241379310344862,-0.0344827586206895,0.17783953871095612,38304.0,229825.3463559333,2727,174740497,108374086,1897693,1170395,13233771,10517440,17890469,13389592,34480359,22121203,20619054,14977281,14922166,10171491,10609887,6004957,61087098,30021727
367,000933,2018-01-10,0.01325757575757569,0.004734848484848397,0.1795950323903571,113420.0,503143.7473876132,3465,432338712,465829310,543576,580912,10130869,10865348,20451700,19941091,40067774,41194106,58758891,44305029,36373732,33253573,28229694,31411766,237782476,284277485
368,000935,2018-01-10,0.03736263736263745,0.02857142857142847,0.3326367488559723,46849.0,222994.49053930066,2996,153000771,183194555,1372350,1256318,14515147,12616539,22118736,17480378,31496176,29244587,20369646,18546359,13094112,16215867,9834889,16383759,40199715,71450748
369,000936,2018-01-10,-0.005988023952095856,-0.014970059880239472,0.2050801384405514,13360.0,78900.83885940601,1061,27258557,14095204,928925,981960,6116789,3821430,3890054,3213987,5713006,3127251,3380906,1935745,1750750,0,1246377,495581,4231750,519250
370,000937,2018-01-10,-0.015822784810126667,-0.022151898734177333,0.12982955464271517,9968.0,157474.77324155805,2375,66096201,55556175,2854352,1704379,10666896,6302876,9814230,4989023,10373152,8464169,6510458,3121652,6030103,4061737,1863191,3543367,17983819,23368972
371,000938,2018-01-10,-0.0007137758743753775,-0.01184867951463242,1.424527701906689,42204.0,182963.7521275403,2418,137586363,103038640,1198825,1203368,12585098,11029665,15443318,13837394,28481181,21268031,18751456,8803475,14581602,11456002,6747941,3892797,39796942,31547908
372,000948,2018-01-10,0.007561436672967936,-0.00472589792060496,0.5344895433569566,10590.0,82297.6699793075,391,8020629,5553710,323910,305564,1531139,1366631,1290860,1628694,729188,1617821,505211,211800,303933,0,0,423200,3336388,0
373,000949,2018-01-10,-0.03333333333333344,-0.03333333333333344,0.1385005453357992,8940.0,93142.87268088417,1057,25866890,11346698,1216543,1008467,4790496,3265526,3624538,1931324,4567859,2598411,2715654,1381096,1748372,724874,1341406,437000,5862022,0
374,000951,2018-01-10,-0.03213296398891974,-0.02880886426592799,0.44428395343054067,17790.0,101146.75832657536,1651,50151103,31111350,1582671,1029763,9031247,5480494,10789270,4773828,11213487,6828896,6227956,2094110,2596486,1690895,2210361,1793997,6499625,7419367
375,000952,2018-01-10,-0.015292553191489255,-0.015292553191489255,0.529251075984391,15020.0,113430.56008104462,807,31347168,10270342,743832,419443,4726848,2908896,4537557,1999662,6416710,1295534,3408871,783640,1065270,706662,3210313,842271,7237767,1314234
376,000953,2018-01-10,-0.008816120906801062,-0.017632241813602123,0.3182098907296285,8298.0,32818.09503775514,622,7668579,4473579,847187,547245,3227414,2093744,1233911,1038982,1516841,793608,446226,0,397000,0,0,0,0,0
377,000955,2018-01-10,0.013554216867470048,0.006024096385542244,0.3238670957223193,4014.0,107912.62694381006,420,5190650,8470453,216385,478246,1197005,1373667,793542,650906,646566,695278,0,886188,767000,667471,0,403200,1570152,3315497
378,000957,2018-01-10,0.0008841732979663064,-0.007073386383731228,0.25399066434758344,20286.0,112547.43776673629,1984,58266950,34851224,1381173,1174901,11815497,8430630,11541333,7814699,14065904,7227535,5196737,5337243,4939699,959361,2185858,442292,7140749,3464563
379,000958,2018-01-10,-0.009208103130755041,-0.012891344383056946,0.12731248886292415,12351.0,90000.70150654047,1823,47293380,22291494,1663735,1266942,10431004,4954654,7799101,4432714,11570333,4635844,5059209,3603577,5404888,2095649,852549,0,4512561,1302114
380,000959,2018-01-10,-0.022727272727272818,-0.022727272727272818,0.15619956083511444,6655.0,96970.12825044633,1559,23072886,11637044,1535341,1166989,5687560,4542625,2882609,1355281,2103801,1013663,893455,1199276,933176,0,439584,401888,8597360,1957322
381,000960,2018-01-10,-0.008849557522124019,-0.013274336283185861,0.2750053754652111,28455.0,197805.4263847496,2433,135551195,102635043,1521209,955059,12835589,8375097,13349947,10595889,22500177,15945446,19727346,14116241,13300886,7582072,11488309,6621082,40827732,38444157
382,000961,2018-01-10,0.0027472527472527375,-0.008241758241758323,0.13901775579499515,32895.0,346558.0586291646,2751,166525989,187037844,1413418,1892065,10326216,10845687,14140066,14542410,18752003,22884350,13862419,19630315,14550465,17437800,11723099,10700391,81758303,89104826
383,000962,2018-01-10,-0.01873536299765788,-0.023419203747072515,0.304313795350244,10907.0,83746.51304623463,787,17480402,7975182,771589,882760,4047274,2975715,3455272,1341187,2026729,1008708,2171854,434022,2344584,0,413972,482790,2249128,850000
384,000963,2018-01-10,0.019254548666313376,0.010422186892775187,1.2526957420156344,22796.0,192936.1788648483,2044,80846800,67052013,608365,1997861,11414589,9173711,11159041,8031113,12861253,9158342,5808878,7002187,3636249,2731183,3694953,3575474,31663472,25382142
385,000965,2018-01-10,-0.018211920529801362,-0.026490066225165587,0.15474681227638162,12558.0,87521.06998552977,1525,42586953,21232173,1542352,956300,8358875,4742150,6495098,4396398,9160486,4798339,5391810,1669957,2064858,697010,2313985,1400742,7259489,2571277
386,000966,2018-01-10,-0.015113350125944613,-0.017632241813602123,0.17816229619400303,8169.0,118293.60941467801,496,11625217,3059528,679642,256034,2778450,1083509,1872093,274895,1876433,540000,467657,204336,312800,700754,0,0,3638142,0
387,000967,2018-01-10,-0.011591148577449917,-0.025289778714436273,0.28785567279654867,8442.0,112985.1787459349,1087,34108901,14425414,1750167,857121,3547063,2531650,4048177,1824782,4077894,2041093,3690475,516249,4380928,1897785,5044267,2311302,7569930,2445432
388,000968,2018-01-10,-0.008125000000000049,-0.009375000000000022,0.42542197517186736,15760.0,104667.82725577756,1415,35075300,27475768,1198897,1454011,7780233,6134095,5233790,4240336,4003623,5427507,2962415,3060120,3354490,3039826,1916833,477600,8625019,3642273
389,000969,2018-01-10,-0.008781558726673966,-0.01207464324917662,0.2401987116191189,15453.0,107670.36739029209,1439,39869761,33984961,1828864,1103556,6502450,5134572,6965888,4868600,7049668,6641647,5307140,5247949,1694688,2951502,3461205,1364128,7059858,6673007
390,000970,2018-01-10,-0.010914051841746208,-0.014324693042292003,0.2658877060535396,56392.0,233552.8090818953,3042,217592848,186546340,1003779,983851,13276557,13932136,21782691,18856197,33013522,33262561,27305444,20087580,18856103,14883187,15304081,16547760,87050671,67993068
391,000971,2018-01-10,-0.01866666666666661,-0.04933333333333334,0.281464736393614,32855.5,156298.68543272075,2844,116803840,91991486,1295376,1555389,11490249,14784857,20093050,16836994,25863271,22218182,20276104,10567581,8975350,7705473,6860523,5209169,21949917,13113841
392,000972,2018-01-10,-0.0235294117647058,-0.02117647058823524,0.20611065526685626,8420.0,148389.50333245093,425,14547388,4640397,414227,358232,1923743,1501004,1282418,702610,1154255,380643,944867,874675,378900,378900,440989,444333,8007989,0
393,000973,2018-01-10,-0.019480519480519543,-0.022727272727272818,0.16735640620281728,11495.0,102476.02122596688,1356,35291833,18948165,1126884,1325216,5910771,4633606,4217450,3420881,7232021,3451204,2450297,1565540,2718063,1246460,1378388,928710,10257959,2376548
394,000975,2018-01-10,0.011552346570397054,0.009386281588447787,0.40948219102124345,19460.0,135686.7815897731,1144,29011551,34181755,650371,1178517,3137038,10408597,4019026,3629464,3802676,5272682,1973765,3591430,3746518,1065198,2599089,2173748,9083068,6862119
395,000976,2018-01-10,-0.01562500000000011,-0.02043269230769229,0.30412647740664234,8119.0,180200.7673018783,748,23377407,8343475,737239,715386,2588827,2492392,1786289,2436189,2097966,1513139,1721391,245699,731486,0,1728125,409999,11986084,530671
396,000977,2018-01-10,0.009057005860415579,0.008524240809802963,0.3465462627273976,50625.0,245146.89650041916,2935,177141928,192028000,1130565,1295330,14594776,12572072,18781331,18062659,31656613,29599854,26675923,23719153,13359138,15648451,12913735,18330755,58029847,72799726
397,000978,2018-01-10,-0.004796163069544224,-0.007194244604316613,0.2846592350085191,4180.0,30668.073302905745,858,9571272,4196034,1714481,424994,3922311,1610157,1956338,1232554,1334410,546815,0,0,643732,381514,0,0,0,0
