,code,date,pchange_whole,pchange,change_std,amount_median,amount_std,length,sumsell,sumbuy,sell_vol_0,buy_vol_0,sell_vol_1,buy_vol_1,sell_vol_2,buy_vol_2,sell_vol_3,buy_vol_3,sell_vol_4,buy_vol_4,sell_vol_5,buy_vol_5,sell_vol_6,buy_vol_6,sell_vol_7,buy_vol_7
0,000001,2018-03-13,-0.0016611295681062677,0.0016611295681063787,0.20746056403983545,85839.0,696924.7350672316,3371,448915728,591636143,514847,907051,11048555,14297739,15660958,21121078,29908461,38601232,37054344,43560949,23275874,28117642,26769682,33272306,304683007,411758146
1,000002,2018-03-13,-0.003375268487266214,-0.002147898128260217,0.5736438082640177,55369.0,359242.93294638285,3228,281924122,230274864,1369215,1539578,13233827,13035819,19842195,17794229,38177417,30671083,24685154,25759119,22416617,20935494,15645229,15300324,146554468,105239218
2,000004,2018-03-13,0.0793357933579335,0.005535055350553542,0.9678129522331868,10905.0,237657.11689788607,501,5211796,11488414,400219,536488,2234085,2602862,1412142,1638224,947650,1190744,217700,215000,0,0,0,0,0,5305096
3,000005,2018-03-13,-0.0024330900243311193,0.0,0.15458850499624754,6640.0,54755.955964383575,707,8627358,6654188,678201,718768,2787441,2381791,1725437,1267527,1378806,1609227,246600,676875,344448,0,419608,0,1046817,0
4,000006,2018-03-13,0.005780346820809079,0.005780346820809079,0.1565624101424231,48944.0,258165.69153552252,3058,204361044,212387054,1734787,1394515,12675099,11840687,17086447,18367211,30945990,31550377,26329348,24876690,19324590,18413520,19497504,16944143,76767279,88999911
5,000007,2018-03-13,-0.012072434607645843,0.007377598926894713,0.40327042141670344,19422.0,124741.08205321571,1369,39384670,37594434,926515,1018933,7110528,6394778,5170821,5286980,7345114,6684320,4666914,5828974,3047551,3106834,2204275,1875196,8912952,7398419
6,000008,2018-03-13,-0.013333333333333308,-0.01200000000000001,0.20362166200721124,9737.0,156765.59392837514,1357,42483367,35646222,1061067,1799747,4047109,5563927,2614507,3674179,3402640,1574508,2844280,2024417,5339216,4647625,1322360,1325137,21852188,15036682
7,000009,2018-03-13,-0.006191950464396245,0.017027863777089758,0.12995958149070194,27426.0,264897.5907674063,2477,108999860,133632700,1475852,1429018,11334321,10145573,11974213,12277164,16167143,18003583,9602265,15100864,10007858,10712853,8643138,7215713,39795070,58747932
8,000010,2018-03-13,0.033898305084745894,0.04237288135593231,0.11295869284137626,14130.0,100099.69250012636,1751,30490700,42323685,1921922,1465131,7522494,9804840,4129198,4212777,5785743,6973320,3632224,4992816,3451061,3122486,1702459,3515458,2345599,8236857
9,000011,2018-03-13,-0.010290556900726333,-0.007869249394673039,0.4934945088624832,18012.5,56716.57801785709,1120,22923390,16962672,901161,1135309,7939455,5071745,5637854,3746692,4537001,3804545,1913442,1502106,1012325,0,453750,413250,528402,1289025
10,000012,2018-03-13,-0.007317073170731603,0.0012195121951221743,0.205432514729809,16450.0,120497.76721987095,1594,47595650,41980827,1580012,1160618,8465876,5650160,7933484,5886954,9394233,6647265,6479995,5411133,4476810,2738229,1767244,2552720,7497996,11933748
11,000014,2018-03-13,-0.01573426573426573,-0.005244755244755095,0.3581075461502668,11390.0,49576.55450130278,1020,17236919,11921163,1036754,712708,5097478,4064248,3466875,2773011,4497418,2158988,2021933,857937,653789,340561,462672,478380,0,535330
12,000016,2018-03-13,0.0031746031746031633,0.011111111111111072,0.18445716866835563,14444.0,98442.4991979323,1167,29630462,26321899,947868,1060946,4967136,5142077,4751254,4680455,5605478,4187419,3322405,3852975,2071098,3216708,1767703,1340807,6197520,2840512
13,000017,2018-03-13,-0.016233766233766267,-0.011363636363636465,0.18501494387677994,9150.0,49296.158332299914,1109,17821488,9210127,1146118,1007851,4748645,3711573,3328930,1892526,3936081,1688591,1791716,538706,1339012,370880,967690,0,563296,0
14,000018,2018-03-13,-0.004966887417218624,-0.0033112582781458233,0.15568491131396486,7188.0,53157.86503796937,1507,26319692,13464488,1176589,983518,6086566,3358787,10069458,3671483,5768232,1861899,477194,985541,2235253,707363,0,870797,506400,1025100
15,000020,2018-03-13,-0.01439645625692132,-0.0027685492801770017,0.40841363547241977,21516.0,181748.4420281881,1959,78455096,56062099,1222782,1377959,8989843,8920989,9949919,9543653,13144070,11321964,5875685,6243845,5147137,4412363,4979099,881144,29146561,13360182
16,000021,2018-03-13,-0.0033003300330032292,0.00990099009900991,0.17425097827756278,25648.0,172770.41027154104,2725,100846245,102984753,1322903,2876575,9440289,14655694,12827557,16900767,19046618,21218191,15488301,11661399,7711538,7153796,5323583,5337961,29685456,23180370
17,000023,2018-03-13,-0.0035460992907799804,0.003039513677811634,0.567004850542888,17721.0,61871.484016138405,1212,24746170,20322105,1300816,1170848,6334281,5832158,6514297,4042924,5270513,4110168,2167349,2312928,1564500,1025444,472578,1282181,1121836,545454
18,000025,2018-03-13,0.0035211267605632646,0.007042253521126751,0.8062463512160994,43090.0,194711.57914408986,2795,138825101,142392373,1534768,1347693,12547909,12696998,18343248,16459385,25588279,22340557,18960441,16471010,12493576,13455416,7913999,10102506,41442881,49518808
19,000026,2018-03-13,-0.015180265654648806,-0.008538899430740043,0.4244098714500289,8416.0,71815.07655239459,616,10338326,9393733,749870,614056,2249853,1968757,2095122,1293489,2192559,2224284,711199,247664,1021631,1045535,484932,422000,833160,1577948
20,000027,2018-03-13,-0.003372681281618828,0.0,0.1789009588210833,5920.0,57282.44126672699,1099,14703379,8439891,1988530,630003,4256957,1746482,2166229,1266505,2052020,1359892,2194585,1284493,763970,681318,1281088,0,0,1471198
21,000028,2018-03-13,0.005025125628140614,0.003350083752093669,1.807180497946517,11983.0,81388.72402049531,1092,17697557,16863612,729882,537571,3167978,7685156,1977748,2551532,4424708,2197928,1989676,938531,1331925,1457759,1302388,0,2773252,1495135
22,000030,2018-03-13,-0.006426735218509005,0.0025706940874035134,0.23778779953395368,6192.0,49525.74408346396,1071,9091358,11369704,1015428,1645455,3244228,3031920,1573214,1584696,1201329,1651388,1216391,725738,372183,1011322,468585,446367,0,1272818
23,000032,2018-03-13,-0.025136612021858018,-0.012021857923497414,0.3369258337820075,8980.0,33290.367735218344,737,7903793,5977020,930512,957634,3085703,2420990,2217536,1594890,763317,437406,535412,253800,371313,312300,0,0,0,0
24,000036,2018-03-13,-0.008781558726673966,-0.004390779363336872,0.23439384345874784,14528.0,274900.2609840017,1511,63689706,40048266,1217016,1248284,5858013,6900095,6464080,5713217,7228473,6888221,2738629,3560651,1848693,2392463,2273518,2715265,36061284,10630070
25,000037,2018-03-13,-0.02763157894736845,-0.006578947368421018,0.21444559878016956,9132.0,60782.9982869336,1257,21188535,11555641,1514253,1154946,6123046,3930626,3950760,2232185,3389407,1550277,1464465,497368,1714912,338379,1724422,466170,1307270,1385690
26,000039,2018-03-13,-0.019250780437044646,-0.009365244536940653,0.36928105487254453,19050.0,204582.9487137638,2710,125198371,82571405,2196864,2862656,11121878,11167953,10725814,11108967,20158693,13758522,14276121,10025673,10908238,5224928,8700065,4003050,47110698,24419656
27,000040,2018-03-13,0.005595523581135131,0.010391686650679466,0.311889815931429,5020.0,44744.99377459692,1610,8645283,17398842,455522,4543087,2715081,3211234,1415291,3330568,1654780,2670555,1271153,2005176,0,324591,0,455758,1133456,857873
28,000042,2018-03-13,-0.008860759493670933,-0.0132911392405064,0.7336127675810159,8596.0,140357.85343431047,464,16720007,5707414,266512,548204,1274353,1838996,790103,1126971,2437389,1097764,233850,0,3019720,306335,2303900,0,6394180,789144
29,000043,2018-03-13,0.0,0.0066006600660066805,0.42490235660712455,15505.0,125179.97872921843,457,15814052,9814920,414317,311047,2195145,1243910,2148361,1406136,3102473,1957646,1521313,1240563,323941,687494,2303380,452361,3805122,2515763
30,000045,2018-03-13,-0.005668934240362855,0.009070294784580435,0.2451721229387245,16253.0,67374.63780514592,1295,21083592,26445253,1434423,1158326,6848919,5900306,4572626,5402711,4783342,5723789,1579632,2621971,0,2483619,441500,2311856,1423150,842675
31,000048,2018-03-13,0.016525594518339348,0.02781136638452253,0.9242761995505214,15288.0,47357.58714544476,720,8349678,13027472,458368,528745,3450596,3438678,2254900,3512806,1362629,2386745,823185,1629398,0,659180,0,871920,0,0
32,000049,2018-03-13,-0.017795484727755717,-0.006640106241699861,0.868009135164412,26166.0,128499.29128228646,1881,67951260,50883413,1191568,893229,9357712,10245236,12688422,8852676,13863141,11024100,7272404,5576315,5983061,3140823,6669080,936635,10925872,10214399
33,000050,2018-03-13,-0.005081874647091977,0.0039525691699604515,0.33580640058547345,28448.0,172160.631733102,2783,122325308,93365045,2084852,825210,15701170,11461449,16322235,14754826,22605278,17208635,18599637,8725728,9367774,8388206,10165624,2748247,27478738,29252744
34,000055,2018-03-13,-0.01813784764207982,-0.010882708585247869,0.1875925104947475,22904.0,97513.03355424551,1945,64000485,33782432,1439950,1691591,12807633,8469322,13662465,7828921,9981889,7548726,6458481,3800282,6509492,327600,5221089,824175,7919486,3291815
35,000058,2018-03-13,-0.013062409288824406,-0.00870827285921616,0.23276785972179176,10275.0,60656.89512927793,876,14402046,10987132,680407,1076989,3543067,3755889,3473364,1800017,3602538,1689099,1757040,1114997,360310,341000,0,0,985320,1209141
36,000059,2018-03-13,-0.010245901639344246,-0.0051229508196720674,0.25026496382052815,22241.0,194354.64396324358,1521,81297828,40662510,931464,1166406,9698155,6231517,6785851,6401719,13195312,7195228,6382841,4838659,4496875,3016528,5029519,3529919,34777811,8282534
37,000060,2018-03-13,-0.004945598417408381,-0.003956478733926683,0.19907283250072882,25175.0,245925.71452158614,2581,153454992,79407344,908546,1020639,13760597,11442804,12994312,11518166,19246525,17098155,16361501,7378093,9138111,6884470,8427005,4892251,72618395,19172766
38,000061,2018-03-13,0.027181688125894166,0.025751072961373245,0.21925535559302103,13920.0,104111.71036818183,1017,21789120,26614431,899421,919044,3762322,4159069,3211674,4256196,4388142,4443570,3465546,3708663,2147821,1853645,921776,2798617,2992418,4475627
39,000062,2018-03-13,0.01837023080546407,0.02637776731040975,0.5491162284044953,17496.0,86189.03830211451,1495,30952182,34496762,1200691,959441,7017392,7383260,5091369,6642319,7492183,8116451,3243537,5136854,2034984,2531741,438782,808450,4433244,2918246
40,000063,2018-03-13,-0.02471315092674331,-0.014121800529567685,0.5734113298410817,147136.0,728801.68585301,3514,705223957,510822494,334567,262458,9476010,8472546,21799043,17782845,51255636,44726261,41621702,42183016,42359633,38394899,40044921,31660429,498332445,327340040
41,000065,2018-03-13,-0.006840796019900397,-0.0018656716417908559,0.40566228347534805,11361.0,69548.49585378537,1571,30273382,13958536,2149290,893126,8961814,5135400,5818325,2185539,6648043,3139162,990388,955676,1371210,1649633,894225,0,3440087,0
42,000066,2018-03-13,0.023709902370990132,0.04323570432357049,0.13964743659406892,34464.0,316217.14551201067,2641,136104198,195981944,1453460,1311759,12241564,10690928,14114202,13302142,23185386,21622672,14122397,18694274,10851189,14721015,7493416,8862106,52642584,106777048
43,000068,2018-03-13,0.02991452991453003,0.03632478632478642,0.13528834840818055,7230.0,107878.02882007901,1202,24059077,25191961,896474,1114664,3684518,4447407,3105684,3295821,4844474,5285544,3739241,5449277,1823432,1098235,890796,2174813,5074458,2326200
44,000069,2018-03-13,0.0022988505747127963,0.0045977011494253706,0.157237086105143,11309.0,371642.32300465024,3068,124070051,97540472,3742267,1932137,10189955,9061344,10958055,10580845,14743921,20889271,6505218,7122172,4267267,4552657,7100473,4844760,66562895,38557286
45,000070,2018-03-13,0.014877789585547418,0.019128586609989284,0.2973943180288217,16269.0,79840.298384377,1001,18170854,20034241,1023112,944311,4934055,6052706,3564565,2735666,2452773,3790710,1132836,1981892,727696,2009099,1374223,1919232,2961594,600625
46,000078,2018-03-13,0.016583747927031434,0.01990049751243772,0.11566790533226767,12894.0,136700.21714614617,2730,43985938,88219934,2080603,3583335,12056011,11675893,7259551,11005931,6187462,7963666,3222830,7214258,2701587,3916942,3592404,13117698,6885490,29742211
47,000088,2018-03-13,0.0,-0.015037593984962405,0.2487456608780755,8690.0,81864.74497140093,1029,18610986,10651041,802154,1566973,3394290,4546570,2412407,2306857,3137871,1414577,1932896,0,1349348,342954,470820,473110,5111200,0
48,000089,2018-03-13,-0.002290950744558984,0.0,0.3427509612686991,8690.0,75676.53014747617,648,10017259,8966010,573750,660085,3104394,1838705,2134605,1804335,1680423,1263072,483405,693415,348000,391499,0,0,1692682,2314899
49,000090,2018-03-13,-0.007897334649555776,-0.003948667324777944,0.2585202012538138,6078.0,63092.54534588872,1536,19006999,13035595,1816857,1330584,6706493,3460753,2646116,1956495,2997452,2829613,2066691,931759,355250,324210,469185,0,1948955,2202181
50,000096,2018-03-13,-0.011177347242921076,-0.007451564828613977,0.9048480587273331,10672.0,42152.120140924475,219,3643152,1330880,216303,225771,843904,740370,1047908,364739,855283,0,289478,0,390276,0,0,0,0,0
51,000099,2018-03-13,-0.014002333722287208,-0.00583430571761967,0.2496294633769797,3392.0,44040.67566894842,1179,11555722,8526208,1346157,964468,3349935,2908801,2097452,1877512,1771248,751695,1301589,728475,0,371938,1689341,923319,0,0
52,000100,2018-03-13,-0.015384615384615441,-0.002564102564102555,0.06919946249565702,24180.0,441411.0681548482,3203,231009968,225751410,2124629,2040781,14225384,12207109,13916162,13484571,21897805,19095601,15690827,15805128,16314894,19223318,11153113,9611969,135687154,134282933
53,000150,2018-03-13,-0.011607456911712943,-0.006331340133661656,1.9041377702468152,8497.5,32724.606743218068,222,2799591,873840,238109,326756,1144558,479332,419717,67752,433156,0,564051,0,0,0,0,0,0,0
54,000151,2018-03-13,0.08855098389982108,0.08855098389982108,0.3252341666086356,32832.0,363993.0038835573,1183,119088123,35522462,1027840,81364,10611998,858418,8767949,1502140,15358280,4742264,10526499,1942160,6356480,3476433,7163269,5393471,59275808,17526212
55,000153,2018-03-13,-0.017478152309612915,-0.009987515605493158,0.28916801002876924,7980.0,63261.17226104926,767,11630421,8069929,1215611,697501,3460565,2589298,1449870,1637461,1925045,1516299,1523623,267200,0,368930,852165,0,1203542,993240
56,000155,2018-03-13,0.041134751773049594,0.0581560283687943,0.14140900231817488,40257.0,213438.77081708057,2494,132556100,145006231,1138045,1359640,9122806,10895962,16787210,13287427,28740884,19094250,14472280,16617960,13026873,16113095,9229190,8435589,40038812,59202308
57,000157,2018-03-13,-0.00919540229885063,-0.0045977011494251485,0.10895482367342786,6912.0,162267.46060827654,1599,44519796,21681062,1633668,1393733,6001524,5007099,4103539,3326369,5158513,2374270,5631496,1085016,2178663,302325,3928242,1287886,15884151,6904364
58,000158,2018-03-13,0.007481296758104827,0.014962593516209655,0.18109260907475527,7240.0,75137.59162282546,1964,29055395,27436928,3161571,1060325,7195771,6239846,5445651,4861168,4975204,4424774,3554851,2133363,2468484,2043543,2253863,850068,0,5823841
59,000159,2018-03-13,-0.0021186440677966045,0.0021186440677967155,0.187125401417822,4720.0,43823.86462056588,636,7629866,6718653,613181,651095,1919399,2516861,1541109,1773319,1655938,1000577,907138,776801,993101,0,0,0,0,0
60,000166,2018-03-13,-0.007874015748031482,-0.003937007874015852,0.13145444427073524,15179.0,191305.29721360022,1496,44525254,36318452,1348804,1099900,5446369,7967385,5804729,4435161,4616963,4962491,3654304,4016099,1070463,2845284,1683458,1855852,20900164,9136280
61,000301,2018-03-13,-0.0176730486008837,-0.008836524300441795,0.16956730737005096,20070.0,128176.23657711809,1605,52513212,40381693,998994,1265944,7337023,7127364,8140625,8502346,9430853,8016053,7322775,5189840,4224547,2540833,3651547,1268692,11406848,6470621
62,000333,2018-03-13,0.005930807248764491,0.021252059308072502,1.0273208092059083,253134.0,914984.8657694238,3492,873174167,853507025,277973,203406,6672573,4107169,16749542,11107316,49747241,35856930,50445097,33797170,58448175,47842428,41729575,35494632,649103991,685097974
63,000338,2018-03-13,-0.012880562060889833,-0.007025761124121677,0.15164176010138722,45711.0,217258.9152706044,3182,157325410,143291062,1059294,1132629,13780567,18420423,30059273,23657566,33979650,24323608,16221072,17204165,9729170,10085675,11241355,11679461,41255029,36787535
64,000400,2018-03-13,-0.007413509060955503,-0.0032948929159802853,0.28423487812208614,12060.0,86520.05625735594,1825,39081521,25313535,1191951,2098440,8177931,8205259,5501744,4865923,8898653,4502334,3435978,1871737,1784279,2072221,0,410380,10090985,1287241
65,000401,2018-03-13,-0.0254521098459477,-0.009377093101138656,0.26964308677708343,53496.0,221181.28992926606,3067,202165923,191422403,1151633,1004759,14336022,12746807,20483398,19417445,35364124,27357950,25407476,27588272,21477351,22942983,15160694,13844900,68785225,66519287
66,000402,2018-03-13,0.0009671179883945502,0.005802707930367523,0.20761484193053562,11418.0,139789.92963090446,2483,53399926,54538629,1381456,1716347,11345220,8947597,9388078,9920518,10042238,6494553,4497057,3566010,3522077,3461515,903053,420000,12320747,20012089
67,000403,2018-03-13,0.00033025099075301156,0.0016512549537648358,1.6854704635272335,21154.0,107056.81334278303,322,5403822,8535590,239559,200055,2503920,2228728,731257,1283899,439204,423175,246902,212310,605500,0,0,445008,637480,3742415
68,000404,2018-03-13,-0.021452145214521434,-0.0066006600660065695,0.17039396338485513,12000.0,130510.91568381821,1266,34150065,23469239,1652221,792497,5967510,3908556,5151147,3872247,4449899,4342051,3510001,2846287,2862515,4138452,2131107,1802749,8425665,1766400
69,000407,2018-03-13,0.03858520900321549,0.04983922829581999,0.1575114902589082,15268.5,98369.9511317955,1564,36011246,39607682,1179903,1333047,6639088,6429167,5798648,5717507,9014804,10959078,3834143,4980979,3033416,3676048,0,821768,6511244,5690088
70,000408,2018-03-13,0.0,0.0029655990510082386,0.3931880605528763,35679.0,202448.33592869525,1839,83036407,99354826,744662,1292791,6725376,8882450,8687938,12162980,14783931,20725257,9108211,10889967,7356298,13249906,4734188,5436096,30895803,26715379
71,000409,2018-03-13,0.024561403508771784,0.01754385964912264,0.1952056141442902,9312.0,73449.43345551295,853,11783407,14629849,671873,869707,2911893,3656525,2016968,2587475,2712130,2634035,1400703,2034735,673728,300440,0,1388932,1396112,1158000
72,000410,2018-03-13,-0.0033003300330032292,-0.013201320132013028,0.21790556805942166,56541.0,377650.3052759792,3098,232691115,190272943,946297,1130975,13068489,12868410,22110504,17287976,37768816,30347471,32650296,21591648,19346115,22068805,18906519,12395715,87894079,72581943
73,000411,2018-03-13,0.0009057971014494459,-0.008152173913043459,1.5205618367300053,10977.5,42120.14214404639,210,3204238,1773432,274019,116370,1386300,434023,540914,177633,340100,737406,662905,0,0,308000,0,0,0,0
74,000413,2018-03-13,-0.01631701631701643,-0.004662004662004726,0.159190467716187,26412.0,178482.60643302117,2909,125704407,107240009,1532564,1934293,12646496,14214510,16677841,17941593,21934475,17694739,13478698,10133549,11646221,7192308,8327373,6370510,39460739,31758507
75,000416,2018-03-13,0.00522648083623678,0.00522648083623678,0.24012472567321083,5770.0,34285.47002320984,571,5265725,5382406,352959,720897,1778321,1996117,1759128,1326240,1166081,440812,209236,498480,0,399860,0,0,0,0
76,000417,2018-03-13,-0.006369426751592355,-0.002547770700636942,0.26793269778556483,7029.0,39883.493270865874,858,13383702,4892208,1053930,383793,6181069,1403637,1637000,1365235,1869449,1262963,2222373,476580,0,0,419881,0,0,0
77,000418,2018-03-13,-0.024900133155792203,-0.02796271637816239,1.6880762314320557,21867.0,180139.0991881097,1982,50689541,47281974,1790492,1264409,9111544,10425752,9057214,7259112,13552153,8189801,4918556,3239125,4932663,2374787,2734687,2595560,4592232,11933428
78,000419,2018-03-13,-0.005291005291005346,0.003527336860670305,0.2764279551693225,11055.5,80645.92216975034,420,7976453,6131156,336465,237414,1240075,1859815,1587755,1236759,1264737,1182757,925459,0,1340811,0,0,817203,1281151,797208
79,000420,2018-03-13,-0.0033222591362125353,0.0,0.10986967615137269,9900.0,79444.75205768402,752,16140046,9943863,571997,672630,2350062,2576993,5049320,1179555,2626732,1767020,2259749,1671934,300300,682600,432600,1393131,2549286,0
80,000421,2018-03-13,-0.0018018018018017834,0.003603603603603789,0.21795989433123844,1114.0,28320.38550278252,648,4011664,3965590,445231,422340,1392155,1447493,1081771,800631,785592,844328,0,450798,306915,0,0,0,0,0
81,000422,2018-03-13,0.011904761904761862,0.02083333333333348,0.08802945808598968,10320.0,83319.56999900547,1463,24750227,30188171,1333500,1192783,4818379,6507071,4194126,5076685,5104389,6206435,1665110,4155081,1714828,2319191,1400528,2208734,4519367,2522191
82,000423,2018-03-13,-0.016260162601625994,-0.0102439024390244,1.2461320319546985,30647.0,171006.50694423617,2435,125047890,61658441,1317092,722670,22867879,8197155,15244280,10754177,22004456,17598302,12539932,7109557,13087081,5393587,6424651,1754706,31562519,10128287
83,000425,2018-03-13,-0.013856812933025542,-0.004618937644341958,0.0801341610239617,17712.0,222266.58911873007,2941,105784016,112054412,1773667,3454029,12875429,13274213,12412172,10898828,14508691,16684389,10143680,18030252,5477403,6620798,7486683,8136189,41106291,34955714
84,000426,2018-03-13,0.0027726432532346745,0.006469500924214389,0.2152941656347058,23737.0,207399.59932456125,2528,109074150,102161291,1621119,996905,13490907,8556682,12154017,10213595,19202749,15816077,14804317,11923376,11448397,8523190,4454467,8750082,31898177,37381384
85,000428,2018-03-13,0.0026109660574411553,0.01305483028720622,0.21796820092992952,11535.0,64453.46655474885,308,4253026,6359978,195363,268410,890414,1526184,752309,1039705,1476016,1097144,938924,1216796,0,744630,0,467109,0,0
86,000429,2018-03-13,-0.014705882352941346,-0.009803921568627416,0.28538983213496094,4842.0,67045.33186054185,817,12457164,7097479,1306263,561731,3232951,1485407,1298985,921484,1928641,979011,1384915,228381,961866,762329,1740159,1322406,603384,836730
87,000430,2018-03-13,-0.009708737864077666,-0.0060679611650485965,0.41578174311549954,6556.0,31932.766837619474,392,4563084,1981674,385537,326066,1538846,915685,1209279,610364,672477,129559,440337,0,316608,0,0,0,0,0
88,000488,2018-03-13,-0.03115100316789865,-0.023231256599788863,0.3545459208828829,40678.0,320995.07423461217,2855,231677308,131625653,930403,1673347,12660969,13568572,15699901,16960425,25042241,26896276,27793462,14889789,14145514,10681875,12442413,6234302,122962405,40721067
89,000498,2018-03-13,0.003039513677811412,0.001519756838905817,0.24396248601477868,6610.0,60985.714058047386,727,11791830,9055477,832888,502907,2454375,1957886,2719886,2120580,1560643,1645999,1424023,1723124,1747873,643065,0,461916,1052142,0
90,000501,2018-03-13,0.0036429872495447047,0.010928961748633892,0.39233947532069324,11494.0,137560.53408654066,1763,28058466,39586696,2250857,1671630,7975853,5854829,4582521,4149619,5063988,5313880,2154302,4865012,1678104,3459028,446580,1383313,3906261,12889385
91,000502,2018-03-13,0.014069264069263898,0.01948051948051943,0.3624606386085955,9430.0,134756.04730446878,651,11193398,10815787,773149,625609,2387281,2387926,2168606,1603099,1160281,1201575,530346,1235300,0,1347806,0,0,4173735,2414472
92,000503,2018-03-13,-0.006908051453072828,0.005240590757503716,0.8803920238657954,49656.0,390254.03483869386,2275,222917657,177579285,1817487,650883,8646350,8271839,12236168,10736091,21996430,18610656,17266367,14994425,10809498,11270125,15828864,14488573,134316493,98556693
93,000504,2018-03-13,-0.023079984082769567,-0.015121368881814479,1.0913644927494095,12530.0,149212.4556731996,530,19042396,16288031,562800,590934,1530744,2028599,1749633,1669270,3476247,3755056,2635379,1811766,0,1762330,965197,0,8122396,4670076
94,000505,2018-03-13,-0.06652126499454736,-0.0425299890948746,0.23513562374640026,18837.0,115185.51810417419,1523,43337551,31764578,843633,1679408,7965544,7679412,7942397,6800164,9586798,5110055,4030239,4112987,3748514,1374966,2338541,473837,6881885,4533749
95,000507,2018-03-13,0.014705882352941346,-0.010504201680672232,0.20216784846364821,20900.0,145906.45640964544,2219,72307232,55641259,1561052,1722284,11152093,11510626,12096632,11185635,12699452,12014576,6735351,5620018,4884932,3478187,2786842,1430402,20390878,8679531
96,000510,2018-03-13,0.005540166204986097,0.016620498614958512,0.26180876672183834,12333.5,43670.61174309088,760,10742903,10124083,846706,657744,3387033,3483002,3016763,2470165,2391306,1584207,730384,1247272,370711,681693,0,0,0,0
97,000513,2018-03-13,-0.027814569536423805,-0.024105960264900528,1.4015132008787714,37437.5,251553.96967662018,2902,188592654,131794906,1383593,1905528,10816953,14406717,19920069,17460442,27490994,22034949,21658089,17296965,16652120,10644706,10887916,6768651,79782920,41276948
98,000514,2018-03-13,-0.020497803806734938,-0.002928257686676483,0.19268154552426506,13800.0,67879.56785965605,1257,27188583,16174201,985748,1099452,8600214,4754483,5248165,3827901,4082115,2986279,2122187,2022849,341000,330510,2545108,453392,3264046,699335
99,000517,2018-03-13,0.013333333333333197,0.006666666666666821,0.0936461028528066,20475.0,96112.6135013851,2320,59693612,53800428,1672352,1563431,11574817,11838943,11947523,11809383,10790953,13737794,6893571,4772170,2432838,3320772,2677232,1316780,11704326,5441155
100,000518,2018-03-13,-0.01928783382789312,-0.007418397626112738,0.1758364962112467,10832.0,51486.42864906871,1471,24577779,19074688,1328520,1455621,5967924,7089031,4210897,4663783,5719300,3265934,5553196,1474129,1381034,677291,416908,448899,0,0
101,000519,2018-03-13,-0.0033333333333332993,0.011111111111111072,0.16269053405427988,43005.0,540351.4639368174,3067,210996309,276980523,1526979,1808147,12546332,14054026,14984207,17276977,23266667,33614373,14724247,22530022,13301583,14701677,14222594,10962799,116423700,162032502
102,000520,2018-03-13,0.005479452054794498,0.010958904109588996,0.08807919110719091,12614.0,94635.27387704131,1726,39873443,38740307,1384731,1382312,7637792,7166213,4683871,5410548,7749092,8930058,4564406,7443072,5170012,2526312,1287249,2136226,7396290,3745566
103,000521,2018-03-13,0.0022371364653246406,0.008948545861297452,0.173694416758317,6244.0,66264.9120859331,662,8197509,9265811,884553,414218,2480293,2170550,1504496,1762106,963658,1599508,768607,1662989,710797,0,0,407436,885105,1249004
104,000523,2018-03-13,0.0026490066225166586,0.013245033112582849,0.2935610546336479,12707.5,100070.23217144723,662,17378195,14192037,619094,454033,2973980,2282154,2272930,1431924,2572447,2509708,2114723,2258867,2470599,2374976,1783130,459600,2571292,2420775
105,000524,2018-03-13,-0.009487666034155517,-0.007590132827324347,0.3663616326491945,3141.0,19029.893263522797,828,3750671,3074676,1313880,685072,1204576,1238287,487658,615917,482262,325400,262295,210000,0,0,0,0,0,0
106,000525,2018-03-13,-0.039532069382815616,-0.019766034691407808,0.6095843692479949,26713.5,190108.50941292226,1654,94253462,42237277,1111968,884132,8395217,5812769,10756855,5894175,21821992,8102915,10308937,4415943,6184662,2085149,7932940,3591485,27740891,11450709
107,000526,2018-03-13,0.013532269257460205,0.02116585704371965,1.7676193393577377,14410.0,47857.2167878661,265,3123833,4264299,252561,278550,1195379,834248,432783,1454472,746670,1254346,0,442683,0,0,496440,0,0,0
108,000528,2018-03-13,-0.0220661985957874,0.0010030090270811698,0.18098595271589757,40560.0,295595.85254524526,3039,183492500,178245560,1273241,1008350,14241623,12637672,16362066,18740581,26337608,26879695,22328518,24387977,15300598,16271855,11101112,15356829,76547734,62962601
109,000529,2018-03-13,0.012213740458015376,0.004580152671755711,0.29537721390008814,6600.0,40398.20938909369,491,5773750,5782162,434348,291196,1873861,1423466,1609025,1849564,1042948,1868007,510958,0,302610,349929,0,0,0,0
110,000530,2018-03-13,0.0,0.0,0.2341104966858403,9390.0,495739.2299569523,714,48779959,0,1597246,0,4791437,0,4479092,0,3026772,0,3263588,0,2037004,0,1355916,0,28228904,0
111,000531,2018-03-13,-0.00545702592087316,0.0,0.3987512669386849,11744.0,47135.164079329006,337,4152236,5363558,345071,248554,1729605,1173227,1110495,1600498,756095,1073736,210970,522731,0,306812,0,438000,0,0
112,000532,2018-03-13,-0.028854824165915227,0.0027051397655544207,0.33300463409828884,16560.0,80733.42058535962,1112,24667819,20436336,674552,948509,4919086,5179824,5421716,4218788,6513581,4094534,2910256,2219236,1054900,974662,903603,0,2270125,2800783
113,000536,2018-03-13,-0.002293577981651529,0.004587155963302614,0.12388533199966034,5196.0,63993.071134758015,1241,15801743,16152422,1477720,762578,3880829,5139450,2753860,1725927,1597221,3054464,3559642,1843849,988591,683200,449190,1291482,1094690,1651472
114,000537,2018-03-13,-0.033437013996889586,-0.0062208398133748455,0.3133508658088456,17920.0,99397.36706653323,1685,40413457,32842321,782619,1799425,7129699,10383711,6820082,6822493,6297231,4789056,5887616,2964561,2924433,1761561,1742101,1307136,8829676,3014378
115,000538,2018-03-13,-0.021642454788022514,-0.019468326909773737,2.246815569962911,29820.0,146609.14760257045,2028,81903396,45657828,1850126,1839766,17958252,9083055,12073081,9220924,12699820,10027889,5961598,3615794,6214912,2858016,4982484,3088415,20163123,5923969
116,000539,2018-03-13,-0.004282655246252598,0.004282655246252709,0.2435207532887739,12501.0,58561.67886104703,367,5457124,5655855,410475,204642,2858034,1067960,514788,490584,361390,2150398,480889,1012231,368548,730040,463000,0,0,0
117,000541,2018-03-13,-0.010033444816053505,-0.0011148272017836858,0.23717752501837822,8010.0,52432.6166237338,1431,14958103,17319532,1482490,2363589,5792500,3673123,2154763,2234055,1658265,2542547,1534801,3687647,1010478,1068986,1324806,1749585,0,0
118,000543,2018-03-13,-0.015238095238095273,-0.01333333333333342,0.1258508073731754,11418.0,192881.61999324342,1744,60236006,31346315,2082203,1206660,8969905,5631109,6143745,4379846,5767699,3973495,3434340,3207822,3760434,3870758,3211680,410027,26866000,8666598
119,000544,2018-03-13,-0.006232686980609414,-0.0027700831024930483,0.4581157809209763,14380.0,50237.54565550855,993,14683953,13073568,1101780,653498,5833338,3827070,3455507,2824794,2815318,1770880,760210,1187587,717800,1765287,0,457748,0,586704
120,000545,2018-03-13,-0.002109704641350185,0.002109704641350074,0.15374119955052507,9520.0,75070.15920009598,951,18219409,12694358,1112775,922236,4416989,4014609,3102367,2473683,3163868,1913990,2047624,1781164,710526,636500,1838061,0,1827199,952176
121,000546,2018-03-13,0.024707412223667014,0.031209362808842567,0.42314008034444994,7890.0,109530.68972225678,1321,15317069,35699524,1319567,1787513,4293574,4873542,2133938,3705589,3599434,5834834,1524602,2150133,1737204,4151724,0,1297116,708750,11899073
122,000548,2018-03-13,0.004665629860031162,0.0062208398133747345,0.2659424324123251,10965.0,59428.775426132896,584,10333607,5994636,660599,421447,2826517,2101877,2369619,1351981,2275182,1324908,827132,483854,329728,310569,0,0,1044830,0
123,000550,2018-03-13,-0.01874023945861525,-0.0026028110359188616,0.5173910179206389,19125.0,106163.95033781807,1378,38868048,30990754,915119,1447228,6921568,7142226,6833848,5721167,8617209,6653823,4596257,3624857,2714604,1463826,1311499,925919,6957944,4011708
124,000551,2018-03-13,-0.004070556309362261,0.0,0.37042769963941763,11808.0,55288.29271344841,395,5345048,6095212,341773,439369,1524455,2080421,1027011,1157212,1165185,1298808,492872,224480,355752,371680,438000,0,0,523242
125,000552,2018-03-13,-0.005405405405405461,-0.002702702702702786,0.0875166662606251,5180.0,68550.62152919636,1797,23338283,15431954,2207999,1848006,5335349,3488529,3591542,2402508,4287651,2850854,2074263,2297797,1429367,733238,0,442800,4412112,1368222
126,000553,2018-03-13,-0.01468624833110821,-0.009345794392523366,0.33669611843817093,5952.0,58582.499369342215,1981,33472680,17781283,3493248,1560023,7700872,5039935,6424515,3708910,7489771,2547920,4208685,581972,2109911,2000308,0,899537,2045678,1442678
127,000554,2018-03-13,-0.002797202797202858,0.006993006993006867,0.24389889591396002,14380.0,90506.51072103107,859,23455460,16777137,817084,633034,3925822,3400145,3844074,3152704,4448673,3217207,4118224,2953963,1442826,2057967,2171815,1362117,2686942,0
128,000557,2018-03-13,-0.008695652173913104,0.0,0.1482967577117967,8702.0,49706.06400147815,963,12820999,8697809,1139934,868972,4272665,3305690,2481138,2128543,1442581,987807,1478483,675709,685168,731088,492479,0,828551,0
129,000558,2018-03-13,-0.0348360655737705,-0.026639344262295084,0.1025902405359044,19080.0,256361.15633125667,2273,84195693,81858599,1132587,2248983,6937226,13375144,7692201,11843191,11777273,12184726,10997273,10513610,5105032,6021413,4904036,4098732,35650065,21572800
130,000559,2018-03-13,0.005452562704471253,0.011995637949836269,0.22239143279825188,18340.0,163741.01066502114,1701,50600421,51651841,1159722,1516180,7762065,8602091,5849019,7532450,6593837,9759375,5966500,5496307,4936343,3833978,3484204,2698985,14848731,12212475
131,000560,2018-03-13,-0.019406392694063967,-0.01598173515981738,0.30833751995863834,7785.0,48725.8625806807,807,12557095,6403720,584343,1047014,2577609,2910993,2684512,822251,2757686,1623462,2581625,0,683320,0,0,0,688000,0
132,000561,2018-03-13,0.04617414248021112,0.05145118733509224,0.19116097631659273,12720.0,282739.8428272223,1581,31206586,51392553,1577600,1272155,6350783,6331661,5022367,6066699,5364929,7106349,4723750,5492934,2768171,3055505,1349960,949600,4049026,21117650
133,000563,2018-03-13,-0.0023923444976076125,0.011961722488038395,0.09385734013902308,4653.0,73318.72796580469,1990,21757937,28574856,923642,3410711,4998044,6238709,3303334,3870998,3471675,4262923,1353297,2515941,1396012,2429703,1289507,3492777,5022426,2353094
134,000565,2018-03-13,0.0015313935681469104,0.006125574272588086,0.2753519072492969,7835.5,49193.383453674265,562,7295032,6669381,675281,529473,2055789,2059267,1805249,937410,1714618,1424996,257200,1259176,320000,0,466895,459059,0,0
135,000567,2018-03-13,-0.02197802197802201,-0.017216117216117266,0.7361647125538654,21680.0,177481.29613060216,1376,57415908,42303027,791430,959984,5010531,6936127,7076709,5413413,10340863,7704025,7519733,6949150,2886870,2491506,2607573,1850328,21182199,9998494
136,000568,2018-03-13,-0.01292517006802718,-0.009183673469387754,1.1185948369418828,40967.5,209868.65299671437,2764,143070968,138502806,1211855,1110923,12706563,11185271,20448067,15719252,23973401,23138172,21899083,22118931,13184923,10665827,7495372,9003752,42151704,45560678
137,000570,2018-03-13,0.0018939393939394478,0.0037878787878786735,0.23715252103410875,7920.0,42834.21767553998,495,5183855,5909787,537214,281785,1820238,1786220,1046825,1520783,1083177,1379412,0,0,696401,941587,0,0,0,0
138,000571,2018-03-13,-0.009881422924901129,-0.0039525691699603405,0.14770868701731682,1008.0,42806.99599775,1174,10558353,6503624,1049143,363414,2776259,2055434,2212947,1703683,1663821,1332120,1623527,0,0,1048973,407736,0,824920,0
139,000572,2018-03-13,0.02030456852791862,0.038071065989847774,0.11816400582711158,8150.0,102115.90068227818,1114,18695008,27377697,898878,1270331,3071521,4082102,3201452,3903306,3245336,4497124,1143191,4456897,1311730,3123617,1639149,1737469,4183751,4306851
140,000573,2018-03-13,0.0,0.0,0.1895912020726947,7785.0,63753.12306099789,715,13149802,8269254,797758,417810,3057828,1805715,2318672,1199734,2476242,2660210,2086432,887460,0,366170,1350174,407370,1062696,524785
141,000576,2018-03-13,0.00048216007714563247,0.0,0.8772996673820548,12429.0,89054.04515465241,558,8450746,9560945,582243,394031,3047688,2005647,1679872,1575079,1868150,1546384,779182,654085,0,353600,493611,0,0,3032119
142,000581,2018-03-13,-0.008567931456548328,-0.002855977152182776,0.5058991999113226,26708.0,125439.52776837106,2347,89210058,57849565,1496977,2166134,10761141,12441335,14222172,12263602,22628282,10221496,11712849,5351339,6572722,3429199,3561329,1269390,18254586,10707070
143,000582,2018-03-13,0.017448200654307522,-0.0065430752453653485,0.3178128188671869,9210.0,59738.98450524641,832,13318523,10697232,848426,1082578,3180416,3357246,2399521,1676400,2823644,2611785,2230677,1025471,325422,943752,0,0,1510417,0
144,000584,2018-03-13,-0.009861932938856066,-0.007889546351084853,0.41919907488405067,30240.0,71729.66025975869,1316,41621360,19766859,693810,589415,13529301,4665011,9814403,4839695,7792916,6979190,3694776,1382053,1707308,1311495,1360924,0,3027922,0
145,000585,2018-03-13,0.048295454545454586,0.05397727272727271,0.08238872151082469,10740.0,77594.97606250714,1835,21546905,36853302,1338429,1875605,7363405,9161503,4944133,5804591,5156712,5523496,1423384,4004464,628066,2732307,0,439190,692776,7312146
146,000586,2018-03-13,-0.010075566750629705,-0.0037783375314861534,0.6747934220737207,7905.0,27877.518155357626,553,5166207,4849582,793268,613528,2302833,1737344,1224804,1343860,845302,947215,0,207635,0,0,0,0,0,0
147,000587,2018-03-13,-0.00557880055788007,-0.009762900976290179,0.18294525695173244,13547.0,138642.0318064204,1537,46079491,32731685,1608966,1561339,7787919,5242672,6283804,4577895,7427254,6471862,2861016,2824948,2488927,1480221,1377527,1365633,16244078,9207115
148,000589,2018-03-13,-0.0022883295194507935,0.0022883295194506825,0.2113127900269036,9936.0,74799.93996088617,427,6155642,7150408,558459,330632,2370863,1915679,632918,1106795,299235,1508566,437557,769292,0,0,448416,924502,1408194,594942
149,000590,2018-03-13,-0.006993006993006978,-0.006216006216006265,0.5769540447050431,8953.0,54030.994599880476,497,4956807,5507285,520674,351019,2788767,1373439,845759,1016814,801607,268170,0,0,0,0,0,1283995,0,1213848
150,000591,2018-03-13,-0.005780346820809301,0.0019267822736031004,0.11507522962172291,8288.0,47742.3294113497,2041,25646651,17782859,4825845,1391689,8523482,6486166,3262443,3000515,3593751,2951013,2698984,1309681,1343546,936960,0,422688,1398600,1284147
151,000592,2018-03-13,0.002136752136752351,0.008547008547008517,0.11576471299398859,15345.0,205931.32963753308,1639,58402376,47264705,1280823,1495661,5794562,7894473,7553990,6326661,7531092,7826101,5938172,5013635,4729215,4593793,2697651,3215486,22876871,10898895
152,000595,2018-03-13,0.024719101123595433,0.024719101123595433,0.15286755599551297,9513.0,47732.62320035225,848,10007663,13227697,812840,765470,3886110,3460690,1747787,2719567,2101207,3825089,962000,1456166,0,1000715,497719,0,0,0
153,000596,2018-03-13,-0.014397496087636963,-0.012050078247261231,1.6818388315448192,19083.0,60320.92139365674,1443,38577024,20879175,1136016,1117323,8596499,5140380,9235181,5667336,10875362,5845849,5562641,1028356,1753560,1323210,813755,0,604010,756721
154,000597,2018-03-13,0.0057636887608070175,0.007684918347742542,0.30913496945968294,10420.0,65301.092643849275,1134,18582882,18360932,748654,1281800,4227284,3963339,3213244,4510829,3723120,4367803,2432916,1169726,2107899,1028733,924551,411600,1205214,1627102
155,000598,2018-03-13,-0.009784735812133238,-0.00391389432485334,0.15103220355979238,6096.0,116479.58721370927,1146,24694561,12414101,979227,1639538,4399736,2474317,2644803,1884825,2311614,2719500,2461936,456449,1067373,662624,442976,428909,10386896,2147939
156,000599,2018-03-13,-0.004739336492891044,0.0031595576619272148,0.2158051806932856,12530.0,64053.58404733259,860,16225543,11563031,647558,896421,2925959,4165823,3593993,2729705,3746148,1850233,1550035,715440,1071386,323532,848692,881877,1841772,0
157,000600,2018-03-13,-0.02917771883289122,-0.017241379310344862,0.14759782020300766,21561.5,141172.1925098194,2614,101777848,59404371,2056474,1709837,15440606,11392905,13389458,10313134,19642269,12380558,11902608,6299813,6956419,3063837,5356382,3088211,27033632,11156076
158,000601,2018-03-13,0.0029112081513826826,0.008733624454148492,0.30790546519680156,9674.0,47071.32444126034,497,6608639,7901038,348883,695757,1770630,1893457,1330200,2111564,1691466,2108889,1161712,461191,305748,630180,0,0,0,0
159,000603,2018-03-13,-0.010483870967741948,-0.007258064516128981,0.3840378858582449,19600.0,92226.89304084911,1042,32283199,19296508,502771,1214490,4894637,4628479,5589498,5068959,6492001,3998862,5240089,1000222,2528234,1032466,2152292,489600,4883677,1863430
160,000605,2018-03-13,-0.028587764436821095,-0.016009148084619618,0.43425780025392335,17330.0,57602.33761383663,1622,37860985,19692926,1155846,1375062,9191861,7239409,9016056,5210945,9682629,4295516,3161810,1192462,2423099,379532,1753452,0,1476232,0
161,000607,2018-03-13,-0.01243339253996456,-0.001776198934280604,0.2048800856117694,5049.0,37326.42334071479,755,7032493,5991226,471752,720762,1943832,2977055,1262938,1273290,1114031,818485,1488740,201634,308000,0,443200,0,0,0
162,000608,2018-03-13,-0.0013793103448275223,0.0055172413793103114,0.22936283485498565,13140.0,61749.78710379978,999,19393945,12631295,1057247,751196,4884424,4014591,4425699,3313038,3939357,2371685,2173484,1138153,1291850,1042632,491502,0,1130382,0
163,000609,2018-03-13,-0.01147028154327423,-0.002085505735140769,0.4337820381340919,8590.5,40104.4857982612,488,5599401,4581537,528712,490382,2075864,1859909,1598761,1105997,771008,435070,237048,245616,388008,0,0,444563,0,0
164,000610,2018-03-13,-0.003964321110009772,0.001982160555004997,0.4838387881553242,7020.5,41012.69826615895,434,3524242,4974904,271690,546259,1271834,1659777,567414,931995,1413304,1250958,0,0,0,0,0,0,0,585915
165,000611,2018-03-13,0.013698630136986356,0.008219178082191858,0.38593066395806136,14022.0,60528.532644220264,357,9100932,5020958,358392,206991,1757511,904152,1898072,792774,3231333,1537041,1351320,1265072,0,314928,0,0,504304,0
166,000612,2018-03-13,-0.0074349442379182396,-0.009913258983890949,0.19534390727192322,4800.0,29050.317839442458,1709,13878777,10007748,1823749,2153387,6674051,4084468,2227533,1857118,1529948,1123592,476359,472893,333245,316290,813892,0,0,0
167,000613,2018-03-13,0.024539877300613355,0.03680981595092003,0.2835610125092194,9350.0,58291.034244239076,826,10359013,13852076,877826,901615,3086081,3797323,2362810,2139497,1987757,3168037,472767,1455465,330395,1448479,1241377,941660,0,0
168,000615,2018-03-13,-0.007209062821833201,0.0,0.22187718204936105,19400.0,97874.20552980303,1916,57175573,32896607,1796376,1704524,10692591,8456907,10909269,6271047,11380428,6567738,6979835,4268231,5263452,1082073,1835868,1280521,8317754,3265566
169,000617,2018-03-13,-0.01526717557251911,-0.010409437890353979,0.627562286537969,9975.0,57243.86756530541,527,9950344,6209271,664738,396703,2113697,1702421,1536941,1326800,2179149,1554466,2706971,513159,322848,315322,426000,400400,0,0
170,000619,2018-03-13,0.0026881720430107503,-0.0026881720430108613,0.3179537766817056,4428.0,29317.22696772714,547,4685871,3614733,630019,476103,1400519,1659202,1559975,745944,892872,185500,202486,547984,0,0,0,0,0,0
171,000620,2018-03-13,0.03606557377049202,0.03606557377049202,0.172139924608846,16956.0,73031.1960213445,1258,20924210,26774845,584381,1306144,5793454,6133626,4457855,4533479,4160173,5853259,2801286,3439805,1335596,1038209,1275792,414711,515673,4055612
172,000622,2018-03-13,-0.015283842794759916,-0.0021834061135370675,0.2763122489050864,6383.0,32299.040164699716,274,1986449,2569606,234305,458039,873713,676614,501532,492192,112999,728911,263900,213850,0,0,0,0,0,0
173,000623,2018-03-13,-0.011742602160638826,-0.007984969469234326,0.454581982942624,21250.0,142470.07539234663,2193,92565361,56201766,1456157,1103541,11353998,10215322,12519855,9430322,15424112,12278650,11089865,7140449,8581979,2801464,9797059,3964458,22342336,9267560
174,000625,2018-03-13,0.004122011541632276,0.010717230008243872,0.24083350891824082,24160.0,366156.95918551605,2538,141651616,136708146,1412981,1680861,9773886,11569066,10351644,9919831,13824331,17981087,13208944,14519520,11186216,13429758,5677400,9040926,76216214,58567097
175,000626,2018-03-13,-0.005451713395638658,0.012461059190031154,0.2930928875111971,23562.0,202848.61329751523,1923,65698106,66754117,1249233,1112106,9554039,8531673,9096213,10309120,13447750,12565096,6790936,5959665,3148748,2856441,4967703,4922743,17443484,20497273
176,000627,2018-03-13,-0.01820388349514568,-0.010922330097087318,0.18456880121504368,10517.0,136489.83400476474,1996,51013509,30142696,1665868,2328395,9768480,6625939,5216327,6053427,7074897,6714470,4617038,3544953,3135851,1038882,3357056,436025,16177992,3400605
177,000628,2018-03-13,0.049101796407185594,0.04431137724550904,0.24144632098602917,13984.0,87881.92494172866,1201,17581328,26536102,932855,1232479,5187246,5648602,4603471,4906616,4209228,3952810,636224,3737944,0,2068522,478720,859232,1533584,4129897
178,000630,2018-03-13,-0.0072202166064981865,0.0,0.062469070152189464,5540.0,127465.48884582383,1987,36813874,28135624,2023947,1412889,7407978,4539620,5320748,3954507,7676730,3355924,4286823,1611520,1714837,1003812,1294161,0,7088650,12257352
179,000631,2018-03-13,0.0071428571428571175,0.0071428571428571175,0.11804621712474557,6672.0,56283.670905193605,1269,11769926,16763581,723869,1041779,5280826,4945573,1679958,3056159,1216596,2858799,985937,1408370,0,661709,923040,1713344,959700,1077848
180,000632,2018-03-13,0.01005025125628145,0.011725293132328396,0.31265952334599467,1800.0,46856.33472070874,364,2261493,2634325,348442,181288,713368,668807,487465,671214,412022,149500,0,250848,300196,0,0,0,0,712668
181,000633,2018-03-13,0.016298020954598424,0.00465657741559955,0.42829418122436796,16283.0,156504.13713715615,402,9075179,7450996,384123,255077,1897084,1944798,1322041,3169315,692886,1370793,466230,711013,396519,0,428707,0,3487589,0
182,000635,2018-03-13,-0.014388489208633115,-0.0021582733812950394,0.455558892716054,11192.0,67043.79097850832,931,14291685,11415927,539415,1328864,4053330,4276260,2872582,2949067,3056154,1662534,678900,744418,303020,0,460184,454784,2328100,0
183,000636,2018-03-13,-0.019654088050314433,0.007861635220125729,0.23746263027653286,42322.5,224978.15762035604,2872,156033510,167738049,913882,1545455,11482094,11855491,17187594,16316698,29095159,26876704,26413874,25813871,14956781,16279386,10429960,8740459,45554166,60309985
184,000637,2018-03-13,-0.007233273056057921,-0.005424954792043413,0.2581854381016506,11020.0,55862.83645957366,458,7989805,6405923,426089,301776,2022509,1732289,1954514,1355527,2086897,1442082,942561,706120,0,356950,0,0,557235,511179
185,000638,2018-03-13,0.11477151965993615,0.11477151965993615,0.21930924061266033,14587.5,148157.16686002997,1844,43063625,46040276,1412550,2456683,8204755,8157534,6181605,7093410,8103163,10260443,4062342,6557257,2036364,2670136,883570,1768880,12179276,7075933
186,000639,2018-03-13,0.012650602409638445,0.02349397590361435,0.5107931181021778,8500.0,76759.44736449966,1056,14051415,18298552,1115935,811590,4276668,3714259,3177819,3433178,2285633,2410671,1161325,1935080,1038071,1347364,495816,888641,500148,3757769
187,000650,2018-03-13,0.0,0.00588235294117645,0.17332008251957495,7672.5,117972.18453779267,866,14897404,16625494,842294,646568,2917685,2642902,2694285,1674054,1285064,2322543,1894936,1250788,1075710,2013173,1725235,436167,2462195,5639299
188,000651,2018-03-13,-0.0035721000188004837,0.007144200037601189,0.888724885164813,289116.0,797237.7117628537,3582,839053778,985480806,53274,48057,3909604,4571256,14296815,13508651,47515784,47564392,44467306,49440166,50583527,58327742,49586188,51037469,628641280,760983073
189,000652,2018-03-13,-0.008888888888888946,-0.004444444444444362,0.14081032367630827,4917.0,149058.68806376483,1023,15637256,11274616,717980,1464413,2964353,3429458,1636767,1764344,2326226,1353511,938956,988824,951396,392466,445000,0,5656578,1881600
190,000655,2018-03-13,0.01645338208409508,0.009140767824497242,0.17675630386821395,9248.0,51975.76981180912,958,13379200,11747083,1228711,823200,3742391,3248093,2661271,2358501,2127427,2875605,2589064,1995896,350880,0,0,445788,679456,0
191,000656,2018-03-13,0.0038022813688214363,-0.0038022813688212143,0.16730734059044686,9468.0,126391.6652469121,989,25207387,13215441,925861,605657,3860506,2431970,3424189,1803924,4060120,2388124,2519056,1252765,687872,1073143,1854557,473400,7875226,3186458
192,000657,2018-03-13,0.0,0.002577319587628857,0.3889997682515501,9392.0,45502.856413358895,895,12116735,10218522,545011,1134678,2885426,3868899,2754012,2505936,3544942,1424880,1614614,479548,351000,361530,421730,443051,0,0
193,000659,2018-03-13,-0.0273972602739726,-0.019178082191780743,0.138407328389751,11085.0,167167.69591653315,696,27083023,11290473,371436,729550,2046760,2827515,2870422,2649764,4948168,2621584,1611607,1447588,1103004,1014472,912473,0,13219153,0
194,000661,2018-03-13,-0.015340416305290483,-0.004228100607111873,4.260823374356753,37086.0,249679.98707634496,1876,112769896,104568768,7545,5399,9411457,11049953,11621606,12901978,14345898,17633256,17011486,13931553,8020380,8414036,4518612,6755061,47832912,33877532
195,000662,2018-03-13,0.0014892032762472418,-0.0014892032762471308,0.36518499534559373,10728.0,66925.30891370396,1353,22381885,20044814,1395470,1428239,5710573,5604298,4587396,4216479,4315833,3326518,1829147,1758541,1088380,1048186,1270470,1823178,2184616,839375
196,000665,2018-03-13,0.00591715976331364,0.01183431952662728,0.23821254301019276,52761.0,941323.1089900936,2475,199757352,314849437,557431,1275146,8272992,11279557,13403257,13726705,23664324,24806755,13602790,14947712,13142394,15814512,12984198,11045513,114129966,221953537
197,000667,2018-03-13,0.0,0.0032573289902280145,0.0843647438980126,6426.0,67493.93433741521,1331,20220337,15229366,1838251,1488854,4006326,3691173,2933220,2318978,4535032,3581095,1470279,1144411,1720328,376068,1350757,482297,2366144,2146490
198,000668,2018-03-13,-0.0007358351729211954,0.004415011037527616,0.748234335424067,13590.0,52778.525427231216,329,4531999,5568428,123458,445984,1520544,1986430,667619,1220232,1144836,1027802,236292,496876,0,391104,839250,0,0,0
199,000669,2018-03-13,0.014669926650366705,0.022819885900570602,0.34854150087972746,13508.0,72353.40870252597,1239,18814639,29139031,982557,920288,5819734,5621194,3940626,4732697,3847257,6194032,2598790,4755696,686570,3253032,939105,448392,0,3213700
200,000670,2018-03-13,0.032258064516129004,0.051971326164874654,0.10887144244816056,25990.0,206448.4756474765,2639,102652332,117692314,1620725,1577371,12759602,11036842,14025310,11506522,19586711,18311799,12685200,13370703,9797703,10009791,7641744,5806517,24535337,46072769
201,000671,2018-03-13,-0.005917159763313529,-0.0035502958579880506,0.1633380881451719,16860.0,198849.7961434813,2682,96612279,102029973,2846818,1914825,10559821,10416336,10692428,8882659,15617403,15391290,9509448,10234433,8647811,8838881,9020312,5801930,29718238,40549619
202,000672,2018-03-13,0.011075949367088445,0.01661392405063289,0.2198353555374292,81585.0,412133.6755699232,3311,289437779,326061400,730828,716962,10441286,13342665,23492568,20903283,42841781,44431064,30401131,35764228,26155109,25898055,23980411,24212846,131394665,160792297
203,000673,2018-03-13,-0.03458925262507728,-0.02100061766522554,0.4645263583885546,31590.0,350657.58327073266,1220,39256897,136236510,532726,951180,3582812,4961214,5794683,5826112,8375189,9978706,3291876,10884319,0,9531211,1344624,9257784,16334987,84845984
204,000676,2018-03-13,-0.0016542597187758634,0.00413564929693977,0.3624680590917342,11034.0,67308.7879941606,1113,14277446,17366919,865282,886268,4126978,5122432,2010225,3783890,1961540,4288823,2898233,1829261,681561,1017015,432327,439230,1301300,0
205,000677,2018-03-13,-0.02005730659025795,-0.02005730659025795,0.14761718735535967,3460.0,31611.089519165984,559,5697927,3100955,621952,347156,1909459,1096874,1071548,985214,1867928,430203,227040,241508,0,0,0,0,0,0
206,000678,2018-03-13,0.0014925373134329067,0.008955223880596996,0.25259336626151513,12806.0,38563.90573321172,703,8440489,9745045,596759,607908,3300076,3520524,2126110,2658774,1685024,1985743,732520,670600,0,301496,0,0,0,0
207,000679,2018-03-13,-0.06267409470752083,-0.03760445682451252,0.22574733768812172,10515.0,408186.5428873357,1013,17151947,24225195,949692,728770,5109341,3353771,3176205,2567886,3990752,2811952,473390,1083602,2095859,377706,1356708,445000,0,12856508
208,000680,2018-03-13,0.0,0.006521739130434856,0.1321607709952973,4610.0,67072.68119363331,1213,16828916,13940496,1313577,798973,3896941,2680298,2219653,2112403,2435684,3484495,3178901,980148,1055820,314874,917261,1787321,1811079,1781984
209,000681,2018-03-13,-0.03235403495723321,-0.010412792859799236,0.5507485306705722,31326.0,171665.38358088201,2386,103526729,91852809,1086579,1139290,11113890,12477385,13641759,13376846,18435076,15735638,13805914,10333024,10962572,6294242,5368726,6835303,29112213,25661081
210,000682,2018-03-13,-0.01091703056768556,-0.0021834061135370675,0.19244750963208254,4560.0,35590.436626442395,566,6085199,2831807,618806,444480,2418881,1521573,765316,376860,1274391,231476,210645,257418,342160,0,455000,0,0,0
211,000683,2018-03-13,-0.006896551724137945,0.0034482758620690834,0.06602808188971676,3770.0,101180.88424192912,1947,25142905,21069646,1680776,1833716,4568197,4919725,3942957,4769634,3099556,4361763,917440,1825610,1028718,1951259,0,820689,9905261,587250
212,000685,2018-03-13,-0.010070493454179208,-0.007049345417925457,0.29896081564815535,9850.0,78409.23155842577,1103,18391208,10874217,1403916,1729370,3258282,4710605,3051243,2252378,2268453,1332524,2433904,498916,1253809,350424,973135,0,3748466,0
213,000686,2018-03-13,-0.010922330097087318,-0.003640776699029069,0.23667332427320445,16360.0,133070.80132071063,1212,40238797,23143178,1093535,1083073,6097129,5657457,5137988,4507441,6339232,3208547,4802495,2495136,2756305,2286948,2288354,1765296,11723759,2139280
214,000687,2018-03-13,-0.006635071090047462,-0.0037914691943128354,0.344003941799718,14560.0,64004.97992251561,940,20075180,13474817,654252,590345,5124401,3982056,4082068,2105149,4132632,3162044,2452217,1959198,1040289,1676025,834716,0,1754605,0
215,000688,2018-03-13,0.007216494845360799,0.006185567010309256,0.2660407305619269,19440.0,234291.33612112794,1329,25904357,77945728,682296,1374150,3875447,10187012,3912600,6826381,3954694,7514027,2999088,5494341,2372023,3618208,899279,4592613,7208930,38338996
216,000690,2018-03-13,-0.003529411764705781,0.0,0.28438671552994355,17000.0,116687.28699063619,893,25371546,21515557,850400,655361,4727227,3662997,3975000,4237628,3503766,4899194,3063053,2551953,2404040,641370,2183685,1328329,4664375,3538725
217,000691,2018-03-13,0.02310231023102327,0.021452145214521545,0.24171654947410393,11751.5,62299.26573242806,628,5817072,11287904,533012,692067,2324974,3554201,1396757,1767641,1349271,1661228,213058,1029862,0,0,0,416970,0,2165935
218,000692,2018-03-13,-0.014184397163120699,-0.01654846335697402,0.19442772918748755,7055.0,82977.19281915712,473,10883734,5119691,304768,469978,1334180,1509446,1083999,1131216,2512500,753664,1554509,492435,668468,306600,1296038,456352,2129272,0
219,000695,2018-03-13,-0.0021574973031283085,0.003236245954692629,0.5174858655980373,4635.0,17226.2626180562,320,1053211,2072011,279888,648084,592648,816806,180675,241667,0,365454,0,0,0,0,0,0,0,0
220,000697,2018-03-13,-0.018734177215189884,-0.010632911392405076,0.6666831384290851,19670.0,135754.51384824628,877,31732571,20820281,588372,845119,4256145,3904229,4804846,4568994,7610504,3366047,3231083,0,646825,1787478,1279191,1214222,9315605,5134192
221,000698,2018-03-13,-0.0017699115044248481,0.001769911504424737,0.235892318175106,11360.0,67878.61915470826,573,10053424,9383092,417333,570312,2416863,2466699,1985024,1628535,1479403,1806044,1184285,1344915,1002976,610638,494940,452800,1072600,503149
222,000700,2018-03-13,0.038610038610038755,0.015444015444015413,0.1675889166224987,10370.0,79759.69439830122,956,13642346,24096748,684588,1008045,2501434,3943169,1690917,4404619,3143177,5876003,3056735,3448872,304128,2069661,425775,891153,1835592,2455226
223,000701,2018-03-13,0.0,0.013683010262257822,0.25132557146506607,10536.0,58646.74004822842,1218,20340490,16659643,1830835,803004,5106806,4657118,4244297,3670366,3149569,3940568,2749609,1130605,1328798,1485082,1310537,442500,620039,530400
224,000702,2018-03-13,0.03186646433990892,0.03338391502276172,0.1789589994254159,16355.5,137084.19249630734,1360,35289096,42062030,770334,1345028,4776828,6669035,4830009,6342626,6892629,7677285,3885104,3973211,5329653,3727488,916398,1831691,7888141,10495666
225,000705,2018-03-13,-0.003963011889035695,0.003963011889035473,0.26240423372860855,3016.0,48899.442340327194,832,5729926,8020319,403282,1076474,2017255,2547477,591127,1367041,651274,1841665,410164,424872,359729,762790,474750,0,822345,0
226,000707,2018-03-13,0.02257336343115135,0.020316027088036037,0.13549047684652038,8920.0,39288.45814480927,1070,9619516,12711722,987796,1147502,3673523,5744186,1789289,2566260,1724736,2140230,223000,0,776172,676913,445000,436631,0,0
227,000708,2018-03-13,-0.012205754141238034,-0.0026155187445511263,0.4118642601927746,11450.0,75631.85967309763,775,15817767,10724112,621821,463912,3458998,2811885,3877750,3588704,2654076,2032607,2191190,686601,347472,306783,0,833620,2666460,0
228,000709,2018-03-13,-0.005181347150259086,0.0,0.08558875383710425,16212.0,237423.87888368205,2045,78445031,62801182,1572162,1372936,10946054,7333401,13939942,6487051,10943493,6232669,5813061,4653794,8211822,3905895,2214457,1356167,24804040,31459269
229,000710,2018-03-13,-0.003588769263246694,0.010344099641123039,1.3373185007298811,23705.0,140163.0225486986,1256,45206838,35157275,869115,1306765,5884296,6373072,5745499,5344998,8189309,6172805,5873998,5001049,3171234,1918853,2210838,1299946,13262549,7739787
230,000711,2018-03-13,-0.029839326702371882,-0.016067329762815663,0.41764341170148195,19320.0,112564.03607688795,979,28832342,14713223,582821,706721,6263472,4792384,5038768,3512245,4563538,2925156,3423098,675221,755352,1443064,430416,0,7774877,658432
231,000712,2018-03-13,-0.021094264996704082,-0.01252471984179293,0.37189543737504416,15005.0,92716.03364195538,1664,43098783,32179676,1706619,943223,9066575,5935396,6300767,6732348,8158650,6233546,5386569,6502196,3447853,1890007,2702433,1740715,6329317,2202245
232,000713,2018-03-13,0.020989505247376306,0.020989505247376306,0.22701489162872673,12749.0,46497.03531583601,863,9848298,14155938,631734,960535,3775759,4090741,2197056,2676238,2026651,3878208,1217098,1286216,0,708578,0,0,0,555422
233,000715,2018-03-13,-0.0011428571428571122,0.0022857142857142243,0.508663180840387,5273.0,39523.628608240484,295,3354246,2804991,251281,343829,970435,774520,1207643,519596,714647,610438,210240,556608,0,0,0,0,0,0
234,000716,2018-03-13,-0.007393715341959317,0.0,0.19568844430974872,7805.5,39935.72904171427,764,8648748,6806443,1050086,601761,2250827,2660837,2496489,1720003,1910757,949370,476413,0,0,376437,464176,498035,0,0
235,000717,2018-03-13,0.019073569482289,0.02452316076294281,0.13408239086044027,33795.0,296425.78615654685,3004,180082636,180496530,1479880,1538466,13501926,10685397,15769593,13485458,30216823,24593243,19907563,22437965,15150715,14202648,15240909,13177501,68815227,80375852
236,000718,2018-03-13,0.011547344110854452,0.013856812933025209,0.1212065738389153,7412.0,69202.75298620276,1279,15629371,23379115,1072396,1144394,4472653,4634516,2072341,4641183,3517507,4074468,2452702,2957010,644070,1302990,1397702,1843127,0,2781427
237,000719,2018-03-13,-0.0022522522522524513,0.010135135135135087,0.24130844631580167,5418.0,42449.763253330166,1356,9579333,15750729,919310,1844507,3104584,4512565,3002822,1979084,1586559,3129631,966058,3265416,0,0,0,463609,0,555917
238,000720,2018-03-13,0.0045977011494253706,0.011494252873563315,0.1658490332767478,7418.0,61465.10682543045,688,7189322,9914817,613511,678270,3030236,2745741,1119702,1803401,915748,1750274,740454,0,330672,0,438999,459680,0,2477451
239,000721,2018-03-13,0.005964214711729587,0.015904572564612307,0.17565576082701992,9614.0,52165.72929338939,820,8380489,11768600,677527,680349,2419295,4052322,1746759,2165013,1225274,2085094,1392744,804603,303000,1014020,0,457200,615890,509999
240,000722,2018-03-13,0.00216216216216214,0.00972972972972963,0.3279880916797,9340.0,58487.60526754074,795,9708603,13081932,730119,1075775,3124444,3597462,1762181,3185730,1906953,1683380,920166,1475554,0,1034337,0,0,1264740,1029694
241,000723,2018-03-13,-0.018835616438356073,-0.008561643835616417,0.11929559705698638,20370.0,199201.7045189843,2403,121965703,77913454,1247210,1699929,5859154,11110342,10421790,12462400,12500842,11563537,19942479,7961239,25000233,7362573,13341349,7597866,33652646,18155568
242,000725,2018-03-13,-0.013245033112582738,-0.008278145695364225,0.10089938201677819,253800.0,1794417.7380782894,3597,1541954295,1221763098,138528,151341,5521583,5651712,19071024,16772276,44489239,50324712,55718609,48320919,45749658,41300145,39776397,36905674,1331489257,1022336319
243,000726,2018-03-13,0.0018621973929235924,0.004655493482309092,0.38811040750080433,5375.0,58063.96015554942,765,7143659,9220853,389356,1383632,2066776,1766629,1635067,1233000,997054,2322783,660106,1375467,0,0,0,471486,1395300,667856
244,000727,2018-03-13,-0.019305019305019266,-0.01158301158301156,0.0512567570255134,11730.0,116544.6266317231,2593,70876484,34868683,2364758,1634017,13452251,7932660,12551774,6059387,9732478,6318667,7365900,3482318,4269793,2857525,3516096,2185231,17623434,4398878
245,000728,2018-03-13,-0.012307692307692242,-0.003076923076922977,0.2380328797967683,20338.5,120947.19121374126,1678,55009685,48559960,1391013,1261056,7837130,9415138,7940721,7146025,11230259,9854111,6716387,6481177,5736130,4880481,2717996,2734855,11440049,6787117
246,000729,2018-03-13,-0.008974358974358942,0.002564102564102555,0.16115415697153956,16401.0,99861.5832990624,2347,53616868,49381613,1927068,1705433,12888728,10299016,11436525,10448918,8554260,8817711,4655962,6172612,1813014,1449994,2244627,1775684,10096684,8712245
247,000731,2018-03-13,0.006510416666666741,0.009114583333333481,0.28392436315128033,16107.0,92982.35566515314,731,18639526,17730898,628823,569284,3729291,3170551,2813077,2741510,3967807,4249898,2823640,2233908,2384249,2119992,0,0,2292639,2645755
248,000732,2018-03-13,-0.003605375286791279,0.005244182235332628,0.5511389044029894,61960.0,274545.41237544286,3067,229268657,228350632,1120894,1074864,12117290,12587654,20091902,18063139,34422001,32570143,28816554,21431180,24853584,25988235,17706152,22769225,90140280,93866192
249,000733,2018-03-13,0.005287009063444037,0.017371601208459264,0.3393903287066869,18690.0,124450.06554344468,1523,36115534,48711253,829925,1180762,6790118,8715379,5984634,6900384,5254684,8101219,2536367,5247493,3417846,3873131,3062437,3725044,8239523,10967841
250,000735,2018-03-13,0.011235955056179803,0.011235955056179803,0.1629738396545142,44643.5,357164.4651780836,2988,166813263,240588728,1284668,1693114,11870691,15072321,15977114,18912648,27748805,30310833,18432372,21909316,11980573,18963959,8079716,16617261,71439324,117109276
251,000736,2018-03-13,-0.001677852348993203,-0.001677852348993203,0.6517339799904792,15263.0,59777.99142161579,752,14247747,10410070,649508,631254,3906370,3639258,3352271,2106040,2837335,2377202,1995378,941116,713013,0,0,0,793872,715200
252,000737,2018-03-13,-0.004773269689737569,0.01193317422434359,0.18675666035763755,10200.0,46150.15542510213,503,6597573,6202867,356556,461593,2202080,1889604,1480725,1169081,1637231,1219791,920981,674947,0,385475,0,402376,0,0
253,000738,2018-03-13,-0.02000000000000013,-0.00914285714285712,0.33019503878928225,43175.0,274096.19319047104,2813,200755199,166193124,1193905,1343835,12034322,10899255,16878172,12873873,24491539,22781426,21632776,19452145,20039953,16509796,17973919,15142880,86510613,67189914
254,000739,2018-03-13,0.0017361111111111605,0.00694444444444442,0.19725003538487543,7566.0,160815.21613697225,853,16200165,16077126,464413,1319265,2264201,2465606,2906819,2629097,2271938,2214584,1385592,3463214,657098,668131,0,1284161,6250104,2033068
255,000750,2018-03-13,-0.008565310492505307,-0.0021413276231262435,0.134083467273339,8854.0,97966.0278150351,1215,23176101,18661742,919326,1302217,4226150,4159195,3493561,3132901,2178412,3446830,1871253,2453203,701939,2075276,2721723,906370,7063737,1185750
256,000751,2018-03-13,-0.006134969325153228,-0.002044989775051076,0.13887834987162043,10736.0,83394.29685143735,1241,26505194,14958424,1581157,988385,7518844,4009422,3735419,3051287,5984797,1141574,2850061,1817979,2414660,382887,0,487512,2420256,3079378
257,000752,2018-03-13,-0.020350877192982342,-0.0035087719298245723,0.5352603750740881,12825.0,66858.04082747064,708,13853528,6672502,786286,588742,4108487,2515459,1816101,1555457,1923232,941332,668791,228320,391875,317688,1790658,0,2368098,525504
258,000753,2018-03-13,0.0028169014084507005,0.0028169014084507005,0.1413469002319411,5340.0,70800.7952415195,631,10248106,7112070,775195,402731,2785757,1256304,1246946,1059086,1368440,1736636,465254,1525793,751772,654836,880950,476684,1973792,0
259,000755,2018-03-13,-0.005970149253731294,0.0014925373134329067,0.3163223370714203,8076.0,221473.3598912066,448,7304591,10589892,385140,596166,1556890,1955054,1242883,871047,1217536,266754,295038,735877,718038,0,477866,0,1411200,6164994
260,000756,2018-03-13,0.04439252336448596,0.06074766355140171,0.271686374635184,27220.0,172555.26735246196,2241,73104876,98041762,1258070,1185097,12286534,9137572,13128292,10931316,15786744,15471510,11869017,8601702,4633439,6798582,4716624,6175684,9426156,39740299
261,000758,2018-03-13,-0.009538950715421213,-0.004769475357710662,0.16799787170254268,11856.0,97852.97920332594,1403,32931812,23269761,1092716,1485857,4880906,5433638,5040403,3820644,6626222,5043145,3012790,2833299,3904420,3101934,1697580,402534,6676775,1148710
262,000759,2018-03-13,-0.0059880239520956335,-0.004790419161676551,0.2757082551135506,14903.0,63622.788115004994,917,17003049,13304831,1029686,768244,5079694,4286694,3192841,2184767,3494236,2189696,2287575,1140271,1342217,1306184,0,498600,576800,930375
263,000760,2018-03-13,0.05405405405405417,0.027027027027027195,0.13069312566383123,13300.0,69586.6622222046,1577,24673550,28780277,1211252,1253565,6779124,7795210,5560567,6477537,5859905,5984700,1723238,2762476,303772,2031902,819119,1341708,2416573,1133179
264,000761,2018-03-13,0.0,0.003898635477582957,0.12679041604135743,12360.0,114914.81525192084,1640,37256846,34522895,766801,1135890,9542778,5445876,4453337,3473358,5837787,5761675,3983848,2265275,2524341,3813670,2201193,4357167,7946761,8269984
265,000762,2018-03-13,0.009097270818754444,0.01889433170048993,0.2959062094852094,30240.0,165525.56024800404,2334,94717152,111984049,1133341,1347241,9958447,10801565,12137653,11099656,15930338,18341677,11285679,17205968,11139585,7593581,6181841,6524665,26950268,39069696
266,000767,2018-03-13,0.0,0.0,0.1392547668154795,4496.0,54359.59165786989,407,6702043,2270046,492927,243183,1432106,790171,936272,249166,1530135,693881,718726,293645,693560,0,898317,0,0,0
267,000768,2018-03-13,-0.005079365079365128,0.003809523809523929,0.3180784655757871,25216.0,155860.7133183324,2453,75756164,102121753,1116639,2001257,8425775,14130918,10158864,13913919,15977353,21918762,10489511,12030193,5391665,10899525,3971085,4390400,20225272,22836779
268,000776,2018-03-13,-0.014002333722287208,-0.004667444574095736,0.3295855265985508,42650.0,233849.3025551864,2705,176484010,143098017,771008,1151087,15374804,13554303,16339520,15407135,24410675,23337647,19565391,21657456,13596447,12794401,11548769,14021435,74877396,41174553
269,000777,2018-03-13,-0.008421052631578885,0.007017543859649145,0.412719278939998,12915.0,68022.27674101427,1192,22144396,17628614,926110,1121297,5580970,5394568,3916027,3033524,4563191,2533084,2497947,2391454,1638877,0,1819873,1306447,1201401,1848240
270,000778,2018-03-13,-0.013257575757575801,-0.007575757575757569,0.11956152406562776,10500.0,120753.17487680972,1954,59079464,22901740,2405066,1002852,11916564,4126782,8134225,2996550,10325850,2396957,5678678,3735877,2489943,1394044,2669283,442256,15459855,6806422
271,000779,2018-03-13,-0.011476664116296886,-0.010711553175210442,0.6396648871197718,10376.0,59355.72890454069,417,7162024,4278038,201920,490851,1665770,1360923,1470409,969253,961834,1248211,1026388,208800,701760,0,478392,0,655551,0
272,000780,2018-03-13,-0.009765625,-0.003906250000000111,0.22311632855117708,13029.5,106313.60937661475,526,15168226,10174849,423938,333661,2690840,1686425,1679155,1391391,1682663,1864341,3902586,1451781,1711511,1020084,416854,0,2660679,2427166
273,000782,2018-03-13,-0.005797101449275366,-0.0014492753623189802,0.2924663127781313,6875.0,67593.61377072739,556,9867280,4401936,605163,491103,2237906,1762941,1239514,716426,1495611,128282,1331586,274400,681500,0,476000,476784,1800000,552000
274,000783,2018-03-13,-0.009210526315789447,-0.002631578947368318,0.1856464451916149,9867.0,103822.84987559247,1677,38679938,26314392,1845567,1355376,6562758,7497276,5747732,3920482,6473040,3921573,3040182,2974078,2448281,1445042,889486,1324813,11672892,3875752
275,000785,2018-03-13,0.019957983193277462,0.0126050420168069,0.3981147585971647,11580.0,59256.739162229096,571,9653427,9290006,601512,591363,2973588,1983344,1528122,3014689,1679374,1878009,1123959,1453194,1010276,369407,0,0,736596,0
276,000786,2018-03-13,0.0016012810248198228,0.0008006405124099114,0.44905403249547604,52489.5,232270.22348538673,3096,213773998,180899167,1340140,745804,15981549,10964996,18914125,14170563,42954494,27465201,36337949,27250103,23350020,14343336,11386086,13251139,63509635,72708025
277,000788,2018-03-13,-0.003754693366708417,-0.005006257822277815,0.31251318403554185,15880.0,62835.82166034593,653,13793797,9049084,588994,662891,3156057,3547857,2622534,1849552,1980741,2015787,1717640,972997,1350088,0,2377743,0,0,0
278,000789,2018-03-13,0.03618711385701667,0.029126213592232997,0.19575042993652805,81760.0,258939.1209185258,3357,263115428,279621366,555981,818606,11667341,11735533,26253612,23883319,45626348,47975035,35397553,35275977,22055439,28078796,23822171,23327509,97736983,108526591
279,000790,2018-03-13,-0.007446808510638281,-0.0010638297872340718,0.17898494132063078,30555.0,224393.03542315422,2763,131900000,108961714,1601750,1689269,13683342,11515048,16293130,13401949,26907199,19419363,19033292,14046626,9880624,7071013,6379772,8302903,38120891,33515543
280,000791,2018-03-13,0.018005540166204925,0.024930747922437657,0.18686941570943724,14620.0,157727.15438380695,1494,32723620,32283626,1332553,1302964,7252203,6190343,5721097,6147510,4506268,6775076,3707530,2893159,2648368,3723962,1298894,864435,6256707,4386177
281,000792,2018-03-13,0.020194465220643387,0.03141361256544495,0.2409278961251996,70365.0,439724.4324953061,3084,327926413,391424199,997092,1106742,12372653,10498416,15201556,14690390,27751090,28985603,27151173,27271381,24394706,20097324,33811500,25827060,186246643,262947283
282,000795,2018-03-13,-0.016778523489932806,-0.006711409395973145,0.1416529470353399,12327.0,113998.48003743887,1773,38250828,30925596,1297496,1842450,7983196,7326590,5927198,6240889,8669835,5345428,3592452,2719003,3758622,1607388,0,1281950,7022029,4561898
283,000797,2018-03-13,-0.012903225806451757,-0.007526881720430145,0.3505888467017996,10241.0,57679.705359212065,703,13127308,8295339,897801,571156,3235900,2636004,2819562,1685475,1878305,1724638,2036288,793244,1738522,0,0,884822,520930,0
284,000798,2018-03-13,0.001179245283018826,0.017688679245283057,0.35286601734791545,8690.0,55176.65449289305,577,6402419,6933224,542530,638571,2430612,2249276,1447661,1195887,606327,1314719,0,513485,303450,303630,411509,0,660330,717656
285,000799,2018-03-13,-0.015510204081632617,-0.006938775510204165,0.5260698277605674,24480.0,126159.99850680359,2169,75760337,65389025,1548513,1449381,11139870,10179344,13234522,8906250,16157795,12811821,7445452,11532759,6601502,5010952,7158914,3533896,12473769,11964622
286,000800,2018-03-13,0.010909090909090757,0.029090909090909056,0.2559367173483415,32940.0,210796.12070109366,1848,88435318,98231699,972158,771179,7732372,8529582,9423390,9547147,14010784,16094810,12534336,9880155,9373543,7150355,9027184,6162140,25361551,40096331
287,000801,2018-03-13,-0.017973856209150374,0.006535947712418277,0.14887883173281222,16094.0,144524.80654857744,1693,50606716,53342854,1015119,1845182,6018513,7916531,6341195,6644517,6900908,10966812,6143700,5188579,5987969,7428208,3035400,2251791,15163912,11101234
288,000802,2018-03-13,-0.006578947368421018,0.0,0.3190473542100529,10971.0,58502.63970298592,1453,20509945,23194568,1122124,2060947,5623089,6302340,4848787,3935979,4465343,4777892,1667420,2372135,2783182,1358454,0,890313,0,1496508
289,000803,2018-03-13,-0.019607843137254943,-0.00793650793650802,1.6401338718674947,6448.0,147434.18460447894,170,2061403,3475371,100187,216283,838597,319075,360405,239138,560614,0,201600,0,0,0,0,0,0,2700875
290,000806,2018-03-13,0.024643320363164856,0.04669260700389111,0.13271222122417717,64404.5,655590.5333992894,3390,307453174,354690953,1029961,1577221,12124370,14989383,15868453,21955207,29708204,40949609,26675156,33411130,22614140,30966581,21563479,24626234,177869411,186215588
291,000807,2018-03-13,-0.002290950744558984,0.00572737686139746,0.15161561653760697,63144.0,387819.2685691238,3322,342878712,235753690,1580729,1215440,14028003,10329670,19226847,17913580,40742920,34634074,28307658,29384020,21610286,21971256,34751535,19427476,182630734,100878174
292,000809,2018-03-13,0.0,0.0028818443804032867,0.16985646552607384,15312.0,50796.809443782695,417,6972814,6646577,289736,243153,2527163,1738059,1462296,1320920,1846096,2154603,520859,457872,326664,318546,0,413424,0,0
293,000810,2018-03-13,0.09855072463768111,0.09855072463768111,0.2137685338991078,15160.0,265472.94148549694,1042,84239299,17553257,1652105,205365,5331753,1459001,6328320,1588416,9481090,2664130,6660352,1154187,5126754,1758586,3026694,910061,46632231,7813511
294,000811,2018-03-13,0.0,0.0090673575129534,0.25286170774834377,16359.0,88766.71054026534,932,20613579,21660865,599321,967569,3314556,5260243,3550489,4194469,3876480,4914108,3416634,1416654,2814962,1047928,877768,462540,2163369,3397354
295,000813,2018-03-13,-0.014789533560864543,-0.015927189988623303,0.22193020771635277,6104.0,45265.914539572506,1579,19011394,14313088,974010,4254257,4419512,3051611,7200516,2692221,4284121,1640244,1399581,223170,733654,705723,0,869041,0,876821
296,000815,2018-03-13,0.005200594353640398,0.010401188707280795,0.3434559190288795,15960.0,65423.43980334263,1536,27486437,29305615,1104237,1293640,7668446,7203624,6043594,6255308,6995977,6321576,2526466,3001135,1273750,2040212,401835,1289743,1472132,1900377
297,000816,2018-03-13,0.07317073170731736,0.07317073170731736,0.0691290634281891,86890.5,979269.2851301365,3554,516850273,568825999,576791,994699,10849203,15374877,18736111,29074640,38393862,49933337,33723221,43400463,20909497,37846826,21977862,27960831,371683726,364240326
298,000818,2018-03-13,-0.006379585326953596,0.0,0.32078806268483845,12590.0,113840.5993959197,1530,35422448,31647673,985277,1568832,6498254,6270582,5291736,5510963,6470024,6505997,3541650,4517111,1851210,1609864,3471641,405744,7312656,5258580
299,000819,2018-03-13,0.009960159362550014,0.02689243027888466,0.316551431915039,12258.0,73188.9965047034,1008,13946346,19675134,816295,682690,4150442,4831099,3368340,3738278,2622885,4066363,1430100,1202690,315676,2003194,404508,0,838100,3150820
300,000821,2018-03-13,-0.010077519379845024,-0.009302325581395432,0.32607823247836865,12870.0,110677.30458077259,1566,42525665,22116242,1451440,875731,10858139,5760563,6471970,3723619,5234174,3274631,3179860,1462399,1755290,730020,1334582,1817481,12240210,4471798
301,000822,2018-03-13,-0.009227220299884653,0.0011534025374855261,0.17531589110914392,17420.0,77049.37549829824,2449,61978785,44638859,1961191,1662864,14036253,9455529,10314873,9382232,13896274,10504024,7330570,6015917,6542486,3475822,3930408,1395569,3966730,2746902
302,000823,2018-03-13,-0.012844036697247763,0.0,0.23172883974625558,37992.5,162451.82401359692,2214,98082256,75949029,1049113,1167845,13616535,9178456,19870990,11021598,18519532,14299376,12069795,11893845,8360880,5016668,4523123,4473870,20072288,18897371
303,000825,2018-03-13,-0.017910447761193993,-0.010447761194029903,0.1181439355869751,50362.5,339988.3123676978,3226,274263248,217941124,934403,797186,16833384,12498554,24044489,16687789,35571198,29585223,24787829,22503482,18878806,19386933,15122452,14451782,138090687,102030175
304,000826,2018-03-13,-0.013953488372093092,-0.007641196013289053,0.7005482203844755,18000.0,126261.62253189743,1846,59312633,45116289,1319471,1380260,8587378,6944453,9115243,10456006,11984922,11780767,6883767,3948409,3838175,3389769,2708180,467064,14875497,6749561
305,000828,2018-03-13,-0.005474452554744547,0.0009124087591241281,0.4951858300870256,13152.0,60954.88191523585,489,10638459,5674789,565792,268225,2582710,1680887,2674971,1015523,2592795,1065629,955522,1238635,0,0,0,405890,1266669,0
306,000829,2018-03-13,0.027835051546391876,-0.012371134020618513,0.2625104247568295,15360.0,75720.4676076619,1366,32326121,22516098,1424466,1199561,6720469,5763878,6796799,5279909,7546309,4372642,5091297,2628403,390730,687598,1803521,896473,2552530,1687634
307,000830,2018-03-13,0.02490039840637448,0.0244023904382471,0.3362387944201701,234927.0,779251.5775099554,3569,822656504,862018209,251485,137809,6702971,6924648,16931981,16149320,41014124,44318009,45580253,51296554,55900151,47674039,53489197,43038378,602786342,652479452
308,000831,2018-03-13,-0.009009009009009028,-0.0045045045045044585,0.2764005658073738,15470.0,136720.13297195922,1613,57291170,29492479,1118856,1342675,7997210,7244930,7493768,5166572,8900253,7112743,5051760,2997636,3017916,986028,3138188,1249712,20573219,3392183
309,000833,2018-03-13,0.006230529595015577,0.009345794392523477,0.23951179903812056,11312.0,41156.20733280333,718,9178270,8185641,732299,633737,2950203,3338983,1997051,2026787,1925800,1507287,1212837,249349,360080,0,0,429498,0,0
310,000835,2018-03-13,-0.011249999999999982,-0.0012499999999999734,0.2897286275346863,11165.0,47997.637535619,762,10797882,9239000,916851,658620,3633554,3232250,2655144,1615837,1489728,2420312,202906,528925,1430475,376656,469224,406400,0,0
311,000836,2018-03-13,-0.016393442622950838,-0.007285974499089298,0.11773254365239198,20017.0,162407.43827076332,2180,76208424,59106044,1299174,1596560,8427823,11631474,10691866,10661577,11164667,12467594,7666670,7787863,5102240,4231815,4055641,1300379,27800343,9428782
312,000837,2018-03-13,-0.011844331641285955,-0.006768189509306244,0.1875710008608942,11660.0,130709.15812614639,993,27189160,14975433,870412,797452,3853394,3514997,3614772,2979978,5287011,2728779,2009867,2216607,1602402,0,1343167,423360,8608135,2314260
313,000838,2018-03-13,0.011049723756906271,0.0036832412523020164,0.1751002808027084,10250.5,116428.6167913125,962,20487046,11362326,881161,826673,4611454,3733874,1879416,1167382,1457854,2215441,880617,1366504,699790,966452,408562,0,9668192,1086000
314,000839,2018-03-13,0.011320754716980908,-0.0037735849056603765,0.15313485705235255,27166.0,224457.46360163292,2700,122480648,106413685,1834622,1565525,13609799,11124529,16445201,15076411,18623975,18775752,14893562,12417886,7247892,8253671,5854683,6823932,43970914,32375979
315,000848,2018-03-13,-0.014507772020725396,-0.007253886010362698,0.2718577498994614,4805.0,50777.59241570192,1260,12383963,7206527,2177734,1291564,3682766,2768031,2045647,1120157,989487,787502,0,449673,1053257,386400,0,403200,2435072,0
316,000850,2018-03-13,-0.006849315068493178,-0.004566210045662045,0.25128883652166345,6540.0,57208.42623138232,303,4483536,2751006,431335,376317,898515,754479,822920,413075,1130990,759363,455492,447772,0,0,0,0,744284,0
317,000851,2018-03-13,-0.007134363852556502,0.007134363852556502,0.21948368065811846,19228.0,97358.14203623187,1469,29001901,37603998,1270755,1132312,7614890,7601180,6516297,7266062,5498318,6831854,2695036,2652220,1895200,3717190,415500,1860560,3095905,6542620
318,000852,2018-03-13,-0.019340159271899915,-0.00455062571103515,0.21767063779590276,16824.5,73188.11037455792,1632,37392010,29680551,1358303,1600384,7665616,7006820,8108819,6988119,9638574,7597973,3195969,1241324,3511138,1684530,1881331,887771,2032260,2673630
319,000856,2018-03-13,-0.028046421663442844,-0.013539651837524258,0.3804141034540796,37260.0,152666.01802124153,2956,143454401,97864940,1164504,1070388,16290749,14892032,19145925,16970805,32071340,22070822,25931251,11858947,10659592,6374337,7924336,7622222,30266704,17005387
320,000858,2018-03-13,-0.021379853095487844,-0.016789087093389332,1.2841051145627504,195259.0,682575.044978726,3525,698620892,590849162,288596,243478,5766662,6342743,18594544,19283313,49988088,51646967,52469913,54580392,51047154,46789903,41839403,46196142,478626532,365766224
321,000859,2018-03-13,0.002564102564102555,0.00512820512820511,0.1829190217307527,3930.0,32686.654955955753,454,4109447,2937685,470363,345546,1442261,1406248,892106,485001,991917,394346,0,0,312800,306544,0,0,0,0
322,000860,2018-03-13,0.007440476190476053,0.016865079365079305,0.5265765878481284,18369.0,242351.4447470255,1466,33486694,62060791,939356,890723,8265421,6909699,4405317,5049409,5215590,5846182,3682296,5100267,1378522,2997022,1681598,4562497,7918594,30704992
323,000861,2018-03-13,-0.009966777408637828,0.0,0.13224384768268707,2990.0,41833.80201309944,518,4253797,3639340,554593,404049,1268221,1115940,740996,857475,735610,527350,549830,218826,0,0,404547,0,0,515700
324,000862,2018-03-13,0.032098765432098775,0.0345679012345681,0.12357885041322622,10300.0,105759.41933985126,1076,13914910,23013986,986747,925299,4246055,4992982,2746496,4029840,2268897,3455761,1209784,1364646,687385,2402246,405999,907960,1363547,4935252
325,000863,2018-03-13,0.0039447731755424265,0.009861932938856066,0.21845211783607782,4599.0,34943.13563434698,538,2502177,6932367,201799,694910,1266714,1700702,629610,1404187,404054,2404241,0,728327,0,0,0,0,0,0
326,000868,2018-03-13,0.05673758865248235,0.09361702127659566,0.1318051932933836,43020.5,378405.21760133305,2870,209106827,262758986,1423819,1491962,11703807,10937542,14959905,11913703,26999329,24664575,20609408,23544443,20722001,16676546,14645755,17408462,98042803,156121753
327,000869,2018-03-13,-0.012951969778737249,-0.0021586616297897265,1.31373980008653,14740.0,47213.51456867013,795,13066241,10155604,734735,649993,4591349,3121167,2670680,3577402,2684659,1948910,1621207,440484,763611,0,0,417648,0,0
328,000875,2018-03-13,-0.005934718100890191,-0.005934718100890191,0.10807527381953935,6700.0,90628.3371301208,974,17984338,6987412,1437865,489133,4178192,2211509,2708716,1353844,2674992,1163094,1791894,215096,0,636836,425182,415400,4767497,502500
329,000876,2018-03-13,-0.005181347150259086,0.0,0.14929476382634552,10766.0,93915.68834596306,2678,41308084,58508314,1241842,5326954,8130234,14287343,6268629,8352141,7049537,8016629,3560752,5822370,3183741,3211718,3980497,2333682,7892852,11157477
330,000877,2018-03-13,0.035778175313059046,0.03488372093023262,0.2029243679619106,47191.0,258226.92899628376,3039,170378810,199633249,1072085,910273,14129052,12601195,18024523,15331056,30709857,32690428,21325625,28571400,20837043,22306469,12651150,15917089,51629475,71305339
331,000878,2018-03-13,-0.01579778830963663,-0.008688783570300118,0.301437234574675,25040.0,179250.3970628179,1764,84115933,48357565,935543,1151490,7599401,7908450,8723853,7663681,14510705,10068266,11152412,7800385,12341434,7608748,4792021,2684489,24060564,3472056
332,000880,2018-03-13,0.008620689655172376,0.01724137931034475,0.428558472022023,9275.0,92135.24860320035,468,5190349,13096129,534595,475901,1466744,1852305,1090192,1362268,540133,3200011,796731,2615398,761954,676110,0,427700,0,2486436
333,000881,2018-03-13,-0.006349206349206327,0.0023809523809523725,0.40558612038590847,12770.0,76489.44642440812,965,16471483,14950258,573079,782426,5937804,4299390,3477886,2966173,2272540,2817676,782093,727470,332169,1011035,876212,401636,2219700,1944452
334,000882,2018-03-13,-0.015243902439024293,-0.0030487804878047697,0.08273310887981354,11718.0,152219.65207884286,1580,42589498,37179413,1189739,1294106,6833135,5810515,5513992,4351322,7093015,6274618,4840693,2275969,1752426,3399191,3191554,926858,12174944,12846834
335,000883,2018-03-13,-0.010799136069114423,-0.006479481641468721,0.1140615821988216,4610.0,56685.07433101796,1651,21646479,10155487,2414234,598760,7316517,2552020,3734879,1476439,3263485,910217,1911873,1067014,973981,984010,414900,946218,1616610,1620809
336,000885,2018-03-13,-0.0006353240152477957,0.008259212198221011,0.3352424777741632,26826.0,97722.33245003532,2205,62069898,66050549,1162582,1722569,12136597,12614902,12273948,10083655,13592497,15849215,10503268,12587330,3547109,5424598,2293623,1348747,6560274,6419533
337,000886,2018-03-13,0.00454545454545463,0.0060606060606061,0.16092137170857965,14652.0,187910.16689444383,1685,59929849,57573843,1115501,1544196,6117196,7102235,5530207,7785751,7006740,8029257,6321825,5352848,5742159,3051882,3630363,1744187,24465858,22963487
338,000887,2018-03-13,0.0033879164313945775,0.020892151326933783,0.48975926094101274,17740.0,126081.73341295775,1308,30740270,40548178,936368,981861,4818433,7250310,5852744,5031776,6745698,6611212,2226679,5118296,5400242,3918150,0,1811709,4760106,9824864
339,000888,2018-03-13,0.0,0.0030090270812437314,0.2920526190024752,11000.0,62870.47511206764,1165,20485903,17141051,628118,1471438,6943055,4765499,5062407,2707105,4144999,3259516,753277,1351986,1356391,1714807,920980,414350,676676,1456350
340,000889,2018-03-13,0.0014503263234229014,0.009427121102248082,0.4199938750805048,12640.5,81778.99557798513,1078,17208540,25752976,771830,1550595,3809702,4530490,3720454,3862654,3570875,5606282,2228783,3655644,1326686,2709190,818366,957236,961844,2880885
341,000890,2018-03-13,0.10077519379844957,0.10077519379844957,0.19635759835459773,15226.0,230877.77019643746,1081,38599900,35523765,1146269,582768,5559494,3336339,4272379,4036883,6090009,5459792,2677214,4198197,2154050,2446204,3949934,1360913,12750551,14102669
342,000892,2018-03-13,-0.004962779156327701,-0.007444168734491385,0.259692167431336,2406.0,41411.61255460834,963,9544352,6236248,400356,1632172,2356797,1867291,1908429,916993,1682594,1478140,1391933,0,1402346,341652,401897,0,0,0
343,000893,2018-03-13,0.07269503546099298,0.0585106382978724,0.1259421469217808,21060.0,105823.8187325338,2012,48212364,62204367,1206178,1625222,8472058,10275136,8598763,11595437,10632943,11353667,3937989,6630259,4886390,5419448,2611867,3069884,7866176,12235314
344,000895,2018-03-13,-0.01684210526315788,-0.009122807017543866,0.6173162346715998,14160.0,120939.2608320017,2132,58178122,44390675,2441760,1106835,11803001,6112985,9983320,5304141,13438585,16335602,4245596,3664630,3123398,1604863,4008108,1844328,9134354,8417291
345,000897,2018-03-13,-0.014792899408283988,-0.002958579881656709,0.10773148313122607,3370.0,61569.39477696694,987,12014395,8795679,744978,1172865,3043771,2061460,1579628,852104,2292355,1737881,1144659,742874,1030716,1398127,479472,830368,1698816,0
346,000898,2018-03-13,0.0045045045045044585,0.009009009009008917,0.12713832206750436,27470.0,308939.0508390466,2751,126118538,174696188,1650635,1833623,13889504,11376781,10502216,14174968,19060457,23231946,12992747,17844773,8389175,13565676,8403296,10615260,51230508,82053161
347,000899,2018-03-13,-0.0019230769230769162,0.0019230769230769162,0.2587886695102335,4671.0,45411.601180628495,403,5409277,2252882,582848,259106,1036457,787796,842611,512115,1261817,444745,1170612,249120,0,0,0,0,514932,0
348,000901,2018-03-13,-0.017461066540821135,-0.003775365738555969,0.511940639363517,23187.0,109824.25856240548,1713,49256637,47740135,1000522,784237,11079541,8522750,7555933,6668669,9644455,10113478,7281657,4400265,3814135,3430275,2263035,3223627,6617359,10596834
349,000902,2018-03-13,-0.03122043519394513,-0.021759697256386046,0.27962724276119516,8384.0,96871.10495172588,1431,30814447,26785223,1750771,1728102,5177555,3539725,4965593,3773479,6334029,4140262,4748278,3741390,3096894,2047482,2722855,2234413,2018472,5580370
350,000903,2018-03-13,-0.012461059190031154,-0.006230529595015577,0.11123946581358977,9570.0,61296.420481386216,834,13604556,9074146,789519,870042,3906295,2468821,2616310,1728117,2960280,1608090,709406,517211,1978366,0,0,0,644380,1881865
351,000905,2018-03-13,0.021739130434782705,-0.00472589792060496,0.36841522289054357,15617.5,87835.89136355196,824,24735231,11207640,595391,633414,3939718,3438830,3183956,3292320,4845077,2250930,5228307,687591,1335377,350155,1251771,0,4355634,554400
352,000906,2018-03-13,-0.018248175182481785,-0.014598540145985495,0.35885257683539684,12983.5,97771.56977291992,524,10175726,7021638,525320,510246,2531607,2318764,1789563,1383534,3129149,1368669,715860,231176,307829,0,464940,0,711458,1209249
353,000908,2018-03-13,0.0,0.008756567425569184,0.1952755096642794,4612.0,74525.50792074748,856,10146601,12128246,1011458,418711,2377594,1912732,2257995,2268301,2110411,2286699,1812567,2163127,0,317350,0,443326,576576,2318000
354,000909,2018-03-13,-0.008814887365328317,-0.004897159647404559,0.43236453916474066,12143.0,45667.157050310816,557,8400448,5894814,408702,421484,2476882,2596312,1753052,1779199,2068207,588419,713067,203400,0,306000,473538,0,507000,0
355,000910,2018-03-13,0.010393131495707308,0.007230004518752775,0.46956780490147615,11165.0,107729.09835991106,2222,60544429,40349311,4498528,1106362,9981400,6650731,8869024,6492799,13958064,7373429,6902446,5172159,3128514,2309341,1362407,3650580,11844046,7593910
356,000911,2018-03-13,-0.012484394506866336,-0.004993757802746579,0.24316491415544692,8000.0,59520.98889892047,1085,18185859,10114564,1294369,1036891,4943723,3079825,3782375,2643629,3606907,1326843,1639640,714012,1187217,0,495285,0,1236343,1313364
357,000913,2018-03-13,0.0044969083754919925,0.011242270938729648,0.5922179151389371,17720.0,77606.10823268279,902,20091527,17146454,737583,753851,4935606,4531519,4844133,2289843,4557448,3281243,1476420,1788319,362379,947701,1335556,1809000,1842402,1744978
358,000915,2018-03-13,-0.018788343558282183,0.007285276073619729,0.5972547283080776,25710.0,255912.2928117663,1908,81790742,94131371,1413613,786120,9582441,7392618,9040278,6533051,12929450,10823870,8377212,8158072,3208120,5845973,5896093,4278219,31343535,50313448
359,000917,2018-03-13,-0.01717791411042957,-0.004907975460122782,0.2140749786970951,22624.0,192946.24309362168,1450,62189802,49599764,1203647,973131,8787943,5270133,8571179,5415395,11731073,7410643,5723066,3795184,4507020,4447326,5646860,3184709,16019014,19103243
360,000918,2018-03-13,-0.015256588072122046,-0.006934812760055475,0.22564476956448168,7240.0,58711.752527808116,1021,18265935,10914862,814779,949855,4241561,3107452,4546381,2566804,3579568,3078862,1679370,423891,973334,366630,424710,421368,2006232,0
361,000919,2018-03-13,0.0011904761904761862,0.0023809523809523725,0.38426867083451177,8410.0,50301.37873010021,477,7472782,5447803,518949,539214,1616211,2073276,1444918,1296034,1949294,657263,1112250,544816,326820,337200,0,0,504340,0
362,000920,2018-03-13,-0.0069044879171460405,0.0011507479861909697,0.3197865968309552,8665.0,47000.47443541093,738,7974547,8343060,958767,549861,3323649,2513397,1695911,2214103,1194749,604145,469620,975008,331851,359676,0,0,0,1126870
363,000921,2018-03-13,-0.01753104455807164,-0.008035062089116085,0.2990181493095818,10928.0,93658.27705756138,2097,36328785,29889050,1098995,4590784,8360867,9944778,6637304,4492203,5696286,4289649,4096591,1401352,1402241,1752856,1418894,2182100,7617607,1235328
364,000922,2018-03-13,0.005625879043600568,0.00421940928270037,0.2647587895593589,10770.0,58500.437981873365,721,12707374,10558834,502023,646109,2772478,2657031,2949562,2842863,4015704,1271397,927819,2109630,0,1031804,943720,0,596068,0
365,000923,2018-03-13,-0.03116883116883129,-0.013419913419913554,0.545350668197585,20673.0,62344.59403080761,1794,43368693,28627548,1127788,1283321,10386906,9254851,10715613,7669031,10122726,6406020,4945352,1507621,2430534,739845,1365796,486705,2273978,1280154
366,000925,2018-03-13,0.014950166112956964,0.01744186046511631,0.4126247464220622,10818.0,47651.19662686718,851,9146904,10506699,656217,851216,3863045,3392381,2167492,2218710,1675000,1430171,0,798270,302750,732409,482400,412920,0,670622
367,000926,2018-03-13,-0.0009310986964617962,0.0027932960893854997,0.2619742662341451,7511.0,81471.21786135383,1681,29509033,22150793,1642656,2375393,4686742,4217446,3717615,2382951,5555573,4015373,3766695,3023250,3105142,666790,3111646,1753281,3922964,3716309
368,000927,2018-03-13,0.016431924882629234,0.03521126760563398,0.12895919011940907,12236.0,95098.04530591588,1093,18126077,28537293,708088,1094110,4085106,5358129,2392650,5477230,3404777,5396805,1623695,2114646,359544,2693604,2187109,3133189,3365108,3269580
369,000928,2018-03-13,0.04404567699836881,0.029363784665578985,0.14432654434492526,19530.0,127196.27807909243,1806,48305186,70842408,1040826,1661465,5944353,9026204,7625271,10564932,8301316,13802547,7629020,7942446,4187205,4605740,3011597,5012413,10565598,18226661
370,000929,2018-03-13,-0.017797552836484987,-0.0011123470522802492,0.29296347040066956,10686.0,52768.995040933645,942,11423139,11987555,1003618,978599,3907713,4170194,3042250,2102462,1614749,1464245,955735,824512,352000,688145,0,441500,547074,1317898
371,000931,2018-03-13,-0.009022556390977488,-0.00300751879699257,0.2654405423093689,10592.0,81344.61251985068,627,13267936,6186941,627105,685012,2753649,2618496,2438347,1444542,1958229,616332,1463139,207168,659826,0,0,0,3367641,615391
372,000932,2018-03-13,-0.01650165016501659,0.004400440044004528,0.17549066004750083,47346.0,207241.03017747143,2686,160483972,147579428,1184501,1145022,13423211,9891720,17928328,15738063,29577629,27873675,17736300,30734079,16654241,14647414,10377364,9533735,53602398,38015720
373,000933,2018-03-13,0.0011695906432749315,0.005847953216374213,0.15013427464266801,55104.0,304035.41120661044,3249,243410597,232514707,1277391,1091683,14434872,13979031,20412129,20343335,32470614,37079643,29352342,28472847,22674620,22602391,22884361,16033118,99904268,92912659
374,000935,2018-03-13,-0.0016519823788546661,0.0033039647577091102,0.38117830208418,25557.0,107932.27688300563,2270,65166495,67165264,1445601,1710052,10927177,12952283,11451369,13121961,14551159,13256765,7024164,7279456,5611350,5981333,3138689,3977781,11016986,8885633
375,000936,2018-03-13,0.0395778364116095,0.0699208443271766,0.1374209289576354,42468.0,390413.4639628294,3060,194066225,262093561,1423509,1712708,12615057,13260015,16331925,16484258,26125111,25877512,19476530,18669897,21185715,15423031,9954790,16462392,86953588,154203748
376,000937,2018-03-13,-0.01058201058201047,-0.007054673721340388,0.12924786349263917,6744.0,115106.37176527893,1928,45524683,25693269,1654679,1163660,8108051,4448602,5482133,4576021,7719146,4666113,3800104,4492941,3007895,1343947,2305743,1857101,13446932,3144884
377,000938,2018-03-13,0.02052785923753664,0.035190615835777095,1.3328125533953379,71145.0,396745.56847058155,2620,210284639,266881889,921223,1060409,10569577,9334599,14718178,15776504,31254050,31519841,21272129,22657308,18738848,26082104,13919997,23217443,98890637,137233681
378,000948,2018-03-13,0.0,0.0,0.7951327433628319,10782.0,736874.0317939937,226,18670984,0,476576,0,1739496,0,886520,0,934440,0,251580,0,1088982,0,0,0,13293390,0
379,000949,2018-03-13,0.0049261083743843415,0.0024630541871923928,0.22528016689671698,8180.0,55207.045984655364,324,3626759,4300675,324756,318944,1127898,1820157,463022,937611,541031,237864,435652,986099,0,0,0,0,734400,0
380,000951,2018-03-13,-0.012923076923076926,-0.005538461538461492,0.4195533362464844,11294.5,71110.1935531951,1500,30928665,20096101,1914969,1643307,6577274,6215535,5118215,4349940,6885052,3094747,3082162,3233799,2310958,0,1329512,874719,3710523,684054
381,000952,2018-03-13,0.02882483370288247,0.04286770140428686,0.4008821533297625,13920.0,109079.38887507428,1139,16161110,33218475,1353184,937212,4351897,5218606,3113238,5964182,4254836,6376890,749600,3411530,761379,346675,0,3148490,1576976,7814890
382,000953,2018-03-13,0.014175257731958713,0.019329896907216648,0.2732686806365355,12520.0,54024.9317380929,806,10164678,11793751,801015,732173,3942518,4108734,2825813,3133580,1312707,1223861,238700,754090,0,1058313,461125,0,582800,783000
383,000955,2018-03-13,-0.0014880952380952328,0.0,0.26266264935857675,7370.0,66226.14101867542,654,11351661,7219825,430622,838859,2577003,1939319,2320721,1402712,2138810,1432765,926700,205690,2054819,0,402069,458280,500917,942200
384,000957,2018-03-13,0.1034126163391933,0.1034126163391933,0.24453065574040336,10670.0,392515.9294114403,1565,72780918,35898051,1683087,950477,8043686,2496944,8942984,2974779,10031691,3035358,6041112,2506180,4167796,3833385,3524250,2170575,30346312,17930353
385,000958,2018-03-13,-0.026639344262295084,-0.018442622950819665,0.12215428932234555,9700.0,80507.23560711408,1599,33224502,19370615,1686160,1666794,8199094,5246313,5568444,3768992,6379335,2654273,2816550,1489825,2494032,663356,970948,1376987,5109939,2504075
386,000959,2018-03-13,-0.012389380530973493,-0.0070796460176991705,0.13776825073237467,7293.0,33519.713747682144,1686,14534603,11884558,2276800,1462974,4603495,5580921,1761546,1731191,4078779,1918837,752122,509269,1061861,681366,0,0,0,0
387,000960,2018-03-13,-0.023225806451612874,-0.016129032258064502,0.2930937906079338,48672.0,281509.0648998506,2799,230402996,148193990,1240042,1204995,11209667,11482676,18948522,13746187,34001510,26966397,24929517,16340948,18946563,15370183,12156160,12500574,108971015,50582030
388,000961,2018-03-13,0.03142857142857136,0.03571428571428581,0.1434718669651094,17750.0,190422.56670655234,2385,76608106,105783122,1568058,2133624,9347394,9799304,10911557,9634818,15036172,12583494,10339575,10049309,6454248,11658355,7607554,4142726,15343548,45781492
389,000965,2018-03-13,-0.015845070422535135,-0.008802816901408383,0.19821583090897882,12926.0,85017.74138235614,821,23076034,9559362,730338,563754,4156442,2688094,3843441,2059191,5579007,2577031,2428028,1263362,1787819,0,1336407,407930,3214552,0
390,000966,2018-03-13,0.0028985507246375164,0.0028985507246375164,0.1630883285271242,3460.0,58006.43853681636,447,4767226,3402337,489766,322520,1344475,1335171,602084,616904,833389,566184,276000,0,345000,0,0,0,876512,561558
391,000967,2018-03-13,-0.004854368932038944,0.0,0.3302046521983187,12352.5,73307.9483593301,622,11811044,8734190,648131,546450,3099564,2465206,3022643,2194372,1844773,1476438,225775,0,991723,710662,448139,0,1530296,1341062
392,000968,2018-03-13,-0.031205673758865182,-0.03546099290780147,0.36086297895583264,15240.5,101997.10304431886,1528,43751057,26274568,789110,1352795,7601454,6928747,7538234,4633054,6281515,4422793,5728701,1678619,3815024,1748020,4090623,1684164,7906396,3826376
393,000969,2018-03-13,-0.0146520146520146,-0.004884004884004756,0.2518091792776837,8130.0,58608.4095976079,1058,14321093,11826869,998679,1104308,4355797,3901646,2481092,2751490,2989548,3377861,752703,200165,351265,0,0,491399,2392009,0
394,000970,2018-03-13,-0.010662604722010749,-0.005331302361005319,0.25566915678608376,38760.0,217415.8564357524,2639,154773036,115968281,984240,1362245,10612810,12113099,17028928,15904451,27204158,22236334,16675467,13440614,10125311,11925643,9573492,8003978,62568630,30981917
395,000971,2018-03-13,-0.00860719874804372,0.007042253521126751,0.30615112587886034,16432.0,77226.64669928476,1744,32978055,36788290,962286,1616862,6773201,9985349,6303944,8374316,8082858,8508248,4789943,4055745,2637402,1053843,459264,442400,2969157,2751527
396,000972,2018-03-13,0.016129032258064502,0.021505376344086002,0.1584360560409408,10788.0,70462.32118217958,551,9195171,10214921,380859,597120,1918051,2291256,1096517,3002766,2338447,1752333,451876,1218019,1479199,395200,469098,426227,1061124,532000
397,000973,2018-03-13,0.020332717190387983,0.005545286506469571,0.16430309407103372,10740.0,81720.31922572738,1085,18431304,18902235,877254,914011,4025191,4360846,3322633,2692841,3569827,3971799,2765729,2121309,973836,697808,433350,859875,2463484,3283746
