,code,date,pchange_whole,pchange,change_std,amount_median,amount_std,length,sumsell,sumbuy,sell_vol_0,buy_vol_0,sell_vol_1,buy_vol_1,sell_vol_2,buy_vol_2,sell_vol_3,buy_vol_3,sell_vol_4,buy_vol_4,sell_vol_5,buy_vol_5,sell_vol_6,buy_vol_6,sell_vol_7,buy_vol_7
0,000001,2018-01-25,-0.01730103806228378,-0.00692041522491349,0.2418231230199349,304069.5,1385398.3167505919,3574,1292062728,1378023001,126257,199551,3289618,5033229,13118163,16575631,40903327,50890637,46756531,50671527,43462496,53226382,36756159,45382193,1107650177,1156043851
1,000002,2018-01-25,-0.02237354085603105,-0.01629377431906598,0.6889878163713425,286452.0,958181.275136179,3564,1123842838,990296464,251708,175215,4953795,3955435,12957606,12397877,45818771,36365373,56416333,50592635,40217029,46473761,44939958,48477970,918287638,791858198
2,000004,2018-01-25,-0.01493888637392482,-0.010411951109099205,1.1598682362967088,10935.0,49421.529086825474,362,5208664,3508429,321712,296081,1866679,1522657,870318,613945,671964,854556,474581,221190,0,0,436200,0,567210,0
3,000005,2018-01-25,0.0023809523809523725,0.011904761904761862,0.16435236118588073,6390.0,51560.57039851866,653,7299629,7178471,711208,673835,2336135,1723043,1357064,1579610,642219,745150,1109250,880696,723753,684087,420000,892050,0,0
4,000008,2018-01-25,-0.007211538461538547,-0.009615384615384581,0.2880235052558157,6632.0,58828.53937599088,834,11925714,8838174,833181,1405158,2529269,2256004,3042127,1281359,2329944,1093088,1974000,941498,357658,383518,859535,0,0,1477549
5,000009,2018-01-25,0.014814814814814836,0.01925925925925931,0.15761087105777352,16416.0,186035.8617301251,1836,51164790,77249902,1363024,1905629,6571460,9124703,7387464,7756411,8136580,10231928,4428449,6953627,5840831,6550141,1734650,5060959,15702332,29666504
6,000010,2018-01-25,-0.0037523452157599557,0.0018761726078799779,0.17535844231506992,9078.0,58280.85787364039,924,13393991,11133281,814589,955784,4174652,3695141,2000082,2267371,2277605,1842125,941911,2024692,696998,348168,0,0,2488154,0
7,000011,2018-01-25,0.005084745762711895,0.00395480225988698,0.48328729574019935,17720.0,92131.83587987216,1341,33834735,24222767,1043487,1141762,6620785,6498479,6608158,4477309,7679216,4932584,3809887,3869249,1677564,1046944,1866635,0,4529003,2256440
8,000012,2018-01-25,-0.01318681318681314,-0.003296703296703174,0.20693579106242638,18120.0,152291.8218273273,1935,75505623,52613023,1818430,1581341,7767900,8004347,10463085,8468583,13182071,8994665,9174626,7248828,3196954,4691057,5459089,3583212,24443468,10040990
9,000014,2018-01-25,-0.03149001536098317,-0.019969278033794113,0.306911909484857,19050.0,129988.05870814479,1802,50272242,39526534,992954,1459915,8695267,9088861,8342138,8173247,11143126,10323619,4755763,1595913,2708070,1609683,466200,1397289,13168724,5878007
10,000016,2018-01-25,0.02384291725105192,0.011220196353436185,0.16824206979015857,21420.0,220324.50507732242,1799,66551914,80973789,1293867,1299849,10012760,6506971,7592227,7635994,9962690,9451222,7071903,7247119,4136630,5292996,4511805,3130346,21970032,40409292
11,000017,2018-01-25,0.0049423393739702615,0.008237232289950658,0.2715403293532273,6743.0,48638.3965939732,499,6497131,5817229,434482,582830,1583395,1499181,1777504,1135837,2161520,668411,540230,269010,0,1661960,0,0,0,0
12,000018,2018-01-25,0.0,0.0032102728731941976,0.1714495566956491,2504.0,38833.67813511603,1321,7986357,11546783,530967,1894653,2979956,3393135,1385131,2319831,1913505,1519245,0,799205,663246,306114,0,1314600,513552,0
13,000020,2018-01-25,-0.008421052631578885,-0.0028070175438595912,0.7189926830756531,7135.0,47569.38893489177,392,4222293,4013950,328117,505067,1051403,1564939,972992,676512,832956,582092,486124,287800,0,397540,0,0,550701,0
14,000021,2018-01-25,0.0,0.0071721311475410054,0.19185881185157255,30380.0,160143.26357926425,2590,110316031,98004187,1511298,1666815,11879999,12899409,16425693,14118777,23619534,19861846,14698531,15110050,6230987,4164365,4946311,4675196,31003678,25507729
15,000023,2018-01-25,-0.015196078431372495,-0.008333333333333193,0.8717285386331542,6042.0,64960.93549127773,547,6781772,5771320,214099,892467,1630341,1884392,646571,1134882,476612,1134914,1478300,724665,300831,0,0,0,2035018,0
16,000025,2018-01-25,0.007107133456172532,0.007896814951302789,1.095419278943994,11481.0,50408.0314795476,1202,14477847,18695055,1127888,1307413,6051994,6271241,2952860,3526867,3045402,3641098,278714,1427577,1020989,1124963,0,0,0,1395896
17,000026,2018-01-25,0.012081784386617223,0.013011152416356975,0.4515332659044379,10900.0,61466.04658064975,567,6967170,10279647,370411,477513,2511797,2586431,1383131,2477454,1216619,2188273,831296,823778,653916,325500,0,0,0,1400698
18,000027,2018-01-25,0.0,0.004830917874396157,0.16635085722746418,6842.0,107664.18935570792,1395,20275800,28029430,1567276,1883695,4259460,3953146,3581724,2851502,4044321,3437035,956544,1373552,1691604,2918118,453648,1844315,3721223,9768067
19,000028,2018-01-25,0.002753036437247003,0.01165991902833996,1.9843407607980676,12489.0,52748.16495182247,968,11854621,14470673,474191,1759863,3236743,4826631,2661086,3928687,1874539,1869095,1046590,1176540,672785,303898,1371680,0,517007,605959
20,000030,2018-01-25,-0.004848484848484769,0.00242424242424244,0.3033795929168859,8300.0,61385.036747578175,739,12077087,10734291,469489,1092484,3238428,2830692,3323012,2182751,1991163,2244228,725608,1398239,711099,0,404584,415000,1213704,570897
21,000032,2018-01-25,-0.0071721311475410054,0.0051229508196721785,0.3536961582144488,9750.0,45371.52141116396,761,10325175,6977964,874924,917344,3749929,3217654,2088907,1637228,1570224,643562,708758,0,675804,0,0,0,656629,562176
22,000036,2018-01-25,0.03293413173652704,0.001996007984031989,0.22050392134565203,32818.5,172444.79270814193,2066,102471810,77279982,1184404,1478215,8800511,11109365,11394465,12730222,18974414,15858840,11696051,7988732,12941833,7618270,5333303,3039271,32146829,17457067
23,000037,2018-01-25,0.008915304606240682,0.010401188707280795,0.31571173274563363,8190.0,55007.77056347862,454,7851337,5481758,356957,352448,1562051,1585807,1810934,1066739,1982606,1398901,405378,737863,1324211,340000,409200,0,0,0
24,000038,2018-01-25,-0.021361152508693526,-0.007948335817188235,0.6546891410373157,15904.0,64716.89281578591,945,16736209,13162496,815902,884518,4735936,4491328,3510216,3321171,3358904,3410741,1021407,655738,748044,399000,0,0,2545800,0
25,000039,2018-01-25,0.011353315168028955,0.015440508628519423,0.4257913433329934,40194.0,164987.64665043098,2676,105997608,132551586,944741,1290390,11243029,12503787,11230166,13540292,31633835,38367704,14487567,17800719,8919831,10237487,7640829,8572159,19897610,30239048
26,000040,2018-01-25,-0.003074558032282848,-0.002305918524212136,0.5361675363667056,2612.0,114216.12080722503,588,12266017,6545370,272737,807358,1120147,1852345,928512,567375,1087321,586157,1978585,483562,651300,325250,0,482671,6227415,1440652
27,000042,2018-01-25,0.0,0.0,0.835211613835647,8460.0,61317.111693135885,412,6647015,4108217,375121,439186,1678599,1136599,880734,1556154,855757,756188,222176,220090,1025068,0,422250,0,1187310,0
28,000043,2018-01-25,-0.012695312500000111,-0.0146484375,0.36852560126928374,11264.0,211447.25177793784,773,34138602,12890763,442030,576094,2536289,3276971,2868222,2451159,2183675,2932215,1248469,1214762,612300,398830,400925,0,23846692,2040732
29,000045,2018-01-25,-0.0020682523267838704,0.006204756980351611,0.3868569532242787,9730.0,36622.41507227964,624,8018000,6460112,798236,869888,2634227,2577999,1862922,1257215,2221012,1280412,501603,474598,0,0,0,0,0,0
30,000048,2018-01-25,-0.015850144092219076,-0.01777137367915471,1.612184419163492,9488.5,35473.430681751524,166,2097962,1299561,144806,123936,705283,389117,402100,229912,641273,556596,204500,0,0,0,0,0,0,0
31,000049,2018-01-25,-0.002152273338713928,0.004304546677427856,0.8251415023394489,26257.0,149689.89049377758,2029,73901627,63966935,842161,1309545,7650047,13927843,8644511,11684245,12528483,15820345,7394120,8400039,5546553,4068506,5246960,3993564,26048792,4762848
32,000050,2018-01-25,-0.007948335817188235,-0.003477396920019915,0.378654860950995,34357.0,232348.75143837868,2827,175953746,106726379,1743173,874255,15366669,11856491,15611624,13082021,29405641,22450032,22811454,14163832,13534659,8483666,13713724,6277761,63766802,29538321
33,000055,2018-01-25,0.07969151670951158,0.08997429305912608,0.13834669603167948,68445.0,1471578.043327221,3186,423418796,375525979,1439299,863862,11602767,9944922,17180474,16635920,33842478,34678869,30862767,27933867,28263026,20111208,29518445,26153146,270709540,239204185
34,000058,2018-01-25,-0.0013262599469495706,0.0053050397877985045,0.26053284788627495,9789.0,51737.5958262082,837,11235468,11013037,1000536,859789,3766836,2887117,2307745,2564885,1717516,2278968,1461751,676847,316844,1745431,0,0,664240,0
35,000059,2018-01-25,0.022620169651272448,0.029217719132893505,0.19584132130184295,54025.0,336122.4247198866,2940,186903483,234545040,1310369,756449,14824918,9965122,18507871,17235772,32162160,33876532,22511134,26611634,18127464,16678345,11536941,9366735,67922626,120054451
36,000060,2018-01-25,0.016337059329320613,0.012037833190025715,0.20588154723752822,88125.0,580978.9820350104,3195,385813137,386470566,621882,508802,14784505,8261516,27311760,18981201,42176251,37421151,32985562,29458593,26497062,31363731,25645049,27435582,215791066,233039990
37,000061,2018-01-25,-0.00747198007471972,-0.00747198007471972,0.006729081651961596,10426.0,84116.0537232111,183,4180845,2203807,127051,199308,1249823,418071,371871,245559,964867,323779,206114,244000,0,325973,0,447117,1261119,0
38,000062,2018-01-25,-0.009795570698466816,-0.00042589437819429143,0.7533198802900228,16520.0,82555.06870545812,971,22140333,20149511,621030,891631,4783948,4254184,3983210,3779091,5621843,3368580,2734745,1786553,1342554,2424649,1815368,930928,1237635,2713895
39,000063,2018-01-25,-0.02382241472658353,-0.012723335138061675,0.6209640460951936,251367.0,1021441.995403282,3539,1011004226,882042021,145600,152960,4740163,6395654,12232301,19087715,36755447,57162549,35891526,50860923,42267892,56732621,38882443,52058850,840088854,639590749
40,000065,2018-01-25,-0.008800880088008833,0.0038503850385038785,0.4727261189213183,14600.0,61105.60089178159,1479,20796446,23738364,1287449,1323681,6715331,7380307,5401917,5658556,3785633,3603450,990876,1845671,1076757,1482328,442860,0,1095623,2444371
41,000066,2018-01-25,-0.001404494382022392,0.00983146067415741,0.1520478890066931,26603.0,165825.58794292447,2196,88859574,80528877,1375765,1324432,10479954,11608297,11778227,12251739,14602981,15034787,9435067,8724112,8976693,5590290,4432222,5817814,27778665,20177406
42,000068,2018-01-25,-0.013157894736842146,-0.007518796992481258,0.19042140822007758,3192.0,57465.643535657146,781,11781831,4448979,770112,640066,1554338,1527192,2157157,657902,1957859,709203,2690954,445587,1394706,0,0,469029,1256705,0
43,000069,2018-01-25,0.02099236641221358,0.006679389312977069,0.19066415783499163,78799.0,468395.422036794,3028,355952406,356621369,758946,824441,11180950,8274492,15320462,16025387,32638426,33349945,25123571,32188207,21886962,22723891,16729675,21877209,232313414,221357797
44,000070,2018-01-25,0.04605936540429889,0.041965199590583424,0.22393310750129017,19840.0,124738.83152654895,1905,36549521,52939368,1616000,1438169,10446460,10401641,7786945,7960071,7930425,12675419,3568845,4637996,1508474,1367793,889828,1330907,2802544,13127372
45,000078,2018-01-25,-0.00658978583196046,-0.0049423393739703725,0.14889754310354053,16321.5,101421.06425498945,1664,52550512,31914857,1206692,1538843,6350714,7160790,5069737,6232553,21004774,7797770,5366965,4063220,1805639,1744252,3482840,1385796,8263151,1991633
46,000088,2018-01-25,0.00361881785283491,0.0193003618817853,0.22276401619733913,19435.0,166662.58616382556,1387,48335823,53511121,1220010,1232924,6137505,5429564,5375644,5429170,7591722,7829470,6832135,6252242,7363343,4990127,2230099,2982722,11585365,19364902
47,000089,2018-01-25,-0.012889366272824998,-0.004296455424275036,0.21152529618561422,21275.0,156698.58067987845,1939,78287714,54819464,1895831,1049072,11087843,7789469,9594864,9782375,14091717,8286875,7080549,7728026,3810475,3394364,5612511,3706532,25113924,13082751
48,000090,2018-01-25,-0.009999999999999898,-0.0072727272727273196,0.2638135724748004,9945.0,79439.3568001169,1739,27749168,34672249,785543,2105868,6076736,5973410,5267261,5660621,4814721,6777494,5294614,4844752,2103284,2018201,0,1433737,3407009,5858166
49,000096,2018-01-25,0.0059970014992503096,0.002248875562218755,0.8721078579500635,8004.0,26944.786542443147,233,1710840,2648968,213124,243951,787456,957138,576960,924663,133300,523216,0,0,0,0,0,0,0,0
50,000099,2018-01-25,0.009544008483563182,0.01590668080593849,0.2581777947217173,13216.0,52037.945127078245,1334,16614476,25393888,1254589,1375266,5650594,7148866,3798782,6104639,3879195,5538304,879878,2481240,653892,1353129,497546,877031,0,515413
51,000100,2018-01-25,-0.005249343832021025,0.0,0.06847163903731938,29523.0,433482.65680237097,3124,191144207,182825693,1757027,1842047,14422333,16534478,16334378,15881638,25914358,21594816,11709287,10905992,10643821,10940870,7104039,5937843,103258964,99188009
52,000150,2018-01-25,0.00975117686617355,0.007061197041022149,1.6707783417871547,14792.5,71241.84625458316,316,4442279,5219705,355919,234487,2077134,782904,542627,454354,1020449,1074075,446150,793531,0,952154,0,0,0,928200
53,000151,2018-01-25,-0.005426356589147363,0.01240310077519391,0.3933637126192815,14487.0,59009.653927327534,1075,19952518,19150242,913618,539116,5363866,5154352,4495891,4706795,5117703,3693520,1989858,2967326,958272,2089133,459810,0,653500,0
54,000153,2018-01-25,-0.003588516746411363,0.0011961722488038617,0.3355691001384691,9201.5,36309.89916528668,620,7230100,6858889,620769,625752,2810041,2410113,2477960,1785693,1101250,1358175,220080,263728,0,0,0,415428,0,0
55,000155,2018-01-25,0.0,0.008103727714748654,0.12660147395596602,26460.0,221510.1326345893,2383,114423432,98236562,1487453,1580478,10086578,10287763,12489274,11934193,14274737,15290890,14317156,11311351,12150466,9028018,5337896,7109543,44279872,31694326
56,000157,2018-01-25,0.010822510822510845,0.01298701298701288,0.0971636327373216,20226.0,290770.2740060285,2270,88119580,128224217,1852402,1557207,9273180,11349060,8292643,10334812,10660364,13262540,7386655,13088220,3422862,6599979,4973813,8508667,42257661,63523732
57,000158,2018-01-25,-0.01194743130226994,0.0035842293906811484,0.2567134022106263,7614.0,161538.4223725506,1064,13766747,24726921,785910,1481273,3143524,3477504,2292447,3205588,1697409,3075427,2081936,2214480,648080,663810,424861,0,2692580,10608839
58,000159,2018-01-25,0.007590132827324458,0.007590132827324458,0.18262147083295296,5310.0,53125.462112351066,833,8303257,11324539,1197696,682944,2330621,2996354,1421472,2504233,1671837,2203433,465817,1148478,673094,613716,0,435791,542720,739590
59,000166,2018-01-25,-0.014184397163120588,-0.005319148936170137,0.10940556669441337,25110.0,370596.3118262042,2666,147222745,136141484,1496204,1476569,9626077,13111696,12665683,15060821,17014603,18039270,10114409,9782932,10322432,8686708,8294232,6602028,77689105,63381460
60,000301,2018-01-25,-0.005033557046979942,0.0,0.21728793718472653,11920.0,68339.04963131848,752,16370734,9419797,631034,675479,3574797,3081744,3174262,2586044,2495387,2231220,3248622,530427,749632,314883,894794,0,1602206,0
61,000333,2018-01-25,0.008223684210526327,0.0014802631578947345,1.041076470666553,153196.5,727404.6124272139,3414,605419090,501949479,375987,302045,10430775,7509201,15852067,14856503,43596364,38431381,42898637,39868566,39498938,45896283,36236801,35852445,416529521,319233055
62,000338,2018-01-25,-0.007734806629834279,-0.0033149171270719924,0.1549922398834552,73021.5,318080.3637364382,3416,274153570,266912137,712095,1151144,11924688,12625847,31451745,27037278,48124925,50689002,27038868,31257136,20705662,21010203,19379948,21255242,114815639,101886285
63,000400,2018-01-25,0.002382843526608447,0.011119936457506086,0.2629830111682515,11394.0,93105.93574888495,2293,46442522,39749485,2175822,884044,14542557,8092280,6829944,6122689,8764431,6794722,3748124,4930976,2046865,3827898,2159064,1344560,6175715,7752316
64,000401,2018-01-25,0.012151536812008645,0.019299499642601914,0.26368939718332013,41940.0,231653.15339641273,2816,130194651,171300117,1289118,1310745,12859454,13699202,16477702,15685883,28330525,31071740,13990437,21661054,10850886,13391913,8889820,15935375,37506709,58544205
65,000402,2018-01-25,-0.01891447368421051,-0.012335526315789491,0.23566556436672179,44307.5,238550.27675097747,2666,170085352,123513218,1372047,1130375,9591395,10152355,19467392,15537438,33342859,22529654,16541568,13333195,15453141,12052018,14567886,6656423,59749064,42121760
66,000403,2018-01-25,0.0022414345180916673,0.01024655779699013,1.6076044215861118,19656.0,126260.0314305071,377,10837965,13836538,399548,272416,1666074,1277548,1346899,1054670,2174436,3125900,805441,713998,315500,3187781,473250,2311425,3656817,1892800
67,000404,2018-01-25,0.011844331641285955,0.011844331641285955,0.2012597063335529,11980.0,169501.15730266186,862,22805639,22507363,817902,691341,3390363,3115746,2868038,3392347,3129536,3564783,2485172,1469300,1993633,1677775,471824,918600,7649171,7677471
68,000407,2018-01-25,-0.01270648030495558,-0.01143583227445999,0.29177336230294837,9372.0,91395.75425731685,727,16681231,7677824,618410,707376,3069722,2698629,2990807,1804962,2702344,909818,2657587,1168539,702500,388500,415492,0,3524369,0
69,000408,2018-01-25,0.0,0.0064402810304451386,0.5472150097099926,17160.0,131407.890542924,974,35402499,27717258,539280,1046704,3017897,4377592,2711126,4841551,6035226,7832663,3831344,2600996,4805779,2087494,3085985,1308310,11375862,3621948
70,000409,2018-01-25,0.004777070063694211,0.015923566878980777,0.21759444189901012,8792.0,55102.04026300567,833,10777353,12412853,848760,639924,2891802,3252830,3052073,3156992,1147423,1654100,924431,1311616,1412259,1952191,0,445200,500605,0
71,000410,2018-01-25,0.011527377521613813,0.00672430355427478,0.2819586406851496,15739.0,80403.08340986237,1363,30086109,29536505,986235,932732,7247964,5513483,4812048,4708642,8111478,5773394,2590975,4349516,2847445,2669367,1837403,1253549,1652561,4335822
72,000411,2018-01-25,-0.004420432220039294,-0.0024557956777996326,1.4435449952639852,14213.0,82616.7213120178,198,2526318,3732888,133258,115826,846562,956145,626471,784799,300812,853493,293190,0,326025,0,0,0,0,1022625
73,000413,2018-01-25,0.0022026431718060735,0.006607929515418665,0.1694589333014265,36640.0,506672.24508685345,2874,177928980,275222055,1209772,1953531,11557149,15458312,14332622,20158051,18860161,26888020,9317883,19379730,10275681,15602609,9529749,13669504,102845963,162112298
74,000416,2018-01-25,-0.002762430939226568,0.008287292817679592,0.3235386221148876,8664.0,51317.616442849714,500,4426500,8279063,616721,512755,2053638,2051809,649995,1311571,426936,800723,679210,2144972,0,1038058,0,419175,0,0
75,000417,2018-01-25,0.0037174721189590088,0.0024783147459725985,0.3311667050363474,15352.0,73696.7381739433,593,9945994,12902797,469640,653939,2334074,3355002,1993816,2118234,2048025,2784427,762270,2443065,643540,0,403500,892840,1291129,655290
76,000418,2018-01-25,-0.0037118504261753893,-0.004124278251306013,1.8428630864015991,29080.0,195815.31463688338,1561,57799364,58949172,747953,2157100,5572679,7227087,6960102,7746553,10335219,12863829,4497696,6254522,3822521,13351698,2232122,3449602,23631072,5898781
77,000419,2018-01-25,-0.0016103059581320522,0.006441223832528209,0.27949848493923696,8138.0,67421.3189420708,493,7017121,8392660,371163,482044,1666032,1957883,1032708,1337467,1628654,1636158,977428,442330,936346,628864,404790,1356922,0,550992
78,000420,2018-01-25,0.006430868167202508,0.009646302250803984,0.12882959189286522,7536.0,81138.6728299038,583,6978948,11763170,519543,613116,1713166,2441555,1375628,1682272,1364930,1702868,920545,250400,312000,2077054,0,853480,773136,2142425
79,000421,2018-01-25,-0.0016286644951140072,0.0016286644951140072,0.32100047673044774,9240.0,50802.66744973659,365,5702686,3898401,374950,289372,1598231,1532923,1025510,777995,875439,811823,951386,486288,367211,0,0,0,509959,0
80,000422,2018-01-25,0.08048780487804885,0.021951219512195363,0.1337143812577512,10375.0,89662.96266296036,941,13132095,21448371,598376,1002742,3663099,5025679,1787719,3385561,2050743,2164530,2042084,2555974,699160,1010081,819998,1651423,1470916,4652381
81,000423,2018-01-25,-0.01634472511144125,-0.009063893016344693,1.2503576115033075,53032.0,286704.7384535638,2897,204429397,168379975,674558,1686253,10943573,14850946,20637770,20375855,29727969,31596608,22875485,20188617,17774898,15985261,9898039,12463002,91897105,51233433
82,000425,2018-01-25,0.02742616033755274,0.04219409282700415,0.08027192426311767,91556.0,643403.1463471616,3507,378667294,613757877,808074,867484,12099118,12032788,22331554,23990934,40955487,44228427,33028669,38887813,26271452,33969175,18223477,30512199,224949463,429269057
83,000426,2018-01-25,0.033065236818588195,0.03753351206434319,0.20192098602643846,50020.0,542467.0779284227,3082,207275844,324817038,984967,2128470,11476036,12196763,16308131,18667801,24498712,38970032,16104995,21416536,13799923,18871767,12691629,19148658,111411451,193417011
84,000428,2018-01-25,0.0071770334928229484,0.0071770334928229484,0.19822512486009808,6089.5,81553.92200471064,444,5876539,7639671,278236,547534,924492,1984360,264188,897070,789209,1391193,1353320,1471110,674933,378000,0,413972,1592161,556432
85,000429,2018-01-25,-0.0011806375442738881,0.0023612750885477762,0.2573814154584218,8470.0,136760.32154394765,1083,26762597,21771133,1528741,654908,5617821,2265846,3943615,1480668,4041930,1288056,1263802,3323592,1735946,306735,2631128,1688305,5999614,10763023
86,000430,2018-01-25,0.0011507479861909697,0.0011507479861909697,0.43840013309442494,8695.0,52983.50471238523,392,7050460,3195696,400005,555684,1119033,1363415,1589940,841964,2229439,434633,668243,0,0,0,435500,0,608300,0
87,000488,2018-01-25,0.00955056179775271,0.019101123595505642,0.32986522518871775,56928.0,396840.9818603456,2913,242455524,269943295,1328585,1093162,10152134,11916528,17338405,17740250,33624721,28433731,21655899,28160375,18549820,20703120,14328123,16730798,125477837,145165331
88,000498,2018-01-25,-0.010159651669085501,0.0,0.21531803450648096,6890.0,96408.7374679785,1024,15984271,15893981,695905,1020650,3808145,3134855,2196957,2767669,1654099,2686873,780180,3118682,1792418,1036000,872280,935626,4184287,1193626
89,000501,2018-01-25,0.0057870370370369795,0.010995370370370239,0.3924879536850306,15525.0,114255.56218649908,1940,50517821,37230456,844493,1800798,11591107,5747659,10580179,4911304,6745776,4535103,4736066,2263858,3583250,4939318,3969883,2597217,8467067,10435199
90,000502,2018-01-25,0.007568590350047311,-0.0056764427625355385,0.5321037273793275,6315.0,52880.61547666856,394,3986424,3140619,348075,399866,1193440,1530352,418263,629832,1104919,580569,0,0,0,0,0,0,921727,0
91,000503,2018-01-25,-0.00793650793650802,-0.007002801120448265,0.9101107355697887,38304.0,302317.660799144,2217,156668292,121513674,1401050,1346567,11167579,8464283,12461460,10936955,17485297,16330917,17485758,12117537,10055926,6608057,10485426,9316339,76125796,56393019
92,000504,2018-01-25,-0.037407407407407445,-0.026296296296296373,0.9918800935636296,26310.0,127893.60868984388,741,22452807,24086525,451265,370031,3755329,2339687,5873897,3421221,5426027,6159549,1659525,2114451,395250,1399288,1792775,0,3098739,8282298
93,000505,2018-01-25,-0.02209302325581386,-0.009302325581395321,0.3049682761535515,8440.0,64554.272504163346,795,14888060,8969312,956732,519662,2880962,2733333,2768092,2638975,2446622,1130928,1584533,294350,2677932,719517,420112,932547,1153075,0
94,000506,2018-01-25,0.008415147265077305,0.005610098176718203,0.32517879096544716,7881.5,96328.8045295362,480,7440213,11030461,369543,553033,1564516,1515511,1325717,1486698,1836928,1256965,635892,666133,354576,356000,427087,3812712,925954,1383409
95,000507,2018-01-25,0.011055276381909618,0.015075376884422065,0.21021663823139403,25275.0,279109.2334743785,2242,119558264,134885911,1329912,1481846,10046870,10119634,9828025,9083491,12537054,13369817,15146732,9750299,6401757,9611379,11306459,8594926,52961455,72874519
96,000510,2018-01-25,-0.0071258907363420665,-0.001187648456057011,0.317911345168759,11760.0,50491.36988719363,701,9785335,9457975,610854,910044,3229789,4124933,1840008,1615634,1239246,2182142,738275,255664,633232,369558,428032,0,1065899,0
97,000513,2018-01-25,-0.033991088478676046,-0.02597071928707817,1.4364760747738383,83930.0,318951.8404198247,2991,284193295,206387360,656563,1019872,11599362,9296937,18067156,24118919,38381507,42731409,28496436,25391313,27660847,25425531,21381083,14954092,137950341,63449287
98,000514,2018-01-25,-0.014430014430014348,-0.011544011544011523,0.19202457486913413,13540.0,45785.47587912688,1303,22389224,14569903,1037946,1289982,6593835,5407606,6231255,3169383,4944879,2574383,2745660,1046273,308943,632796,0,449480,526706,0
99,000517,2018-01-25,-0.023121387283236983,-0.017341040462427904,0.09633177184856971,31588.5,224089.26875684943,2918,161343324,136061035,1507962,1374612,12766068,11577649,16032611,14884534,25291333,22791722,18938754,15281323,8896581,13009335,12772407,10752192,65137608,46389668
100,000518,2018-01-25,-0.010218978102189746,-0.0029197080291970545,0.3288799868848088,6820.0,45026.902584570424,433,4696849,3710490,450964,559319,1385390,1136320,946987,409941,984200,594862,520108,283459,0,726589,409200,0,0,0
101,000520,2018-01-25,0.0051679586563306845,0.010335917312661591,0.11806798073537916,8459.0,139640.2206440167,1076,19677215,22725589,596046,1390404,3085669,4983711,2126818,3721960,3326938,2754985,2439164,1181361,692640,308800,496570,1305628,6913370,7078740
102,000521,2018-01-25,0.0019379844961240345,0.003875968992248069,0.22336610331255782,10320.0,63589.81207580026,533,6954854,7963569,386736,462706,2219290,2087067,1425817,1214107,1159115,1578233,972608,936920,354964,377104,436324,414400,0,893032
103,000523,2018-01-25,0.007462686567164312,0.013681592039801238,0.34508394952199456,13889.0,59747.902243262586,542,8696996,9443703,546266,611117,3188772,1988567,1237526,2234041,1308595,2092615,865050,1000697,1065489,669508,485298,847158,0,0
104,000524,2018-01-25,-0.00954861111111105,-0.0008680555555555802,0.4057216904628112,4596.0,26292.658203765226,806,3678369,4665008,652900,1554958,1845759,1748044,488121,486163,464729,106299,226860,213900,0,0,0,0,0,555644
105,000525,2018-01-25,-0.02164685908319175,-0.014006791171476962,0.6536200362747991,20754.0,110478.30542282114,1299,39702810,27362155,673846,1175568,6199549,6555120,5888941,5629604,7736707,4895012,4499684,4115212,2467613,1650693,1370088,0,10866382,3340946
106,000526,2018-01-25,0.05845292264613233,0.018550927546377327,1.6126864622025234,20062.0,148072.40727666873,313,10775928,10805006,254198,193445,1056790,1495200,458477,1350757,1328001,3335353,917066,4430251,698121,0,407602,0,5655673,0
107,000528,2018-01-25,0.003525264394829586,0.010575793184488758,0.1749172115794438,12877.5,136879.64708541599,2370,53345927,72994509,1628293,2007494,9009638,9586489,7709753,9971601,8260162,13990317,4587899,7780414,4414649,6285357,3519965,5333730,14215568,18039107
108,000529,2018-01-25,-0.0014104372355430161,0.004231311706629048,0.3856951468847186,12798.0,77518.59843552337,337,5651384,4593371,272804,317724,1656674,1490411,1485295,1407376,469510,875259,201924,502601,306010,0,0,0,1259167,0
109,000530,2018-01-25,0.001814882032667775,0.003629764065335772,0.19931713477428947,11060.0,108014.57981492666,764,19832135,12492866,760062,676138,2595617,3213914,2622650,2352736,2799625,2078526,2598933,1978881,1060765,348864,434269,419932,6960214,1423875
110,000531,2018-01-25,0.0036809815950920033,0.0012269938650306678,0.20365570662187538,12179.0,132513.4426565769,1603,31209341,25259329,1922858,1309082,7672887,7010484,5909226,3785089,5299453,4319295,3361552,1549099,1757510,634809,1342226,472456,3943629,6179015
111,000532,2018-01-25,-0.023911187019641456,-0.005977796754910392,0.28581848552139555,17610.0,107986.76157755844,1681,45705052,33648513,1297038,966116,9278415,6250049,9344967,6238720,7615906,6406649,6779288,3930178,4640882,3035559,1300975,2202233,5447581,4619009
112,000533,2018-01-25,0.004188481675392541,0.007329842931937058,0.3404713241108754,10538.0,247650.68672146898,787,25038836,25598295,1033448,621818,3503889,2280209,3011246,2477450,1922837,3006509,1851715,2105173,1305857,1617087,2378202,2346388,10031642,11143661
113,000534,2018-01-25,0.01953125,-0.0031250000000000444,0.4792377133137979,3801.0,44337.694072213686,713,7647787,3671030,1219690,277753,1644872,767146,728684,1118057,1485803,991354,954702,516720,1106036,0,0,0,508000,0
114,000536,2018-01-25,-0.0042283298097252064,0.00845665961945019,0.1646022210720978,4770.0,69105.43861547546,826,10782155,11144259,643855,957690,1863300,2106190,1512748,2389997,973105,1950728,2137971,1172536,1444978,1081091,902975,956080,1303223,529947
115,000537,2018-01-25,0.04601226993865026,0.06503067484662561,0.2898383625795142,79772.0,516027.9895456638,3177,320018977,438128376,952365,707719,12821346,9672691,18367225,18263881,32899563,36200302,25875804,29745778,32839830,23051170,20404177,21353972,175858667,299132863
116,000538,2018-01-25,-0.015747270795092305,-0.01072360158438801,2.193189908990094,51102.5,353643.91439285694,2228,129837992,168060302,2855,7783,8740731,10997104,13802921,22134528,16696411,25332485,10529906,15450865,11577148,11869966,5596358,4495875,62891662,77771696
117,000539,2018-01-25,0.0,0.004040404040403844,0.20632748099559756,4960.0,39132.60814631458,575,4270667,4703963,316906,1042297,1641487,1855615,703779,657644,707722,664106,248496,484301,0,0,0,0,652277,0
118,000541,2018-01-25,-0.002105263157894721,0.0,0.21766196527383044,12441.0,109988.47668601037,1906,41632608,41460239,1648969,2485235,6988551,9589577,5687678,7225871,7959455,8655518,5045871,5199472,1647578,3397981,2585289,1736239,10069217,3170346
119,000543,2018-01-25,0.0019230769230769162,0.0038461538461538325,0.15369169473408417,8376.0,127690.911012875,1146,22304995,28006063,1298419,1218975,4042968,3220651,2453079,2683131,3894104,4244203,2595323,3168110,2401822,2087501,416800,1365798,5202480,10017694
120,000544,2018-01-25,0.0006863417982154729,0.0020590253946464188,0.5651039139749262,13153.5,38807.21735115714,664,8515696,7467176,533851,637676,3664964,3166320,1853104,1014767,1469954,1749548,666123,438020,327700,0,0,460845,0,0
121,000545,2018-01-25,0.009960159362550014,0.007968127490039834,0.16314932317075728,12120.0,85550.64434432707,947,14820737,19964758,629246,768182,3902853,4218599,3223718,3258571,2751757,3755193,1781688,1398111,1044011,330775,483465,2261939,1003999,3973388
122,000546,2018-01-25,-0.0019685039370078705,0.0006561679790026975,0.5464755352572871,9120.0,82261.30924187593,777,11679347,12191443,609769,1000250,2875955,3056692,1233477,1898611,3408036,2070757,648072,978363,332442,916045,905961,457500,1665635,1813225
123,000548,2018-01-25,0.0015503875968991832,0.0046511627906977715,0.28738597040069097,10384.0,69718.85961000372,503,7837627,5861029,490798,581099,2761893,2078355,865730,1361797,1278126,874644,220892,965134,0,0,428188,0,1792000,0
124,000550,2018-01-25,0.005238344683080154,0.012048192771084265,0.47208620536194973,13467.0,199104.8399830615,1635,32425558,35600347,1358215,2336290,6217127,8711715,6061368,5456393,6198544,5681526,4882548,1249183,1702296,1768044,1371037,413856,4634423,9983340
125,000551,2018-01-25,-0.0024330900243311193,0.0024330900243307862,0.40651008812737627,15589.0,72497.12782656432,408,6811544,7881450,264963,479110,1521771,2279310,1366396,1518352,1246803,1423003,753299,711069,363120,613696,424840,856910,870352,0
126,000552,2018-01-25,-0.0027472527472528485,0.008241758241758212,0.0917121585869493,3680.0,101300.949480138,1581,23714532,26267697,943562,1998247,3990162,3996251,3548376,3331477,3687651,5391682,1429202,2450042,2156644,3496004,1243091,1809530,6715844,3794464
127,000553,2018-01-25,-0.019943019943020057,-0.012535612535612639,0.3941855824723152,25890.0,116106.49506492769,1983,73376832,50522744,1298828,1420999,8160198,10166198,9380530,10866883,22858861,12288710,8505016,5812753,5451591,3124393,3522516,1317723,14199292,5525085
128,000554,2018-01-25,-0.0036540803897686658,0.0012180267965895553,0.22488925511256422,20750.0,120774.8672921344,1333,38030597,43820815,911883,1205255,5585732,5706740,7738188,6230803,9251696,8882897,4209823,6984564,2437403,1718145,2531500,3269012,5364372,9823399
129,000555,2018-01-25,-0.013245033112582738,-0.002483443708609201,0.31606291481713555,13222.0,58147.1195686211,1461,24592868,23510551,1559091,1086170,6871619,6740136,5292927,5524066,4371287,5656344,2638656,1437959,1809689,2083304,955120,412080,1094479,570492
130,000557,2018-01-25,-0.02191235059760943,-0.007968127490039723,0.12171273884911449,9940.0,63466.72848491786,1705,29314841,22101743,1946457,1327618,8059439,5501725,5750175,3606491,7601159,5880120,2988355,1841572,0,1439503,1882520,0,1086736,2504714
131,000558,2018-01-25,-0.005780346820809301,0.0038535645472059787,0.17486135076313494,10420.0,50484.71906605543,881,12385701,8797020,860445,697035,4147765,2835407,2358552,2139788,2003840,1484403,650312,674903,1332686,317109,0,0,1032101,648375
132,000559,2018-01-25,0.0,0.009183673469387754,0.25871666427735424,11952.0,99636.05343408979,1435,30953113,34426920,1599109,1582982,6373154,5947573,4403798,4771675,4554704,8234010,3250805,4468785,1989754,2985439,1805408,2352496,6976381,4083960
133,000560,2018-01-25,0.00432432432432428,0.01297297297297284,0.2936302862796157,9275.0,66873.52046840524,992,14308249,15563183,772841,1354563,3102134,3969143,2807819,2501056,3804817,2935531,1619989,1787417,710400,1068994,486948,1368031,1003301,578448
134,000561,2018-01-25,0.012269938650306678,0.01717791411042935,0.2373528915213072,8290.0,46637.86527552005,1179,9354113,16514030,1555758,1353709,4322952,5538018,1961825,3520075,839003,2355861,0,720160,674575,371323,0,470820,0,2184064
135,000563,2018-01-25,-0.010822510822510734,-0.006493506493506551,0.10278246906655965,13710.0,122850.79886276192,2027,57092588,44151640,2549620,1429713,10601690,8366815,8526318,6338210,6593383,9133693,5580492,5359504,3878119,2600251,3536898,3537679,15826068,7385775
136,000565,2018-01-25,0.0,0.0027173913043476716,0.3443661878431736,13993.5,64856.02206171434,456,7456838,8351541,360859,426717,1984525,2275083,1319696,1255496,2136792,1781163,1654966,673542,0,375550,0,824670,0,739320
137,000567,2018-01-25,-0.013358778625954137,-0.011832061068702271,0.6717380968254231,26090.0,122011.5589687441,1524,56061679,43813266,828005,839369,6593782,7554586,6946454,7779639,12479972,10851931,11927521,7037788,3115934,1772779,2206791,1767550,11963220,6209624
138,000568,2018-01-25,-0.001600698486612373,0.004511059371361981,1.204447883860421,81516.0,400371.68635142955,3257,289862507,317329836,521326,790984,9542671,15775802,17345820,21960662,36161618,45174975,35299372,31998158,27036662,27787077,16761647,23690119,147193391,150152059
139,000570,2018-01-25,0.0,0.00902527075812265,0.26122848851662883,3878.0,35188.20858774149,449,2828778,2753939,267424,623717,846991,1194073,332073,249006,618046,431384,261144,255759,0,0,0,0,503100,0
140,000571,2018-01-25,0.003731343283581934,0.013059701492537101,0.15265772522079252,3258.0,60441.01067124757,1234,9455229,11646202,983348,1471183,2630688,3152053,2417979,2686742,816560,1298200,1053074,705098,0,650783,0,433095,1553580,1249048
141,000572,2018-01-25,0.0021276595744681437,0.004255319148936065,0.1574758677254882,7504.0,70085.58615048624,891,13730006,10657133,953082,1060097,3050258,2829107,2077021,2884638,1925729,2213981,1714029,501990,0,357200,2260036,0,1749851,810120
142,000573,2018-01-25,0.0,0.003883495145631022,0.17551734044267764,10240.0,42970.65869953606,861,13121824,7797890,916534,821853,4231611,2724450,2803182,1589115,2155261,2662472,1578149,0,1437087,0,0,0,0,0
143,000576,2018-01-25,0.0011820330969267712,-0.0011820330969268822,1.1567282417508213,3384.0,43627.80702397571,213,2106013,1522300,84546,291121,662611,556471,537490,50699,355078,169400,466288,0,0,0,0,454609,0,0
144,000581,2018-01-25,-0.0019455252918287869,-0.0015564202334630295,0.4750446998734858,22950.0,174165.2323682383,2930,116132057,92101572,2058861,2379490,9605600,14094680,12428989,13136430,20315688,21546178,16755250,11178724,8031677,5300980,3988596,5738552,42947396,18726538
145,000582,2018-01-25,0.005976095617529875,0.01693227091633487,0.26244267525731535,11264.0,67392.99885275286,1464,19483189,28380747,920249,1297249,6400435,5944372,4874984,5986189,5378560,5741111,1908961,4155890,0,1373225,0,1327400,0,2555311
146,000584,2018-01-25,0.006382978723404209,0.0028368794326241176,0.5036148375441316,14150.0,90919.01055468508,783,14893910,17861989,253124,1129252,5908533,2178252,3898600,2124844,2231823,4926679,1029161,1930568,0,720744,495963,1345965,1076706,3505685
147,000585,2018-01-25,0.09523809523809512,0.09523809523809512,0.10917385599736473,14502.5,248941.73903706393,1200,74280675,22365002,1620605,378244,6617101,3069696,5520326,2788015,7533948,4244213,5073771,2489966,1664559,2823795,5875061,1925915,40375304,4645158
148,000586,2018-01-25,0.010850942318674894,0.006853226727584039,1.2989525732732974,7068.0,46203.46899794466,181,2589347,1070440,255324,130999,587428,503466,588956,329175,449819,106800,231000,0,0,0,476820,0,0,0
149,000587,2018-01-25,0.0069735006973501434,0.009762900976290068,0.14088009224825276,48824.0,349616.2084334,2603,122348530,201098123,551212,1090690,13500295,10555446,27130331,16562011,21349613,29114550,8918943,10489870,3751736,4614648,2171885,6827641,44974515,121843267
150,000589,2018-01-25,0.002178649237472685,0.006535947712418277,0.2131523136650683,5993.0,74934.84941401207,463,5217514,8657402,267433,587161,987485,1854499,569539,1624061,683369,843767,958592,722698,390999,1422816,1360097,499884,0,1102516
151,000590,2018-01-25,0.00655498907501828,0.005098324836125379,0.7082172171492774,6940.0,42309.50776378546,375,3541783,4348795,371471,398970,1305777,1531661,616059,1003960,874256,656024,0,276200,374220,0,0,481980,0,0
152,000591,2018-01-25,-0.005357142857142727,0.005357142857142838,0.15043519457392207,12254.0,90296.74478936785,1387,31358183,27843327,1033888,1273515,6861270,5167935,5026335,3869818,5772699,4735244,3645866,3954836,1956100,2768549,2222450,1317186,4839575,4756244
153,000593,2018-01-25,-0.015452538631346657,-0.01655629139072856,0.30380230004745523,10740.0,110901.07900134932,889,17401714,13714130,1017610,782645,4216361,3854177,3863380,1721500,2308107,940689,1188450,297000,1029996,346599,890000,445500,2887810,5326020
154,000595,2018-01-25,0.0,0.007692307692307665,0.22160110391466542,8113.5,34688.39829145844,550,6098950,4733406,566812,430404,1779597,2316863,1822521,962524,1396014,1023615,534006,0,0,0,0,0,0,0
155,000596,2018-01-25,-0.005000675766995366,0.0,1.5463342141280303,29292.0,186710.45178915904,2293,82710265,115345311,674150,3585370,6987313,11288897,8936668,16900313,12739452,17957730,10420248,12264162,10915751,16926966,7351442,7530575,24685241,28891298
156,000597,2018-01-25,-0.0017985611510791255,0.0017985611510793476,0.37733150497082446,11060.0,84705.28171216881,868,17972837,12991486,710668,570943,3056490,3452580,2833220,2228103,3195188,2935906,1836440,1084960,1278635,998730,1323144,1720264,3739052,0
157,000598,2018-01-25,-0.0018450184501844769,0.0036900369003691758,0.1542348715337416,10840.0,90162.02327811715,1236,21420237,21462902,1904294,1215471,4301505,4938099,2537913,3521735,3676097,3465048,2895816,2160640,1074826,706373,1773415,465664,3256371,4989872
158,000599,2018-01-25,0.027027027027026973,0.03338632750397452,0.17525515623020926,13040.0,106976.73445976448,1289,25140275,37986828,1675544,649139,7281724,3070445,3252812,5734178,5557060,8808476,3825976,2795792,1281268,4503794,426880,2680201,1839011,9744803
159,000600,2018-01-25,0.0024420024420026554,0.013431013431013605,0.1930963026543114,16580.0,116948.41072395444,1800,39266002,57571922,1544382,1769808,8308733,9196240,6723584,9144837,6786221,9412988,3879799,4867278,2421580,2742728,2113397,4751738,7488306,15686305
160,000601,2018-01-25,0.00274348422496562,-0.00137174211248281,0.3232014816154088,7290.0,44797.75403273443,508,4635664,5265497,272710,1517029,1259173,1252959,749685,955706,839065,721100,1165825,239943,349206,0,0,0,0,578760
161,000603,2018-01-25,-0.0051395007342143195,-0.009544787077826689,0.30792434868565194,32472.0,485352.0060248182,1962,95199156,129143598,957162,1055261,7816096,8158175,8443992,9089413,20406239,15645283,11771042,11637043,10235716,9813818,2746055,7895521,32822854,65849084
162,000605,2018-01-25,0.0027277686852156258,0.004909983633388126,0.577765221632982,14471.5,50923.46791126997,1006,14970131,14451176,958473,1162440,4913972,4936674,4297469,3182847,3207524,3002897,638004,905866,0,386820,0,873632,954689,0
163,000606,2018-01-25,-0.0072727272727273196,-0.0060606060606061,0.4228974388280366,8179.5,82210.62718400119,380,8347757,3143607,300989,499653,1598268,1242116,827685,688334,992806,480414,717250,233090,933785,0,1444805,0,1532169,0
164,000607,2018-01-25,0.00646203554119551,0.019386106623586308,0.16981007321251934,6415.0,58373.23569194019,1330,13498650,21508744,883354,1470607,4085682,5123302,3684361,4296506,2361278,4468839,905660,1008276,1578315,1281130,0,897782,0,2962302
165,000608,2018-01-25,0.011235955056179803,0.049438202247190866,0.24045971919512327,56974.0,1416356.858472615,1373,333512373,186463287,1689075,5268,7779514,395210,9982558,1296934,14428833,5177411,12551022,10016175,14556352,8099599,9413809,8088509,263111210,153384181
166,000609,2018-01-25,-0.0017559262510975504,0.004389815627743543,0.430623479594052,13788.0,108184.75319643988,699,15726219,15873521,466451,590026,3020837,3232260,2879288,2130993,3360943,1844009,1760577,777914,1003592,778050,0,2188324,3234531,4331945
167,000610,2018-01-25,0.003451251078516071,0.007765314926660993,0.587152730035377,9079.0,41837.106015397745,389,5178567,4732956,386008,226843,1587101,1209784,1217799,1437718,1730139,876771,257520,633840,0,348000,0,0,0,0
168,000611,2018-01-25,-0.006915629322268413,-0.0013831258644537714,0.5151839317646868,7579.5,35221.98225296964,196,2504921,1643860,195642,144625,855804,611311,706232,441968,312480,240471,434763,205485,0,0,0,0,0,0
169,000612,2018-01-25,0.028169014084507005,0.03638497652582173,0.17838441513681952,6984.0,66244.40167397904,2284,14452959,35857955,1245578,4239261,5364476,10133646,4172983,6397489,1612001,6104814,927863,3618630,1130058,385000,0,1377436,0,3601679
170,000613,2018-01-25,0.004884004884005089,0.01587301587301604,0.44233099763274125,9882.0,50642.92196298496,342,3522808,6030729,363875,321913,1250730,1350098,883796,1697640,615907,1639160,0,214500,0,300288,408500,0,0,507130
171,000615,2018-01-25,0.026102610261026227,0.015301530153015275,0.2228580650763424,29042.0,124796.492126237,2487,83448662,86433119,1270899,1192928,12890810,10956872,15534612,14218758,23723958,16904691,11767439,11038276,3810816,8289929,3850761,4823013,10599367,19008652
172,000617,2018-01-25,0.015251989389920562,0.019893899204244114,0.45224130111998134,15085.0,123293.51257655564,1112,24183254,28274722,852269,924003,5446445,4935192,4194800,4001655,5132983,4767776,1921629,1802369,377500,2030455,935166,3224139,5322462,6589133
173,000619,2018-01-25,0.0012626262626262985,0.0037878787878788955,0.40530088033987033,7980.0,44506.145769107025,381,5825654,3415774,224592,476422,1276557,1658310,1579874,805839,1150572,475203,1156809,0,0,0,437250,0,0,0
174,000620,2018-01-25,0.003007518796992459,0.006015037593984918,0.2152452271851611,10576.0,40981.004111960865,955,11989943,11954336,885200,954734,4209330,2622719,3860303,5138750,1278359,2463016,519441,466457,693940,308660,0,0,543370,0
175,000622,2018-01-25,0.0021186440677967155,0.01271186440677985,0.24921428291537773,9460.0,32590.981166484195,358,4538922,3557246,284212,336654,1184361,1428662,1738397,1128560,1331952,663370,0,0,0,0,0,0,0,0
176,000623,2018-01-25,-0.009302325581395321,-0.0033826638477800763,0.4862063960750822,44735.5,322815.3645587501,2366,185001989,120246065,1067009,1007834,10627707,11207098,13543601,12612289,24257985,19166574,23016495,14957541,16143248,11590891,9986105,9955737,86359839,39748101
177,000625,2018-01-25,-0.0037678975131875125,-0.0007535795026375469,0.2792937848856184,26420.0,165089.82949249432,2258,106306917,78532516,1465049,1109981,10112135,10912336,8755902,8958139,17272825,13465814,40334125,10609404,8007624,6739168,3880533,4455274,16478724,22282400
178,000626,2018-01-25,0.003974562798092274,0.013513513513513598,0.4444302986288435,7584.0,56886.64416357784,801,10605516,10436746,892768,533160,2297893,2438172,2670161,2623383,2407587,2934857,491567,284928,646360,702500,401600,400365,797580,519381
179,000627,2018-01-25,-0.010538641686182681,-0.008196721311475197,0.18865393687760157,16880.0,123084.9906555362,2051,67005970,47736223,1606256,1562262,8913059,8301476,10439075,9480657,12018877,8470757,4875806,3911617,3275770,2759940,8014497,4377182,17862630,8872332
180,000628,2018-01-25,-0.05066079295154191,-0.037444933920704804,0.2909560346028627,14994.0,510220.77863477095,974,22976146,32064165,800640,1017570,4692574,4643507,3922997,3362097,5140447,3010910,1823954,2145442,351251,392049,458061,444501,5786222,17048089
181,000630,2018-01-25,0.00694444444444442,0.01041666666666674,0.05324165529177543,15567.5,398029.6083583457,2972,143007113,161749237,1763083,2277123,11149025,11381143,11600058,10351870,14035139,14449654,10426131,15488440,8527704,9427678,6823125,5369100,78682848,93004229
182,000631,2018-01-25,-0.01541850220264318,-0.008810572687224627,0.107388978149399,8940.0,77520.93494619285,1794,38085349,23755895,1518123,1219236,8403640,6595153,5929097,3829692,7165121,3837637,4861457,2797009,2886027,731948,2198384,2725684,5123500,2019536
183,000632,2018-01-25,-0.04776579352850552,-0.036979969183358996,0.2717905840456389,8137.5,459678.75827481964,570,6880913,16693136,735020,450798,2695410,1479514,1537597,1154534,1440386,1160486,472500,1015882,0,0,0,476153,0,10955769
184,000633,2018-01-25,-0.0030090270812438424,-0.0020060180541626726,0.5219003607640372,9950.0,109663.83205562734,364,9918140,6572629,362566,521884,1242545,1212192,1476151,598727,2529010,959120,1304332,1048569,308140,370040,1459755,497499,1235641,1364598
185,000635,2018-01-25,0.012709030100334529,0.005351170568561825,0.5371212846113521,14930.0,49510.8208626089,774,9162385,12812990,501427,802184,3506069,3876616,2154568,2962701,2451511,2480453,225450,802629,323360,387723,0,898783,0,601901
186,000636,2018-01-25,0.0,0.008561643835616417,0.23548680579816658,27082.5,129849.50388688796,2462,97597539,72931462,1856197,904640,13218519,10432748,15585674,12497753,22426425,15536929,11343058,10037676,9343266,5142860,4561122,3917001,19263278,14461855
187,000637,2018-01-25,0.0016949152542371504,0.003389830508474523,0.23954359675670334,11800.0,54323.16564696508,606,6823682,9652863,430750,682309,2218019,2773385,1865518,2167787,1318928,2134636,990467,294525,0,324459,0,464319,0,811443
188,000638,2018-01-25,0.004716981132075526,0.010377358490566202,0.2789535063610249,13923.0,60186.20603773857,1446,24568580,19645210,1213001,1031607,8496136,6756724,5457010,3886606,4316725,3336342,988158,1496809,301530,684281,1767654,1285441,2028366,1167400
189,000639,2018-01-25,-0.05576817933296885,-0.04428649535265161,0.38677016152281934,27000.0,160048.9242269789,2240,92110811,75621901,919704,1706364,8171396,11595733,11450405,13843071,16399342,15610931,10350987,7343355,8803225,6846113,4946043,3793633,31069709,14882701
190,000650,2018-01-25,-0.005555555555555647,-0.0018518518518519933,0.16968125489600605,10780.0,129424.58283798247,1013,28349570,21983194,1224850,685222,4514405,2558505,2898098,2948682,3376230,3437437,4130977,2212822,1023847,1013972,1339171,1822802,9841992,7303752
191,000651,2018-01-25,-0.0009017132551849549,0.005229936880072117,0.9282494457529543,334944.0,1224361.1004066567,3569,1267887128,1236660263,182794,72163,4166593,5405467,11220248,13159060,32540103,42299558,40708225,51696343,39317047,39501670,43587231,39802949,1096164887,1044723053
192,000652,2018-01-25,0.0,0.004282655246252709,0.1397449295739805,5640.0,100229.4574744749,1118,17224300,11638925,1740239,1054670,3486403,3075030,1649607,1975507,2721298,2880681,1869111,692535,711473,371448,467000,905204,4579169,683850
193,000655,2018-01-25,0.009448818897637823,0.015748031496063186,0.19457968815369456,9645.0,61938.14795870731,1065,11494021,18275144,1049082,1149125,3940857,4480613,2653357,3972587,1052854,3662981,1354242,1048672,384420,950640,413449,911105,645760,2099421
194,000656,2018-01-25,-0.01724137931034475,-0.011494252873563093,0.13719462090664022,12312.0,160590.56167767022,1451,44522595,40652068,957704,1376497,4209294,6078369,4857312,4997420,6738597,5575240,5921703,5301094,4370845,4406418,2606370,2724111,14860770,10192919
195,000657,2018-01-25,0.019794140934283444,0.027711797307996777,0.28053156947292646,18270.0,157631.96177860306,2029,54239665,70202528,1328988,1534344,7688521,9262878,7624210,10316160,10201435,13605237,5016197,9371102,2766031,6711719,4687030,5764844,14927253,13636244
196,000659,2018-01-25,0.004819277108433662,0.0072289156626503814,0.20655537273763988,10425.0,76578.26408615216,403,8872719,6331633,438422,297580,1891219,1371240,1433921,1073521,890921,1775106,2333481,1229262,646767,0,401988,0,836000,584924
197,000661,2018-01-25,-0.06658091072806793,-0.04579367121173139,4.309678083217034,56757.0,336120.6341963078,2037,193602933,138758921,21754,19257,9235202,7573652,18393528,11253314,21001831,19717646,16709970,22434297,14542408,20381795,11835413,9319085,101862827,48059875
198,000662,2018-01-25,0.0020366598778003286,0.0006788866259335169,0.6812105971733745,8838.0,168253.06853701768,467,3430799,7044921,247775,807255,1047719,1733004,554141,890965,210998,365877,294600,0,340494,0,0,0,735072,3247820
199,000663,2018-01-25,0.01963470319634708,0.01598173515981749,0.6492032351617449,20169.0,79775.16295478966,1139,23010547,29327766,680337,775929,5445616,6107506,5901638,5023115,4852186,6016936,3829714,3585188,1368236,4192640,0,950741,932820,2675711
200,000665,2018-01-25,-0.0009578544061302763,0.011494252873563315,0.38359731480675663,12659.5,90333.34202528106,740,12000788,18810878,545877,533233,3324827,3005624,2890975,2557209,2858282,3611490,1493038,1590385,0,1644498,0,1781577,887789,4086862
201,000666,2018-01-25,-0.0014844136566056765,0.0014844136566054544,0.5509256974025988,20290.0,165734.88656528262,1345,43507170,42680699,630545,674913,6373680,6831740,5083723,6221663,9621739,10143490,5977153,5867646,3247258,2419969,1739699,3157929,10833373,7363349
202,000667,2018-01-25,-0.0030211480362538623,0.0,0.08425207069082613,9900.0,150068.90498102913,1551,41450338,30603642,1290380,1806723,5552815,6120969,4349968,3768661,5358712,4908136,2750600,3222763,3450179,4482713,1328164,1718930,17369520,4574747
203,000668,2018-01-25,0.0026195153896528822,0.0013097576948264411,0.9096656303962047,15130.0,62520.8128185562,281,4795793,4579295,157757,226130,1269028,1119447,553426,1501234,956898,1183148,299834,549336,953650,0,0,0,605200,0
204,000669,2018-01-25,-0.005090909090909146,0.0021818181818180626,0.44444390660982536,15114.0,64412.09110328933,957,14987806,21186672,563380,691591,3364802,5590527,4240366,4918683,3680740,5285550,1149685,1802927,333153,1369506,883000,867408,772680,660480
205,000670,2018-01-25,-0.009819967266775809,-0.0016366612111293755,0.13378586792192004,12873.0,113995.18652180876,2090,45595575,29586140,1836058,1848994,10374191,8869551,9656791,7314214,8889875,5474338,4261143,1696370,2469089,1418038,1383135,438192,6725293,2526443
206,000671,2018-01-25,-0.014084507042253391,-0.007042253521126751,0.17124529030122854,77578.0,640277.7005079666,3383,424191027,428775789,974632,1132482,10931634,12419702,14875060,18187228,31074692,35279569,32675215,31462762,28290521,32122868,31297567,25868597,274071706,272302581
207,000672,2018-01-25,0.0034482758620690834,0.01551724137931032,0.20996695661571804,42156.0,191997.36947074192,3056,142768370,143882628,1858923,1010957,14687276,13123241,19701865,19565952,37492671,30372858,15998429,19369280,15444140,11325629,7381430,6757692,30203636,42357019
208,000673,2018-01-25,-0.006746626686656709,0.0014992503748125774,0.6148572484275241,13981.5,121691.74337352517,470,12853446,10713569,380926,331303,2180346,1777794,1813808,1679718,1905912,1973665,937535,441612,0,1413937,428582,1821570,5206337,1273970
209,000676,2018-01-25,-0.009743135518157642,-0.004428697962798878,0.3666048075305132,11230.0,38621.11406746175,948,11308517,11397800,777839,611249,4304887,3859104,2360435,3060410,3164000,2410381,701356,1092958,0,363698,0,0,0,0
210,000677,2018-01-25,0.005102040816326481,0.007653061224489832,0.184674053870162,6328.0,106508.18353951914,450,3291561,9910462,263305,490324,1358827,1923148,687413,1177100,982016,1624095,0,1402814,0,720085,0,0,0,2572896
211,000678,2018-01-25,-0.010752688172043001,-0.0040322580645161255,0.29651179737592376,7450.0,45134.95614982449,629,8395200,5903672,631801,793517,2536633,1985414,1536504,1270102,814754,1607479,1723853,247160,667311,0,484344,0,0,0
212,000679,2018-01-25,0.005641748942172065,0.0028208744710860323,0.38120621743911876,7777.0,32197.253016556253,345,3437410,3611835,218311,426148,1281649,1524204,1062455,1236040,565435,210313,0,215130,309560,0,0,0,0,0
213,000680,2018-01-25,0.00809716599190291,0.020242914979756943,0.13428848560689632,10479.0,139221.99360539377,1355,27460999,39167049,1116210,1639197,4862893,5235405,3548652,4614549,5471001,6597561,2462596,4951494,2385898,1125458,1891656,2659446,5722093,12343939
214,000681,2018-01-25,0.05390428211586906,0.0775818639798489,0.40315354069285075,35105.0,239232.93758790527,2433,91667577,138230745,986933,1077116,11537885,10665635,12406987,19211735,19552636,19470408,9534210,15994055,2665939,8810224,6724301,8730315,28258686,54271257
215,000683,2018-01-25,0.010204081632653184,0.017006802721088565,0.07377071607948145,14972.0,177765.8603450259,1598,20251695,61807124,592801,1603101,4730010,11325670,2983222,7923918,3365399,8883494,1594997,4811612,343035,2985421,0,1327813,6642231,22946095
216,000685,2018-01-25,-0.006499535747446661,-0.003714020427112219,0.2656663886574243,10730.0,119960.1444273752,1644,40107493,30256945,1133274,1666016,5636695,7915020,4196089,4322556,6274846,5425288,3612084,3017194,4758562,674530,438368,2279858,14057575,4956483
217,000686,2018-01-25,-0.01904761904761898,-0.005291005291005124,0.2040615139863142,25298.0,168978.10502344326,2147,101044329,74896580,1338167,1314799,9371916,10196006,12599025,9164633,15476234,13214774,11291216,8986283,10743781,5692654,10742724,6409880,29481266,19917551
218,000687,2018-01-25,0.006641366223908873,0.012333965844402384,0.3121383978693398,12786.0,85757.13280033253,1140,17334243,25486525,1039929,998328,5111547,5408626,3884966,4317343,3221794,3927886,1807087,2326122,378259,1021233,422502,1800581,1468159,5686406
219,000690,2018-01-25,-0.01978021978021971,-0.012087912087912045,0.22010050440016724,19475.5,136182.39629854672,1710,63024061,42498210,1613580,1037413,7873507,7594868,8543812,7001939,13065608,7203098,7038464,5321040,4227210,2030018,4936728,3629663,15725152,8680171
220,000691,2018-01-25,-0.0027100271002709064,-0.02168021680216803,0.3847922461025956,9366.5,147416.75820963396,368,11240336,5884592,191548,533529,1095826,1592522,905298,922597,568692,766164,444426,222480,705693,0,0,408800,7328853,1438500
221,000695,2018-01-25,0.022964509394572064,0.0031315240083507057,0.5645747549575164,9620.0,28373.15549651661,287,2581928,3116742,297049,357056,1466426,1521386,685057,539724,133396,401936,0,296640,0,0,0,0,0,0
222,000697,2018-01-25,0.011542012927054479,0.019852262234533624,0.6415598164445239,17720.0,72051.10177199314,1140,21462483,25350803,679829,850492,5724710,5434837,4668095,4963986,5850816,7490127,3101922,2330938,995711,300424,441400,400710,0,3579289
223,000698,2018-01-25,0.01340033500837512,0.01005025125628145,0.22164758307287083,12000.0,90207.9911472617,725,13520565,17035754,706908,606732,2671515,2890145,3266745,2209200,2156531,3177770,1729436,1202042,904744,2559284,1358686,946577,726000,3444004
224,000700,2018-01-25,0.0017543859649122862,0.00877192982456143,0.1884366691317349,5760.0,52541.68820861338,915,11788465,9484873,1307526,511651,3423065,1986091,1945983,1780336,2538015,3246800,735561,753422,345000,345000,896929,861573,596386,0
225,000701,2018-01-25,-0.001978239366963397,0.003956478733926794,0.32933268159798773,8116.0,38367.08444895273,942,9047806,8858885,633913,801636,3093913,3709231,1752322,2120401,2313762,1493457,680656,0,0,325760,0,408400,573240,0
226,000702,2018-01-25,0.019061583577712593,0.01026392961876832,0.2818496632401146,7623.0,49708.144839743974,585,7513919,7638624,740657,533469,2333262,1743795,1542202,1565002,1875322,1941612,251485,1328350,770991,0,0,0,0,526396
227,000705,2018-01-25,-0.002418379685610539,0.002418379685610539,0.29011816942009805,2496.0,32685.060227499664,812,7130229,4392535,1123240,607197,1840540,2120319,1616272,1114137,1329146,550882,455960,0,356040,0,409031,0,0,0
228,000707,2018-01-25,0.061594202898550776,0.02717391304347827,0.20163873884117578,11000.0,50514.69674257665,749,6584329,13426460,580882,746107,2117567,4128011,1466162,2534897,1958060,4460061,461658,677114,0,0,0,0,0,880270
229,000708,2018-01-25,0.013651877133105783,0.017918088737201243,0.35234966353120617,11950.0,103203.0220584872,1106,20241810,27146598,669801,1045072,4783069,4999713,4505999,3953117,3510621,5147766,2638871,2866705,1418476,2849303,0,0,2714973,6284922
230,000709,2018-01-25,0.0024271844660193054,0.00728155339805836,0.07895673400842253,18998.0,385280.9886817554,2740,118705368,174047576,2132913,1575938,11579363,12134809,10838777,9880157,11512659,15196433,11695040,12777347,7407066,6945751,5724876,7904247,57814674,107632894
231,000710,2018-01-25,0.011942174732872513,0.02723653886444599,1.18652233427075,24725.0,107878.87764159472,1619,45518602,46858473,1321933,1689865,8016109,8295715,6284740,8041598,9461419,10127635,8075372,6371270,2433784,4548368,3157810,2647237,6767435,5136785
232,000711,2018-01-25,0.0028632784538296097,-0.005726556907659219,0.38530397221798013,13890.0,67967.74163193152,1315,25753812,21096328,1126218,1066845,5609070,5779309,9200890,3575967,4199697,4749250,2714120,3005413,0,694502,483000,825200,2420817,1399842
233,000712,2018-01-25,-0.018604651162790753,-0.0034883720930232176,0.4507912977862635,22145.5,147667.9379765094,1456,61357142,41583184,882458,984105,7008609,6775586,6811207,5873720,11985646,9586875,5828689,3242358,4787579,2292974,3625288,2679162,20427666,10148404
234,000713,2018-01-25,0.0014727540500736325,0.002945508100147265,0.35891758749913527,10848.0,41897.21722282929,357,4367866,4466544,208398,396196,1328168,2044741,1166235,720485,676796,802222,988269,502900,0,0,0,0,0,0
235,000715,2018-01-25,-0.00736842105263158,0.001052631578947416,0.5794034404386624,4740.0,119198.89551053758,268,9096586,2277436,195274,289223,495652,721924,175130,430752,132720,375272,1749669,0,668095,0,942609,460265,4737437,0
236,000716,2018-01-25,0.01109057301293892,0.012939001848428777,0.16772064153248245,5984.0,55918.31644896732,1041,11616482,14248377,951282,991993,2682952,4139726,2047724,2824763,3223768,2227348,1339138,2542988,0,689040,0,832519,1371618,0
237,000717,2018-01-25,0.004784688995215447,0.005980861244019309,0.14724516435148197,42789.0,358602.7667319761,3229,248007064,237780440,2225798,1022469,16126234,11921392,22415297,15883502,33877935,22848904,27620014,18403707,18077265,10387851,12459581,17745570,115204940,139567045
238,000718,2018-01-25,0.0020661157024792765,0.0,0.10609757681489373,18278.0,107912.7988173711,2088,62114800,55641108,1511904,1808038,9000879,9123745,10207149,9271501,12922105,11217071,8824821,7895579,4656700,4849196,5462006,3605082,9529236,7870896
239,000719,2018-01-25,-0.013499480789200491,-0.006230529595015577,0.271883974527429,7776.0,52364.00721377805,1255,15048957,12907538,845542,1826993,4774628,4355839,3476841,2058682,3485772,2157908,1149683,862331,360536,309120,0,0,955955,1336665
240,000720,2018-01-25,-0.01098901098901095,0.0,0.1217305277732942,10920.0,147782.61014791028,1408,32434506,26364318,1111112,1536342,5089766,5717565,4989616,4486107,4638416,3605948,3822426,4085890,2394392,1004408,1392520,915559,8996258,5012499
241,000721,2018-01-25,0.001814882032667775,0.00907441016333932,0.22194029114120645,7227.0,54709.243099587744,616,6634212,7489066,527836,689567,1934423,2211400,1455695,1187007,459138,1121973,803133,953900,951652,667325,0,0,502335,657894
242,000722,2018-01-25,0.0065502183406114245,0.008733624454148492,0.4225674349962471,11959.0,49856.06429152421,469,6408314,7298033,541538,493175,2054129,2688489,1581743,1536571,806518,1815306,241434,764492,670876,0,0,0,512076,0
243,000723,2018-01-25,-0.007374631268436516,0.0,0.18936000104327227,5436.0,51162.73872319341,1282,12376860,16891856,669341,2572507,3656569,4635785,1932733,3152554,2286429,3109882,2218328,1417168,339000,343400,1274460,906440,0,754120
244,000725,2018-01-25,-0.027649769585253448,-0.006144393241167445,0.10867774991053726,390481.0,2527479.5544434884,3600,1846760382,2041651739,88419,100174,4175292,4252462,12339611,13641050,39020100,42483259,41033408,51686590,41792502,52108111,38884922,50419049,1669426128,1826961044
245,000726,2018-01-25,-0.010723860589812229,-0.008042895442359255,0.2750680804166545,10017.0,130751.53160590281,1655,37520916,29550915,587149,4952427,4772758,7159363,2689463,5322577,4681460,6357586,4045573,1718374,1943421,1006108,2185722,819543,16615370,2214937
246,000727,2018-01-25,0.008196721311475308,0.012295081967213184,0.054352877256581986,1722.0,88472.54781775112,2047,15328951,24614654,1170956,1767331,3882360,4107420,2741403,1937437,1771385,3128302,2045103,2440782,637854,1440805,418200,1358553,2661690,8434024
247,000728,2018-01-25,-0.011206896551724022,0.002586206896551868,0.22787735762668926,34770.0,230471.26011198908,2593,160601882,117368176,1201514,1254102,11375175,11690484,13270052,12308559,23844897,20736922,18066760,14485777,16912946,12531432,12488598,11470590,63441940,32890310
248,000729,2018-01-25,-0.01622971285892638,-0.013732833957552981,0.1651751015466604,22204.0,179636.3442447643,2356,88383307,55998059,1826385,1714092,12549925,11644545,11133454,9227407,12152641,12148017,9006102,6215874,8291947,2800312,3086443,1762360,30336410,10485452
249,000731,2018-01-25,0.0078125,0.006510416666666741,0.256800269502171,15380.0,92453.90058906638,894,18329400,22983703,620605,836718,3459769,4474176,3602906,3843858,3566382,4508110,1748601,2221421,2492482,2479366,1829651,0,1009004,4620054
250,000732,2018-01-25,-0.0323155216284986,-0.013486005089058395,0.6718353226692554,185447.0,2436364.987295534,3436,905356406,1201852279,297733,820698,5875703,10247241,12666295,19624118,32277241,36266941,34220555,40691478,29156638,39047996,32837445,36642327,758024796,1018511480
251,000733,2018-01-25,0.0014174344436570507,0.012048192771084265,0.411724367161078,14280.0,98880.91196958032,1174,20884553,27747531,1496063,721044,4714927,5465684,3840083,5526596,4120134,7552711,3582300,2605502,399000,722908,415716,826766,2316330,4326320
252,000735,2018-01-25,-0.014412416851441123,0.0011086474501107446,0.16980984725137557,36900.0,224322.17426133016,2828,139144362,123927853,1707845,1563043,14930702,11452832,20494419,15497509,26455297,23682362,12945513,17383584,13001871,9497116,12966722,10179548,36641993,34671859
253,000736,2018-01-25,-0.02425267907501405,-0.010152284263959421,0.6546787279467626,19140.0,71838.61007804875,733,20769877,11850150,517779,555432,3647055,2437504,6749916,2991776,5868986,2235160,1226184,1070775,1445577,1361351,0,0,1314380,1198152
254,000737,2018-01-25,0.09999999999999987,0.09999999999999987,0.1257223586615264,20722.5,179586.10756120665,1226,63864094,28387072,1576784,345623,7179282,2485250,7702410,3325102,9859990,5371117,8064545,5318032,5685302,2066434,4533631,1378712,19262150,8096802
255,000738,2018-01-25,0.01935038009675183,0.033172080165860374,0.30317207701545823,20930.0,127382.34753516113,2279,56286073,82691778,1634193,1405612,9181465,12164035,9683823,11542342,13577271,16847403,7070058,8549234,5908488,7116871,2228306,5296200,7002469,19770081
256,000739,2018-01-25,-0.0031796502384738856,-0.007949125596184436,0.22094669735640388,11268.0,114711.90677077933,810,18899427,14893654,335444,1139849,2085186,4381406,1091577,3085962,2358492,3088384,1789562,1188352,1983324,712771,996244,0,8259598,1296930
257,000750,2018-01-25,-0.01869158878504662,-0.005607476635513864,0.12158708904167494,15428.0,171473.08237601788,1941,68530386,46570099,1521174,1202875,8964918,6812619,8515298,5964766,12061940,6029173,6693308,7933613,3837748,3143599,4899875,2273094,22036125,13210360
258,000751,2018-01-25,0.016885553470919357,0.018761726078799112,0.10971954751496912,26705.0,237450.0679647347,2367,83827806,111368320,1355267,1290923,11583663,10769986,11893392,12009370,16953396,16999207,8390644,13888173,5731136,8365043,4016807,3909077,23903501,44136541
259,000752,2018-01-25,-0.005405405405405239,-0.003088803088802994,0.6742471597898213,12890.0,41125.99498889111,368,5697450,3745099,194963,352551,1540187,1833931,1122328,924881,2034977,405229,418595,228507,386400,0,0,0,0,0
260,000753,2018-01-25,0.007772020725388629,0.015544041450777257,0.14163778817835382,11610.0,152037.03886471107,743,13194756,23760339,609068,739219,2299107,3532053,1912212,2415870,1947319,3186721,1465182,1534350,1802477,0,1719332,1793637,1440059,10558489
261,000755,2018-01-25,0.0031746031746031633,-0.004761904761904856,0.27533651210304017,8138.0,67227.24562665311,523,8563386,6005473,349758,595899,2088475,1697425,2116812,1349681,1399741,1387139,722532,244529,0,0,443750,0,1442318,730800
262,000758,2018-01-25,-0.0060240963855421326,0.0075301204819278045,0.15643245999785535,16675.0,156838.24257862885,1804,55473197,56591003,1375199,1300554,8196875,6679812,7705041,6990328,9273646,9691482,8152224,7566784,4440070,3386713,3534213,3872931,12795929,17102399
263,000759,2018-01-25,-0.011173184357541888,-0.0011173184357541333,0.23174459643079354,15232.0,89903.67145954944,1494,34301700,25803177,1500594,1434299,7383098,5952558,6916712,4775961,7085157,5265504,3020183,2596762,1919205,2302895,1794252,873288,4682499,2601910
264,000760,2018-01-25,0.003442340791738552,0.0,0.1853641768220243,11440.0,74727.67002467105,983,15809448,14760311,637587,938321,3439929,4102176,3622084,4086028,2928057,1664436,1167508,2075872,669831,0,402688,406700,2941764,1486778
265,000761,2018-01-25,-0.003478260869565153,0.006956521739130528,0.1254545044226374,19008.0,179484.4093207477,2106,84618312,72879663,1955893,926787,8527768,7835527,10232807,9158604,11690960,11005716,7782888,8332478,5393202,5533042,6667673,5830017,32367121,24257492
266,000762,2018-01-25,-0.006578947368421018,0.0026315789473685403,0.3587932486946358,19929.0,171380.09648310606,1795,58641546,50083888,1129389,1371609,8280258,9300511,8849428,10321552,10708672,10416520,4737622,5299699,2714291,6428301,891945,1789413,21329941,5156283
267,000767,2018-01-25,0.013468013468013407,0.010101010101009944,0.12018718385846937,5066.0,120912.27518918761,611,5510805,11498311,475668,812095,1468009,1933585,690751,727685,899000,1176064,947194,705600,0,1019739,453583,415311,576600,4708232
268,000768,2018-01-25,0.03105590062111796,0.04161490683229796,0.29232634401294755,38640.0,393616.02380563936,3037,189924096,245461103,1897919,1103598,15569856,11807563,17674044,13871369,28990867,20827090,21706896,19418902,15246608,16685151,13730701,11086095,75107205,150661335
269,000776,2018-01-25,-0.007031642390758486,0.0025113008538424353,0.3386754164669942,108817.5,628704.3996163398,3458,548416451,453634058,1198837,655576,11081112,9542693,18678637,22420442,37336249,43272605,32434780,45139954,32377542,36206708,30492412,35156041,384816882,261240039
270,000777,2018-01-25,0.003603603603603789,0.01981981981981984,0.33875832971467734,33710.0,648362.7380356389,2446,165759698,186885174,1017706,1645090,9520746,11784351,10722367,14729189,19087289,19630543,13349763,14139327,11126894,10438662,4956909,6249459,95978024,108268553
271,000778,2018-01-25,0.005464480874316724,0.012750455373406133,0.11392133558515104,13850.0,145878.28736832325,2329,44026914,84779255,1667188,2007864,7170011,10462771,5621383,7590928,7831228,27438586,5399948,9375802,3806193,4130965,2989293,2788990,9541670,20983349
272,000779,2018-01-25,0.0014482259232440065,0.006517016654598029,0.773326599509112,9733.5,27837.10819264148,318,3350319,2349235,349947,325439,1340606,1073610,730533,437631,929233,512555,0,0,0,0,0,0,0,0
273,000780,2018-01-25,0.015717092337917515,0.01964636542239706,0.15742560830831845,5130.0,211513.13559372496,1048,11436563,23863648,1213749,742679,3080873,2753662,1710764,2694464,2384102,2192457,1962407,1757923,648700,654027,435968,0,0,13068436
274,000782,2018-01-25,0.020352781546811416,0.01899592944369055,0.36412000777366627,9594.0,51016.95691784177,409,4812504,4495828,442358,470410,1521350,1797712,723816,1309959,880979,280247,524500,258000,0,379500,0,0,719501,0
275,000783,2018-01-25,-0.011723329425556872,-0.0023446658851112856,0.1789737344446815,21100.0,252251.22402904794,2274,112719608,92327883,1641115,1628509,11096776,8466628,10846894,10535204,13734753,11598364,9278730,10200318,5112447,4212921,10856934,6581236,50151959,39104703
276,000785,2018-01-25,0.0018867924528300772,0.004716981132075526,0.2827973788202617,11682.0,51530.62353198099,1405,22736984,18474003,1375467,1075288,7419665,5836983,4420841,3564117,5102686,3984232,2219877,2903453,966248,661416,0,448514,1232200,0
277,000786,2018-01-25,-0.010765550239234423,0.0023923444976077235,0.43754721358250154,75060.0,306160.57710205496,3289,281585991,249131737,896200,892419,14188034,10292364,18454885,18476059,41570571,47313739,38382753,31268553,23148745,18659045,23537530,21371140,121407273,100858418
278,000788,2018-01-25,0.005945303210463715,0.0047562425683709275,0.39871495033215787,10074.0,41949.87351089881,444,6491256,5306082,451198,498125,1924336,1687429,902409,1746906,2799753,1373622,0,0,0,0,413560,0,0,0
279,000789,2018-01-25,0.020066889632106788,0.030100334448160515,0.21495267805546905,56165.0,315661.6945057858,3099,172823713,232963899,915897,1292347,12559953,14017693,19869703,23998718,33806630,41568610,19245576,29838803,15637579,15675033,5742475,10390189,65045900,96182506
280,000790,2018-01-25,-0.006765899864682012,0.0027063599458727605,0.29807928335352907,11816.0,81853.08457692811,614,11179898,8466626,522704,519059,3016582,2844767,2018935,1202967,1461334,1366586,920433,1378556,0,700740,0,453951,3239910,0
281,000791,2018-01-25,0.005069708491761693,-0.0025348542458808465,0.22948168611038589,13311.0,62334.06873174564,1182,20409641,19085515,1256875,1123622,5603936,5196708,4596602,3937317,5520752,3142757,703005,2204117,1680019,365490,489532,1795123,558920,1320381
282,000792,2018-01-25,0.020283975659229236,0.019607843137255054,0.2664564645650384,60967.0,505213.63621002296,3084,312915973,287717028,1414080,892367,13307030,10849987,16605045,17067111,33894609,32990991,20193927,25879479,22414142,28506270,17493773,14446646,187593367,157084177
283,000793,2018-01-25,0.002083333333333215,0.0010416666666666075,0.25063538475592556,19200.0,218428.45082761536,1467,46984789,55064206,921560,1774085,5343367,7392711,5101502,7687467,8636417,8785214,4939584,5624979,1648047,1399967,2685097,2280473,17709215,20119310
284,000795,2018-01-25,-0.0016420361247947435,0.006568144499178974,0.16605058069703652,12260.0,68071.71065280928,1346,21605554,25180342,1236197,1317371,5922948,5545518,4482318,3848147,4572620,6391386,1797315,2147862,1402862,3645228,485928,807321,1705366,1477509
285,000797,2018-01-25,-0.012867647058823595,-0.01194852941176483,0.31502262835784606,10780.0,144687.87208000905,1193,30973859,19538514,550674,1041807,3902922,5023808,4873883,3325448,6330603,3150844,3167260,1594186,1301760,1329556,1790987,439956,9055770,3632909
286,000798,2018-01-25,0.007838745800671898,0.010078387458006599,0.4111122614342352,8950.0,48839.32364992756,471,4359014,5902778,436871,629578,1816124,1831451,910924,944250,712151,393293,482944,770787,0,384813,0,408606,0,540000
287,000799,2018-01-25,-0.01705837755875661,-0.0094768764215315,0.49520822855764984,25920.0,145454.42703878542,2838,94885315,90978065,712339,2727504,9257195,17851388,12452332,16353031,18646566,20445594,12038117,9608838,9324523,7254942,3175885,3089933,29278358,13646835
288,000800,2018-01-25,0.010238907849829282,0.024744027303754246,0.2308465991076588,34860.0,242180.88854601074,2580,137722948,129170331,1335413,1039585,12547163,12023684,14671775,14391563,20123175,18057427,16510383,17904046,12040146,9095563,7273395,10890256,53221498,45768207
289,000801,2018-01-25,0.009188361408882129,0.024502297090352343,0.12397722265331944,30555.0,237541.0784139464,2785,110381530,136099787,1539102,1527658,12464354,10968141,17144898,12996813,23470153,21354834,15642713,20147057,11476117,10355244,8679005,10551875,19965188,48198165
290,000802,2018-01-25,0.011005135730007165,0.013206162876008731,0.3157421482992684,21045.0,144109.41408312664,1865,56156671,54885640,1194532,1486159,8300520,10158634,8281559,7974681,11192132,9693675,6343057,5367880,5792692,3107783,4937300,2658791,10114879,14438037
291,000803,2018-01-25,0.026264591439688845,0.014105058365758927,1.9348289171026547,6258.0,33826.46499306861,112,613796,1608399,117326,138522,411313,260867,85157,397926,0,602584,0,208500,0,0,0,0,0,0
292,000806,2018-01-25,-0.02157497303128364,-0.010787486515641764,0.19320395634955523,19330.5,298371.7793925755,2306,94324883,92980124,1668946,2139356,12088906,10745392,9568819,9304265,16347549,8684522,4583790,4596516,5228938,1637238,3766978,2261213,41070957,53611622
293,000809,2018-01-25,0.0,0.005449591280654031,0.18591189258687899,12880.0,115931.7358079092,389,8556042,7915390,236264,398945,1610485,1898887,1218647,1129060,1554496,2286710,961180,984104,727206,0,400036,0,1847728,1217684
294,000811,2018-01-25,0.010000000000000009,0.012499999999999956,0.3328124238437934,12165.0,108345.79211748626,577,11920586,12340868,593560,566249,2613641,2203435,2301600,1322974,1476869,2623647,453454,1942754,0,1322773,1302115,908820,3179347,1450216
295,000813,2018-01-25,0.009029345372460584,0.02257336343115135,0.25878088231171503,15291.5,198866.96251783698,1172,34204462,61017964,972676,1575928,3767877,4389119,3761907,9814190,3730911,6494579,3867138,3308692,2011158,2508947,4466272,2699129,11626523,30227380
296,000815,2018-01-25,-0.029994001199760034,-0.018596280743851334,0.6408459514498971,17391.0,37647.23296462125,676,13034692,5811262,330154,823463,6433300,2319537,3319557,1534602,1305076,1133660,986493,0,660112,0,0,0,0,0
297,000816,2018-01-25,0.013651877133105783,0.013651877133105783,0.07666861893428173,7425.0,97869.8156343242,1469,16330296,34521140,1008921,1692959,4866574,5525531,2090399,4507941,2407395,5430396,2451718,4244491,961531,2881804,862910,1737469,1680848,8500549
298,000818,2018-01-25,0.01781376518218636,0.007287449392712642,0.39679908651664847,11124.0,76328.8038934144,968,12517373,19585952,338871,1720591,2304228,5811215,2038444,3867599,2034989,2513748,982059,2431605,1411213,1439334,492765,494400,2914804,1307460
299,000819,2018-01-25,0.01676963812886134,0.024713150926743088,0.36713361611200745,10507.5,49204.29685633575,952,10308972,13563049,745247,906790,3403428,4288604,2508945,2553243,2216764,3314204,449241,1459808,0,343800,415347,0,570000,696600
300,000820,2018-01-25,-0.030269058295964046,-0.017376681614349687,0.3108212956548282,75593.0,324361.6907818581,3301,272049994,240823585,816458,850205,12356726,12942512,21475146,22826291,39366406,44184496,37881441,41430042,28759191,27116263,21880973,22593999,109513653,68879777
301,000821,2018-01-25,-0.0008779631255486642,0.0070237050043897575,0.37974137710080186,11500.0,60915.87985273282,899,15618567,14722966,711876,694459,4055307,4408399,2665302,3009764,3295314,2923706,2232061,3307882,1080564,378756,916895,0,661248,0
302,000822,2018-01-25,0.01941747572815533,0.029126213592232997,0.1912991104066407,18960.0,108306.85216142362,2350,53539892,76685877,1801966,1844537,10719503,11590886,8468593,12666135,10592061,16364636,6294947,12064421,4526704,6517792,4127347,5335339,7008771,10302131
303,000823,2018-01-25,-0.024653312788906034,-0.014637904468413065,0.25210039431681625,16887.0,160786.37443619856,2655,90299736,54863427,3102453,1080755,17356303,12679210,9207779,8735150,12555241,16325526,7402839,5328582,5749667,3767914,4702562,446340,30222892,6499950
304,000825,2018-01-25,0.011257035647279423,0.009380863039399667,0.09896591068344238,30209.5,328497.6992083843,2912,172764184,208015269,1401237,1642381,9114486,11887576,14233623,13668011,23295662,23728471,15076681,18626284,15094975,19805998,8505998,9778784,86041522,108877764
305,000826,2018-01-25,0.000949066751028127,0.002847200253084381,0.8727846723558528,15880.0,109026.14541804056,1311,31556090,28542215,1127619,1412547,5316850,6773270,4394807,5635341,5709449,5003058,2475838,3349244,3053370,1311829,2288877,2235841,7189280,2821085
306,000828,2018-01-25,-0.003481288076588429,0.005221932114882533,0.3611075947799123,9152.0,86207.34504226885,1012,16703885,19278521,751934,946847,3671490,3134560,2833331,3462218,2002496,5033268,1880769,945068,1457928,2125000,456800,456800,3649137,3174760
307,000829,2018-01-25,-0.02123142250530774,-0.0127388535031846,0.33312182895895376,9350.0,71111.69794469872,799,10600108,12564721,771308,979593,3051159,3392003,2316556,3052752,1541718,1276560,733471,1601794,738512,0,0,0,1447384,2262019
308,000830,2018-01-25,0.015399422521655382,0.017324350336862304,0.35453868954319295,127246.0,477643.9151395274,3441,491367402,499365421,493025,560853,9098925,10913840,17694425,19091026,37369145,37522946,39744772,47063404,33857656,39025109,40605009,35322644,312504445,309865599
309,000831,2018-01-25,-0.0008368200836820217,0.01087866108786617,0.28233063018685944,24070.0,135188.8704152821,1792,53496919,62582752,1035804,1251380,8926283,8885970,8572971,8685909,11208676,15137320,7631655,5374372,4423564,6721746,3125611,4207832,8572355,12318223
310,000833,2018-01-25,0.005722460658083017,0.011444921316166035,0.22383518074552533,11216.0,50279.18836433973,975,11173313,16949308,962990,1116032,3455698,4974456,2145693,3099790,2913197,4620031,1001668,1457710,694067,754728,0,926561,0,0
311,000835,2018-01-25,-0.006024096385542244,0.004819277108433662,0.2772283318334214,12405.0,44751.380405995405,896,12843182,12971435,836659,1010375,4608479,3942885,2643464,3003116,2990429,3237394,1263751,1777665,0,0,0,0,500400,0
312,000836,2018-01-25,-0.020793950850661713,-0.013232514177693777,0.10340227360620971,32987.0,310661.4508821156,2630,123766828,147845489,1035110,1792263,8933970,11926204,12825022,14401413,20749071,21889200,16476635,20278618,13975266,13757388,8910437,13773168,40861317,50027235
313,000837,2018-01-25,0.006568144499178974,0.009852216748768461,0.2053900282319266,8582.0,54894.31849753509,879,11318530,11922945,1245192,894373,2793611,3284553,2120614,2909104,1777999,3084780,943391,298531,1083133,369000,1354590,415800,0,666804
314,000838,2018-01-25,-0.013008130081300862,-0.004878048780487809,0.16705495792802671,12280.0,51777.196859305586,1356,23052832,18321394,1383208,1025999,6938202,5711950,5029619,4435318,5446586,2918719,3209079,2014188,1046138,723973,0,923050,0,568197
315,000839,2018-01-25,0.011273957158963066,0.021420518602029537,0.158965217691351,46332.0,366853.39665064076,3118,197598525,297624456,1474719,1685527,13681703,14372438,15595148,18553781,28538788,30927824,23223106,26154064,14163855,19764308,17873766,12234940,83047440,173931574
316,000848,2018-01-25,0.012833168805528095,0.01875616979269501,0.21996363550836487,6186.0,88579.55773787524,2123,25075463,41516152,745204,2730483,6730909,8323914,3497502,6301877,4709575,6863653,2222033,3536430,1667703,3501984,1400552,2098813,4101985,8158998
317,000850,2018-01-25,-0.006396588486140775,-0.002132196162047073,0.2262594662061491,9340.0,57294.33000230282,429,6992904,5459786,360577,580894,1498785,1781478,1083531,1302596,1854513,875233,792700,919585,0,0,1402798,0,0,0
318,000851,2018-01-25,0.004629629629629539,0.0185185185185186,0.26851961082038633,14994.0,88431.7563036665,1035,20169009,23476984,1105449,967025,4211149,5362603,3212384,4570996,4765375,6141111,2829581,1685772,705024,2053942,446103,436202,2893944,2259333
319,000852,2018-01-25,-0.007843137254901933,0.004901960784313708,0.24127335140145947,20540.0,123820.11072655967,1788,47213582,51102531,929303,1255831,9031169,8132941,8381248,7886114,12759753,11163550,6110359,5959718,4883475,3384808,2531827,2146493,2586448,11173076
320,000856,2018-01-25,0.02376599634369292,0.033820840950639974,0.40449318160275743,45050.0,199654.62947258053,2930,147278714,136708899,1094805,995574,14948148,14123736,21392464,17179434,28948580,30463836,23836925,15476739,9809916,11874390,10379521,6760629,36868355,39834561
321,000858,2018-01-25,-0.006928406466512604,0.005311778290993274,1.4478695489336424,380828.5,1405889.5626912457,3578,1400576418,1324587686,145505,94071,2908188,3233336,8904854,10741594,38566405,40079981,42992808,51857883,37895065,46699844,43659633,55383842,1225503960,1116497135
322,000859,2018-01-25,0.007092198581560183,0.009456264775413503,0.17980765850688576,9820.0,78282.44860324945,553,6992987,10449470,392752,590074,2119162,2739289,1240326,1307582,1640172,1773805,219960,0,334767,1340210,426999,0,618849,2698510
323,000860,2018-01-25,0.002968827313211131,0.011380504700643224,0.41865495559367627,10165.0,139750.75527020107,2331,51112407,75984524,451847,3831975,6410697,8412053,7463525,10054169,9498958,11553404,6654890,7211557,2888437,6239902,4369528,6058940,13374525,22622524
324,000861,2018-01-25,0.0032051282051281937,0.0064102564102563875,0.13315453039383568,3130.0,45734.49641245189,549,3872192,5737878,317910,599071,1468099,1501428,786826,1038661,459315,1297331,280211,265644,0,1035743,0,0,559831,0
325,000862,2018-01-25,-0.028513238289205822,-0.024439918533604943,0.16843398756216027,19140.0,75211.33103600371,850,17933073,10606553,353366,1024757,5410780,3957827,2515330,2117091,2466100,1981435,2986483,1525443,729839,0,1442999,0,2028176,0
326,000863,2018-01-25,-0.016949152542372836,-0.007532956685499026,0.19437971363224493,6312.0,79056.08336695647,746,14930548,9598616,339758,696306,1831488,2719098,2183835,2454028,2977729,2899217,700268,511375,1650027,318592,1356477,0,3890966,0
327,000868,2018-01-25,-0.006960556844547439,0.011600928074246175,0.16279261294710315,28611.0,108247.58624134066,2809,89983153,88143093,1767963,1508725,16751797,14113290,17933749,13723253,20534703,19741757,11286514,13965461,6685976,7879425,3154763,5270724,11867688,11940458
328,000869,2018-01-25,-0.007105263157894837,-0.000263157894736743,1.0673113842319142,18955.0,125369.91878908574,1267,32795232,31413076,815189,1059531,7184729,7509755,4348574,4802525,6416495,7016972,3141204,2167560,2760490,1726909,1366664,1403604,6761887,5726220
329,000875,2018-01-25,0.02801120448179284,0.0308123249299721,0.08706289755196973,14600.0,97958.38586810263,1687,23439914,46935491,874751,1790114,3150010,11729058,5882870,8691246,5122740,8548436,1942155,3451615,2440170,2849639,1321390,412776,2705828,9462607
330,000876,2018-01-25,-0.02485207100591702,-0.013017751479289852,0.164994733642159,30042.0,274660.7055486087,2628,154213718,125634322,1549008,1334527,10665114,8643758,11968257,9948071,50343349,19396103,21278349,15507676,13669402,7663092,6238116,10581322,38502123,52559773
331,000877,2018-01-25,0.003493449781659441,0.02008733624454151,0.21993977269022577,31455.0,257622.0595777705,2713,121216927,132874672,1232689,1314339,11325453,14367572,12957053,15822254,22039128,27464948,14357418,15465594,8461282,7529424,5588532,5711869,45255372,45198672
332,000880,2018-01-25,-0.0010695187165775666,0.011764705882353121,0.44381322042622123,10318.0,68195.66692015655,443,5181058,7702453,559936,394155,2064990,1850859,909391,1761140,1133529,1393440,513212,293260,0,0,0,474500,0,1535099
333,000881,2018-01-25,0.09482758620689657,0.09482758620689657,0.28198468440367713,34925.0,297670.6329115202,2053,112568766,106899239,925575,992747,11295112,8342596,12102844,10036336,22554335,15944627,12535612,8766083,6082364,6241981,7115307,7590112,39957617,48984757
334,000882,2018-01-25,0.0,0.0032573289902280145,0.11727078274147401,6160.0,143859.68493721634,686,10550130,12790157,512927,619756,2301676,2683337,697110,1327270,1663635,2730757,489412,523600,702396,1044316,490336,0,3692638,3861121
335,000883,2018-01-25,0.006302521008403339,0.0021008403361344463,0.13337512966993928,8126.0,98325.87895701164,1276,19726948,17608550,1564858,1642933,4303334,4412686,2452762,3139953,2159685,2199096,1763795,2352080,313090,990416,1777525,938314,5391899,1933072
336,000885,2018-01-25,-0.0011567379988431936,0.012145748987854255,0.37609614783639456,24388.0,116996.8332623228,2114,50707485,72285615,1330418,1452810,10332365,11760542,10631832,12089919,10193453,13142174,7120769,8315195,2308758,6514364,3214114,3618824,5575776,15391787
337,000886,2018-01-25,-0.02473958333333326,-0.01432291666666663,0.23850231775343647,15260.0,102358.40801881388,1037,36242008,20356007,814351,944967,4519968,3461066,5577754,2743514,7088291,4682371,6493225,3033188,4292058,2500512,2601485,876604,4854876,2113785
338,000887,2018-01-25,-0.011864406779661052,-0.003389830508474523,0.41990490445232315,21108.0,98722.20093637444,1778,39685224,37614163,1430442,979446,9512116,12741219,5734237,6435175,7929137,6212333,3484219,2100046,1070776,1425944,448000,484932,10076297,7235068
339,000888,2018-01-25,-0.002830188679245227,-0.0009433962264150386,0.39025325182837894,12696.0,66280.53322373884,737,12901699,7827108,463006,501529,4649399,2260667,1493631,1874769,2394333,1446883,471222,1109534,344500,633726,837552,0,2248056,0
340,000889,2018-01-25,0.0007824726134584292,-0.004694835680751019,0.5358873509666063,5112.0,64727.11425640609,568,2717895,8705667,283237,770665,1247299,2152792,315550,1083456,509859,873374,0,746606,361950,0,0,0,0,3078774
341,000890,2018-01-25,-0.01744186046511631,-0.015988372093023284,0.3273482079608764,7480.0,49104.34755078928,441,7718767,3475706,355474,477169,1565168,1597888,1844164,702375,1571412,459538,448740,238736,1933809,0,0,0,0,0
342,000892,2018-01-25,0.0012195121951221743,0.003658536585366079,0.28040880815122965,10764.0,61658.66838931025,855,11441951,12283409,1008073,704402,3900519,3576347,3224490,2978663,1592032,1604635,937212,654676,0,707236,0,445655,779625,1611795
343,000893,2018-01-25,0.003947368421052699,0.010526315789473717,0.22188437113133236,9090.0,90502.48570198378,1174,18780015,21832050,1215378,1040089,5344734,3342897,3806253,3665803,4198972,3717772,2171943,3221211,763460,3064347,0,866091,1279275,2913840
344,000895,2018-01-25,-0.019553072625698387,-0.02164804469273751,0.48953133188316567,82364.0,422581.4264679732,3425,336883636,228088583,340789,710831,16515542,8614616,36178120,21395846,59868575,43750955,37537530,29645619,22373244,20489263,16885020,16170725,147184816,87310728
345,000897,2018-01-25,0.0,0.005434782608695565,0.10417585239876524,7380.0,72740.647100333,1252,21258234,14421607,1143986,1268288,5358820,3722963,2571544,1964538,5068503,3660843,2614585,496948,1264947,0,0,415494,3235849,2892533
346,000898,2018-01-25,-0.005509641873278293,0.0013774104683195176,0.14206337960868629,36150.0,294640.8988516614,2617,152417675,175281424,1717378,1443648,10907403,10309972,15789672,11310496,21375740,17791496,15529619,21259774,13292078,17602890,10254463,7891362,63551322,87671786
347,000899,2018-01-25,0.012027491408934665,0.005154639175257714,0.3116260629526602,6147.5,148860.42434619062,348,8279030,4871013,165389,382641,1017178,1172011,638417,1001625,587613,1202440,222300,221867,346885,0,475020,890429,4826228,0
348,000901,2018-01-25,0.013466550825369294,0.03040834057341435,0.4996527195080028,28428.0,166999.16996491078,2123,63729276,102752057,1423051,1123384,10959989,10752169,10937934,12021577,13445142,18704680,9753897,12930490,3812975,7518414,3265863,7549830,10130425,32151513
349,000902,2018-01-25,-0.013052208835341417,-0.008032128514056214,0.2937610947589059,8878.5,62492.236014943184,1150,13297609,10921391,1282359,1399809,4280551,3344234,1933844,2597776,2976837,1958642,225864,202910,321114,354220,0,470400,2277040,593400
350,000903,2018-01-25,0.0029069767441860517,0.0029069767441860517,0.12516526615781134,7761.5,101551.43706634798,756,8762773,16673362,480835,871048,1830140,4157886,921732,1794382,1159528,3370489,558624,1126118,0,1423362,459488,0,3352426,3930077
351,000905,2018-01-25,0.002780352177942591,0.008341056533827773,0.3020479083608682,16132.0,105443.759693287,1276,28537437,33132784,1001321,790733,6173816,5983036,5332590,4417742,4164995,7582888,2279301,4996605,2432997,1326398,2249591,2747534,4902826,5287848
352,000906,2018-01-25,-0.039237668161434924,-0.0358744394618834,0.2049321158594326,17390.0,222573.9826842745,1898,56368952,66401346,1142431,2231367,6637358,9133688,7318104,9120706,10202730,11539357,7544252,5996831,5147408,6421874,5261999,5919575,13114670,16037948
353,000908,2018-01-25,-0.0016420361247947435,0.0016420361247946325,0.2567438801454633,6115.0,81475.2367057217,562,9513000,7979382,275205,744598,1577460,1989269,1213761,2083785,1147752,1312215,1670461,760669,1600441,1088846,0,0,2027920,0
354,000909,2018-01-25,0.013565891472868241,0.0029069767441860517,0.4745710497404951,10360.0,35011.79627334552,472,6141024,5335602,298844,390874,1669791,2617061,1627480,1549389,1688781,778278,856128,0,0,0,0,0,0,0
355,000910,2018-01-25,-0.0016148566814694343,0.0016148566814695453,0.7030953205289692,9932.0,77155.63878220384,1241,23770026,20919668,3292318,917769,5942252,4065385,3502445,2900718,3922346,5007805,3401132,1829715,730100,1279185,912750,1907751,2066683,3011340
356,000911,2018-01-25,0.0066006600660066805,0.007700770077007757,0.30173495212433166,9080.0,45573.87815108589,907,8545493,12219870,745034,1390952,2566342,3591292,1806676,3105516,1930508,3294540,295100,481386,0,356184,0,0,1201833,0
357,000913,2018-01-25,0.0032751091703056012,0.007641921397379958,0.9118859644532388,16479.0,77650.04730907032,403,8531047,5675616,291890,408882,2014613,1710536,1828312,1057134,1737013,943161,877483,236328,702688,313310,0,450424,1079048,555841
358,000915,2018-01-25,0.008978675645342271,0.012345679012345512,0.5222963526983082,26990.0,144702.88508832295,2620,89199750,87834305,2187044,794796,13072882,10895945,15509707,16315018,18988808,19170470,8208109,10789046,6000212,7843252,3858118,4939787,21374870,17085991
359,000917,2018-01-25,0.01041666666666674,0.024305555555555358,0.19512898616350527,25229.0,160803.06111340158,1962,68262427,88482233,1277947,1724045,7698683,9029397,9875193,9944144,12730701,15004193,7046473,12934834,7107107,4751214,3164402,9285076,19361921,25809330
360,000918,2018-01-25,-0.034220532319391594,-0.021546261089987362,0.17712734404285685,26880.0,350478.4314566511,1990,122075587,85369906,1042896,1486372,8220619,8690119,9548830,10314997,13809021,11776856,9806788,11289103,11134949,5783624,10289351,3639014,58223133,32389821
361,000919,2018-01-25,-0.005399568034557101,-0.001079913606911398,0.3728509848174227,18460.0,84545.13090562422,616,14920308,8563766,564230,649700,3679293,2815295,2912145,2018205,2966724,1648280,751790,684150,679618,341136,1818604,407000,1547904,0
362,000920,2018-01-25,0.003112033195020736,0.009336099585062207,0.41455102847854575,16430.5,95309.88349537787,540,12077262,10741702,556897,512468,2845338,2306607,1245038,2618448,2405974,3334571,261120,1597715,644844,371893,0,0,4118051,0
363,000921,2018-01-25,-0.0052151238591916504,-0.007170795306388533,0.358622097232905,23508.5,107203.36490619289,1830,53984869,50835832,911349,1585021,6172403,10917874,12222227,9421128,10914363,12391319,8084338,2837545,4853165,1950275,1778354,4460829,9048670,7271841
364,000922,2018-01-25,0.003911342894393766,0.011734028683181297,0.3242050307771927,10062.0,36982.269291661774,559,7271689,5774941,555264,450556,2705185,2535710,1754711,1500140,1726851,597513,529678,691022,0,0,0,0,0,0
365,000923,2018-01-25,0.015873015873015817,0.021164021164021163,0.5149256808743146,32227.0,126763.65738928627,2277,69134133,82730289,1277525,1192788,12256601,12277566,13908654,14687608,17878531,17427276,9345453,11055866,5488442,7003561,3207676,2715362,5771251,16370262
366,000925,2018-01-25,0.0021505376344086446,0.011469534050179142,0.5545745901458983,9800.0,79281.54938801266,632,10584344,9302886,504608,890928,2394885,2432104,2168969,1673440,1503182,792513,763850,737802,385030,350000,925873,977884,1937947,1448215
367,000926,2018-01-25,-0.009892827699917617,-0.0032976092333059093,0.27681539393095445,30050.0,374104.50891738816,1921,138646498,71871779,1275778,1238886,7588419,8730419,9459376,9960032,17207216,13706117,14559830,10655067,5463010,6187837,8154496,2566181,74938373,18827240
368,000927,2018-01-25,0.011415525114155223,0.022831050228310668,0.13811638629447764,10728.0,109416.3388139556,1007,17758015,24411483,902720,887738,4211753,3949347,4124867,2655041,2777901,4342156,1779621,2354732,0,1725575,978629,1327894,2982524,7169000
369,000928,2018-01-25,-0.008862629246676468,0.0,0.18328768552701022,16080.0,140939.1783211829,1365,41257376,27170905,918069,1175262,5831925,6931249,6385202,5426916,6861329,4887622,5415450,3394508,3479763,3558459,1823995,419063,10541643,1377826
370,000929,2018-01-25,0.004366812227074357,-0.0008733624454148048,0.6505015760608752,10305.0,49306.01816112794,309,5738025,2369110,200760,270902,970272,1165835,1387852,418876,1787464,225497,697732,288000,693945,0,0,0,0,0
371,000931,2018-01-25,0.0,0.0028776978417266452,0.2807649432186923,7672.5,47169.06797265022,612,7637851,6610216,648759,707380,2535546,2021973,1735356,1464441,1067646,1351609,941480,414513,709064,0,0,0,0,650300
372,000932,2018-01-25,-0.002152852529601623,-0.002152852529601623,0.20000545854819576,27780.0,277217.3292964147,2160,125858041,96810866,1955705,1006002,10419086,7788426,11271648,10511126,18163842,14198002,16088365,8800309,7053138,10544409,5460552,6264235,55445705,37698357
373,000933,2018-01-25,0.0029469548133596035,0.01964636542239706,0.17844587223054584,86908.5,543633.2969833694,3260,291353211,386335020,575044,608693,10726769,10917020,20849544,20769982,53214805,34973370,35269218,35193973,26525305,32929976,30808361,21746637,113384165,229195369
374,000935,2018-01-25,0.02069322296947762,0.05173305742369383,0.34838343106825564,48384.0,251366.71330701388,3083,165101235,213773881,804627,1048583,12985571,14622088,17843661,17592084,29758257,31549949,22959408,24557559,13702794,18143829,9931334,16319978,57115583,89939811
375,000936,2018-01-25,0.029368575624082238,0.04111600587371522,0.157398060958718,21300.0,147405.1286121162,1876,61430954,70816744,1384568,1356553,7705182,7524479,9847331,9215275,11328441,11719846,7970414,8406499,5577968,5806398,5606352,4036588,12010698,22751106
376,000937,2018-01-25,0.011608623548921893,0.011608623548921893,0.12750724368122893,10336.0,133583.04965433036,2241,39615699,73261140,1123195,3113835,6414532,8161391,5602623,9131773,9717800,12986249,3690739,7633113,4385011,6823149,415264,3430981,8266535,21980649
377,000938,2018-01-25,-0.017439260694589342,-0.00357728424504411,1.4864102486559858,33350.0,142828.65709484462,2037,85428423,67765214,913540,1384781,9509736,11217286,11468780,12994434,19088955,13208121,11709130,9471452,7368607,6977639,2188453,3158663,23181222,9352838
378,000948,2018-01-25,-0.008645533141210415,0.0057636887608070175,0.4577767045630896,9333.0,33327.29591195038,517,5291854,4073689,260107,546444,2389999,1854233,923572,1408188,778242,264824,510515,0,0,0,429419,0,0,0
379,000949,2018-01-25,0.012019230769230616,0.019230769230769162,0.2086161454757001,8400.0,60437.45632150945,397,3391199,7375602,332553,446288,1533285,1685124,941408,1232558,382895,967289,201058,222070,0,999314,0,1277840,0,545119
380,000951,2018-01-25,-0.006179775280898858,-0.0050561797752809445,0.41144195769087155,19492.0,105121.67927997443,1872,60882599,37027320,1198219,1111115,8312271,9988503,9589171,7952932,13944508,8800741,9079525,4520451,4216150,1463883,3075693,1730095,11467062,1459600
381,000952,2018-01-25,0.012847965738757905,0.024268379728765055,0.5803759317166253,14200.0,105889.37989769559,582,10832311,16306378,693253,296155,2709998,2497759,1910433,1742972,1667924,1536523,779858,2381563,0,1484143,1269765,1761935,1801080,4605328
382,000953,2018-01-25,0.03157894736842115,0.03157894736842115,0.38386844699175543,11760.0,105484.84155220861,391,10842494,6339588,655821,66095,2067323,840313,1443515,775263,3094059,1535050,940480,1274237,711872,0,470400,0,1459024,1848630
383,000955,2018-01-25,0.0117647058823529,0.010294117647058787,0.2622665246219719,6835.0,59172.86697286757,672,8476331,10348667,266925,893118,1942928,2361183,2414820,2044590,2529610,1179519,265780,1731799,1056268,1409618,0,0,0,728840
384,000957,2018-01-25,-0.0037842951750237663,0.00473036896877943,0.30370281162407975,14770.0,71653.96571772636,1211,22130782,21717145,888554,895665,5834369,4976756,4947865,5034606,3745193,5987861,1821935,2266572,2797409,698980,403392,0,1692065,1856705
385,000958,2018-01-25,0.021276595744680993,0.03288201160541582,0.12255312430209102,15540.0,296657.68746225955,1788,33864927,58841372,1276437,1230346,7112318,8775970,6119058,9025126,8755501,7836127,4273418,5603671,1010204,2602292,1286862,3070847,4031129,20696993
386,000959,2018-01-25,0.009740259740259605,0.008116883116883189,0.15847883031033005,4968.0,76304.24245047626,1513,13159218,26515955,944554,1793770,3078347,5393985,2298817,3333051,2302623,7022171,2583584,1720310,714400,1619645,0,867156,1236893,4765867
387,000960,2018-01-25,-0.01896333754740842,0.005056890012642201,0.2857764830555846,95460.0,1138864.8444116905,3072,492312757,612226590,960970,906059,10867467,8494130,17118205,14045186,27984300,27173146,28914435,24089929,29291437,26804372,28741570,20475510,348434373,490238258
388,000961,2018-01-25,-0.024967148488830526,-0.015768725361366642,0.14820168413504348,39591.0,396915.42956900684,2645,187779724,163547386,1250947,1458639,11069748,10911236,15295502,14669083,25567286,22740518,16322928,16272678,16057182,11114272,8950837,14968754,93265294,71412206
389,000962,2018-01-25,0.025641025641025772,0.03263403263403264,0.25656680951040206,11024.0,154916.30197658768,1120,20012781,30962930,1035079,1147041,4798868,4507814,2708791,3138114,4040516,4395988,2162514,3056891,2066262,746848,0,900380,3200751,13069854
390,000963,2018-01-25,-0.016221033868092705,-0.005525846702317372,1.1029829894795644,27652.5,95439.2865560939,2594,67682747,71802916,485073,1565007,7699128,21874071,13219381,13833824,18722750,17531391,7916306,7273171,4550180,669448,1776663,2618602,13313266,6437402
391,000965,2018-01-25,-0.01569858712715866,-0.010989010989011061,0.13341112854361387,25789.0,345077.61456477863,2286,133131563,87324557,1462484,1612560,9171642,10439467,10429656,11858863,18113982,15775972,12785202,10246015,10392885,7680522,6202602,2797758,64573110,26913400
392,000966,2018-01-25,0.007874015748031482,0.01049868766404205,0.16035874548856155,4596.0,112893.45117944643,564,8260352,9458068,289012,829288,1155660,1911501,571918,944173,828859,2425614,229200,751380,1066783,972288,0,0,4118920,1623824
393,000967,2018-01-25,-0.0033670033670032407,0.0011223344556676729,0.3031495728093857,20504.5,70528.52867922185,864,22416316,17807876,415584,805880,3239190,3193021,10952760,3465667,2619464,6922342,1973469,901135,1688016,679638,465470,426310,1062363,1413883
394,000968,2018-01-25,0.005637773079633535,0.007047216349541863,0.4739012122493681,14010.5,60989.211159977014,896,15583647,12099049,789164,930713,4401098,3715757,2362101,2600053,3487518,2383363,1739476,945993,1689226,356922,403564,451248,711500,715000
395,000969,2018-01-25,0.003525264394829586,0.007050528789659394,0.24902965640852237,8590.0,81011.29268331346,1168,17227121,19481666,759347,1386255,3761244,4599924,3914708,3479470,2535718,3436000,1169390,2430980,1056141,691069,463952,905487,3566621,2552481
396,000970,2018-01-25,0.0030326004548901775,0.012888551933282866,0.27489839193181476,26760.0,149140.83098808143,2303,70896395,96876946,1463020,1477496,11325915,11314729,11025279,13843867,14528916,17360968,7668712,9570492,5003384,11252580,3437711,6549961,16443458,25506853
397,000971,2018-01-25,0.01538461538461533,0.002797202797202747,0.449819546212139,14360.0,60126.13235230876,1010,19909051,15701821,710344,869995,5718828,4997799,3248269,4217170,4309020,3686730,3323965,891269,1355695,323858,485030,0,757900,715000
