,code,date,pchange_whole,pchange,change_std,amount_median,amount_std,length,sumsell,sumbuy,sell_vol_0,buy_vol_0,sell_vol_1,buy_vol_1,sell_vol_2,buy_vol_2,sell_vol_3,buy_vol_3,sell_vol_4,buy_vol_4,sell_vol_5,buy_vol_5,sell_vol_6,buy_vol_6,sell_vol_7,buy_vol_7
0,000001,2017-11-16,0.015503875968992276,0.007751937984496138,0.22176170112292481,130290.0,739309.4225635824,3388,485511522,590164984,685455,569456,8304991,11057542,15438996,15837286,41615755,62279961,35319859,44480928,36759898,35421938,28500543,26484876,318886025,394032997
1,000002,2017-11-16,0.020811287477954243,0.01869488536155184,0.4807597941320086,143472.0,674209.8038792413,3480,613574083,651028637,463099,457402,8565160,10354687,16874437,21907034,45224886,41550423,43793624,38128875,41625764,31371404,37390826,30491360,419636287,476767452
2,000004,2017-11-16,0.049433962264150866,0.07018867924528305,0.5936367760037518,31584.0,222235.27753006207,2003,85581503,90079245,907544,1353105,8292439,7641496,10073651,10693141,16851805,15182891,13019832,12402288,6725795,12480680,7440440,4963683,22269997,25361961
3,000005,2017-11-16,0.006507592190889255,-0.004338394793926392,0.19775396545132568,5544.0,46508.74073827295,543,7131378,3570781,738854,475657,2236845,1332838,868429,640897,1491706,447427,789554,673962,0,0,466620,0,539370,0
4,000008,2017-11-16,-0.004439511653718031,-0.011098779134295134,0.26453221885570566,8900.0,77230.14239533995,1160,19801613,6471318,3181368,526104,3083619,1938798,2919565,1377015,2246276,1980553,1977345,206540,683500,0,1351662,442308,4358278,0
5,000009,2017-11-16,-0.0012886597938144284,-0.002577319587628857,0.1917693994237704,10878.0,142469.24502525703,1639,36897005,38691872,1509764,1849880,6179267,7304093,5145621,4781650,6826435,4670670,1543278,2181852,4482753,1826852,2219652,469200,8990235,15607675
6,000010,2017-11-16,-0.02768166089965396,-0.01557093425605538,0.13602588680717864,12054.0,61128.703810686355,1809,36051845,22394141,1691680,1261481,9283579,8069974,7095148,5338799,8023830,4402674,3099108,1427796,2439001,341007,1355127,963870,3064372,588540
7,000011,2017-11-16,0.002777777777777768,0.01388888888888884,0.5522865343575867,18075.0,72120.40947885813,1062,16506830,20680240,771815,1143082,5905845,6201189,3106236,3296464,3662381,3087226,912602,1189934,0,2472591,1267925,409054,880026,2880700
8,000012,2017-11-16,0.00340136054421758,0.0045351473922901064,0.16737580838476196,32856.0,219064.36341855826,2781,131332654,152539984,1519627,2043012,10177582,13079696,13403295,17152640,21938662,24796238,19955475,16383052,10490892,9056487,5736501,14604524,48110620,55424335
9,000014,2017-11-16,0.0,-0.0025031289111390187,0.8556520581267613,14328.0,211329.0793434072,348,14679696,9716762,290193,255768,1382377,1559730,1001577,1043600,2401767,1831133,472334,253280,1279185,317800,0,498619,7852263,3956832
10,000016,2017-11-16,-0.05035971223021585,-0.03597122302158273,0.13322861075816694,32781.0,287146.96108865336,2733,159332419,122690687,1249951,1548152,13678569,12310926,14748856,15680556,20764620,21508815,12150724,12388037,14485590,10758350,8436814,7147082,73817295,41348769
11,000017,2017-11-16,0.0351123595505618,0.030898876404494402,0.2422283674045546,10010.0,92850.90395412142,866,12420405,17178506,547030,1129378,2333391,4006226,1598611,2510734,1939116,3056047,1868543,1897086,1725386,1399306,1379433,481504,1028895,2698225
12,000018,2017-11-16,0.0,0.0,0.24954913238444115,7810.0,47313.43195457657,809,11307119,8077062,887385,815724,3464008,2630448,2177872,1474733,2566134,1572765,1140613,696226,1071107,347566,0,0,0,539600
13,000020,2017-11-16,-0.030303030303030276,-0.019999999999999907,0.43771518005905824,14553.0,38734.49682825456,1421,20664422,10090112,1724558,971612,11675822,4021146,3492559,2201517,2440423,920099,234320,968044,324000,0,0,437670,772740,570024
14,000021,2017-11-16,0.0,-0.008919722497522264,0.19774936356821846,22977.0,220669.74986423337,2607,119044476,93130107,1799818,1838339,11738841,11026749,14518467,11681252,15696303,17362150,11973552,12315818,6050292,8020719,5767802,7276757,51499401,23608323
15,000022,2017-11-16,0.005414410662224034,0.011245314452311472,0.9928823326634902,12155.0,94813.68110368177,584,11341374,12555478,608456,557350,2937556,2477396,1380014,1262935,2551768,1755643,1088258,2471620,1352825,353220,1422497,482000,0,3195314
16,000023,2017-11-16,-0.005242463958060384,-0.004805591961555278,1.279821775900152,9088.0,47247.53401695531,319,4254454,2965428,334855,351934,1133624,751318,816286,745456,1106689,673500,0,443220,0,0,863000,0,0,0
17,000025,2017-11-16,-0.012037037037037068,-0.010648148148148184,1.1192941861173098,12921.0,49858.09915183428,1489,25971928,19604520,1422707,1829795,7792065,7340645,7389652,4392592,5060713,3380306,1241720,1219335,2041562,363035,435642,428100,587867,650712
18,000026,2017-11-16,0.0026200873362447474,0.005240174672489051,0.46330409853394916,13812.0,63671.80294167838,610,10824727,9254215,530561,432935,3055248,2985401,2803023,1697121,2390727,1510625,711480,511242,0,390920,1333688,429989,0,1295982
19,000027,2017-11-16,-0.010989010989011061,-0.007849293563579218,0.20537901637618813,3165.0,88913.10139210853,962,13354255,7469048,761174,1077412,2057956,2240043,1318444,1826524,1515105,684266,552805,497240,315500,695115,944825,448448,5888446,0
20,000028,2017-11-16,-0.009578544061302652,-0.008301404853129024,1.8001408300540087,31095.0,182958.9487857936,1212,46193992,26507015,510727,1032749,8141904,7171292,5164621,4712395,10881932,3655753,2237117,2461869,3458923,1317696,1259746,430422,14539022,5724839
21,000030,2017-11-16,0.005988023952095967,0.004790419161676773,0.26186473829569545,5914.0,99299.22520223733,1017,13807845,11583455,1136464,509100,3497676,2887172,2344670,1789506,4059046,1309515,1194640,431702,725032,629107,850317,487133,0,3540220
22,000032,2017-11-16,0.012908777969018903,0.006024096385542244,0.37988182135509435,11620.0,38106.62025180023,937,9490861,11309794,817296,848082,3892588,4913016,2396868,2886300,1661124,1155810,722985,494720,0,0,0,404140,0,607726
23,000036,2017-11-16,-0.0020304568527917954,0.0020304568527917954,0.19616701841556303,30814.0,171611.76579669802,2524,108666541,100585341,1654759,1451489,13772373,10819670,13425147,13773784,18890743,23069726,12547036,16704375,11279375,9134388,5483545,8212609,31613563,17419300
24,000037,2017-11-16,-0.010285714285714231,-0.013714285714285679,0.49555718888047856,6048.0,33380.745469782756,311,3161353,2298124,288395,312103,1120246,1004854,899343,366763,853369,269204,0,0,0,345200,0,0,0,0
25,000038,2017-11-16,0.08524904214559403,0.08524904214559403,0.8094914919563866,19034.0,710124.4703835312,665,75935871,15896668,992721,0,5271613,83445,4285926,184443,5277373,726431,4497451,1342244,5475737,2709774,5945075,2343854,44189975,8506477
26,000039,2017-11-16,-0.0019559902200488866,-0.0029339853300732743,0.42240369954708556,26318.0,158305.48762137236,2344,99321433,75714801,1053182,728725,14966687,9665562,12255688,10455969,19384313,14693386,11724604,12518963,7429565,6169726,5101928,3937784,27405466,17544686
27,000040,2017-11-16,-0.013592233009708687,-0.008414239482200547,0.55214113864972,10675.0,83402.62140853817,783,16597699,10577420,781935,708341,2877163,2861437,2539758,2713412,2612661,3015548,3079155,274228,1707183,0,451878,411570,2547966,592884
28,000042,2017-11-16,-0.010075566750629705,-0.005667506297229341,0.7399713435799191,4744.5,26813.926374213082,460,3313569,1884500,594022,569562,1033858,1205038,646255,0,409947,109900,217099,0,0,0,412388,0,0,0
29,000043,2017-11-16,-0.011183597390494016,-0.009319664492078217,0.5617561478608502,11770.0,107892.47052433038,364,12066984,4240998,265920,320822,1916726,1241604,1091429,1044325,1462853,1353672,1553966,280575,1025101,0,850038,0,3900951,0
30,000045,2017-11-16,-0.05507745266781405,-0.02839931153184161,0.31078906371780185,12661.0,81567.83013390847,1399,31258617,22093993,982676,982556,7874432,6045020,4842891,2781928,5730146,4045142,3530682,3147334,3161759,707967,1328391,1314062,3807640,3069984
31,000046,2017-11-16,-0.031290743155150014,-0.022164276401564487,0.262666585944249,6786.0,131546.5856460636,853,24795926,8544682,404003,1162948,2606103,2400311,2410855,2040400,3480829,1504547,1895076,733140,3099676,703336,449400,0,10449984,0
32,000048,2017-11-16,-0.028608027327070906,-0.01964133219470543,1.3210463684698466,11585.0,54116.243741068945,314,6279881,3253832,207982,328851,1192548,1363607,1472775,446376,1606878,286022,1171385,510781,628313,318195,0,0,0,0
33,000049,2017-11-16,-0.01614434947768284,-0.0047483380816714105,1.4212291024930979,21180.0,146439.56742463377,1374,40108330,43644428,671214,1005687,5243656,7443112,7236907,6191544,9425892,7713420,5085573,3927943,3515958,3299455,1359647,3033899,7569483,11029368
34,000050,2017-11-16,0.003937007874015741,0.0023622047244096223,0.4414314654621151,112949.5,560983.8750591209,3314,446579390,472910850,403652,550155,8237003,11826749,17508168,19594554,35138308,49317518,37366768,45812074,32899773,36244661,21565076,27265143,293460642,282299996
35,000055,2017-11-16,0.013100436681222627,0.013100436681222627,0.17406001708132482,6870.0,65873.0122368614,1560,14586410,22455708,984654,1663091,4529496,6963229,2222138,4548907,2479921,4751537,1508887,1234226,341000,389760,412972,489144,2107342,2415814
36,000058,2017-11-16,-0.005694760820045386,-0.003416856492027276,0.2116150060540323,13984.0,77735.07243519806,1724,40596424,23762498,1826983,1255190,9608656,6928427,7207805,5107819,9551629,4164282,4486397,3557754,1655185,1101881,1360465,0,4899304,1647145
37,000059,2017-11-16,0.0019398642095052043,0.0019398642095052043,0.2870239974875026,21777.0,150269.64193564208,1290,39258089,45775479,570994,827104,5155085,7280265,4940802,5128457,9162462,10513448,5601006,3969363,3362712,3077244,2200408,2297796,8264620,12681802
38,000060,2017-11-16,-0.0018993352326684976,0.003798670465337217,0.21809742241937727,13767.0,127938.94236680376,2333,59514201,52480907,1146500,2299834,11862216,10582986,6671838,7172599,11006473,7817078,5691160,5944455,4136659,2388567,3009668,2108024,15989687,14167364
39,000061,2017-11-16,-0.008663366336633671,-0.006188118811881305,0.3138843881199412,6412.0,54983.41463291077,662,9180096,5452680,685406,630530,2339721,1940736,1836690,816615,1168511,1004982,1209005,200694,0,380148,803999,478975,1136764,0
40,000062,2017-11-16,-0.004878048780487809,-0.003252032520325243,0.9292861311078454,11056.5,49652.15750349897,700,11026113,7992808,807476,828819,2860150,3201640,1900211,1419901,1879490,1583678,2140247,244400,1438539,714370,0,0,0,0
41,000063,2017-11-16,0.05806811836962589,0.024567280848687867,0.6001339367754962,337451.5,934464.8831138542,3564,1089128334,1131299448,130199,90784,4407076,4124936,10310105,12240337,35818913,41636683,44243061,48444058,53999685,47741054,50397105,54256103,889822190,922765493
42,000065,2017-11-16,-0.03002309468822162,-0.02494226327944571,0.5671909639715205,17096.0,250700.66244522948,1457,52192711,27107498,992140,1240310,6230068,8439547,4566407,4824965,5009936,4723614,6545752,3433157,4081910,0,2227702,1296585,22538796,3149320
43,000066,2017-11-16,0.002590673575129543,0.010362694300518172,0.1773368388289003,18648.0,200940.17887835955,1897,51192555,39489709,1298396,1486909,13353659,7445164,8225504,6789432,7598143,8082724,4479479,3056009,3417920,3093679,1761767,2602227,11057687,6933565
44,000068,2017-11-16,-0.02050473186119872,-0.018927444794952675,0.22614756299968755,7512.0,108602.77146631264,786,21844055,7764996,916097,631087,2557393,2012057,2184361,1591780,3508709,1674431,2239529,449213,2431956,319086,2679671,464720,5326339,622622
45,000069,2017-11-16,0.028846153846153966,0.028846153846153966,0.1592487033360685,23139.0,290632.5288433681,2735,136421344,155942240,2082707,1308686,15277079,9706253,11134951,11447906,17774015,20401235,10734901,11607378,6115566,8714413,12396806,11508427,60905319,81247942
46,000070,2017-11-16,-0.0061295971978984065,-0.003502626970227629,0.33341780119068176,13536.0,94866.30139436795,1173,31823500,19639186,825161,846694,5864211,5455928,3993482,2850172,7907072,3653192,4434387,2175899,1074631,1384873,3662818,899416,4061738,2373012
47,000078,2017-11-16,0.016260162601625883,0.01300813008130075,0.138168930483717,10608.0,89760.29442918257,1985,34191425,40464661,2197162,1312448,8927631,6690841,6504497,5935232,6108853,5825894,3785988,3657942,1987438,3727972,1285072,3204014,3394784,10110318
48,000088,2017-11-16,-0.0035335689045935537,0.002355712603062443,0.2893097002428116,8490.0,75976.19060127698,861,14856840,11789666,836909,1087660,3102416,2470562,2711691,1648459,3008620,2765675,2546354,1274865,0,0,497776,423444,2153074,2119001
49,000089,2017-11-16,0.004509582863585271,0.006764374295377795,0.23671347315477045,10704.0,79215.12272149145,1405,27255118,32855168,1009097,2090277,3458932,4963434,6988188,7118326,4916188,9736174,5242780,3681681,1703996,1047761,1262823,2242871,2673114,1974644
50,000090,2017-11-16,0.0,0.00764087870105068,0.27103846150236494,6282.0,77081.64195785511,1494,23164330,19018248,2075272,944533,3019589,5817649,2436639,2830413,4307460,2232764,2884190,2425143,2721221,3039774,1320734,874233,4399225,853739
51,000096,2017-11-16,-0.028368794326241176,-0.02765957446808498,0.5679262279951925,13790.0,329585.61805114057,616,8754707,19518327,444482,696627,2344498,3515730,1954273,1908379,1600372,1495629,1417688,988126,0,675998,443394,0,550000,10237838
52,000099,2017-11-16,-0.0029211295034079487,0.0,0.3962572896452705,8288.0,76124.1643179276,671,11182539,6329706,630490,524048,2807733,2056360,548722,1699615,1765466,1849281,1464895,200402,310500,0,901302,0,2753431,0
53,000100,2017-11-16,0.010395010395010562,0.008316008316008316,0.08143163184344375,91176.0,563456.9627398339,3510,456958616,494871383,910895,750365,13068074,11747564,21360931,20474570,37553156,38005762,37910996,38607043,26569429,34171417,33943447,37265634,285641688,313849028
54,000150,2017-11-16,-0.002029769959404515,-0.004059539918809141,1.3158735783214375,14650.0,80950.41959396335,504,10366612,7489030,539807,372085,2863194,2170059,1861631,1177873,1340136,228374,2339347,702451,328717,0,0,893530,1093780,1944658
55,000151,2017-11-16,-0.003240440699935121,0.0,0.6049218837534206,9252.0,112206.05255458983,650,14757243,8856960,1097074,511383,2236223,2111538,1519241,1275277,2538075,1343805,432320,0,312292,678577,2664536,492566,3957482,2443814
56,000153,2017-11-16,0.00917431192660545,0.00917431192660545,0.3352360375441712,7056.0,38835.84285084135,676,6279195,6571064,795152,731613,1756372,2334790,1751618,1480772,1372613,1021459,253440,247877,350000,318351,0,436202,0,0
57,000156,2017-11-16,-0.006442376521116677,-0.005010737294201872,0.5032732829203235,5568.0,59390.93969425163,770,11086665,6784067,717801,686836,2529686,2183922,1797882,1220138,1692513,1704900,1082796,988271,1035480,0,425952,0,1804555,0
58,000157,2017-11-16,0.0,0.00222717149220486,0.0957795967331249,8980.0,89290.87580678801,2207,42647940,27025453,1938907,1888015,9185509,9207714,6157708,3928813,6597171,3626319,5440468,2826016,3341347,2320853,2274759,1375073,7712071,1852650
59,000158,2017-11-16,-0.0010427528675703845,-0.012513034410844504,0.3014419931054609,12343.5,114788.90556969547,1012,22339852,14563784,1083211,929275,4672146,4268926,3974426,3679190,4053829,3537780,1479600,807051,1776751,335300,1309332,430650,3990557,575612
60,000159,2017-11-16,0.0,0.008460236886632888,0.2827807869836284,9496.0,40715.79769287033,436,5546758,5421687,440462,419470,1426926,1550049,1280639,1828887,2133515,1042359,265216,233442,0,347480,0,0,0,0
61,000166,2017-11-16,-0.0035714285714284477,0.0035714285714285587,0.1325202774506716,7854.0,135690.5811585816,1789,23416944,39747454,1176598,1260528,7237403,6574625,4535047,3985368,2584344,4219080,2600545,2362379,1639036,684196,417945,1326660,3226026,19334618
62,000301,2017-11-16,0.044169611307420586,0.049469964664311084,0.11340510869897569,26713.0,164147.66557129967,2498,79491643,117806119,1624246,1609184,9584958,11224861,10584832,15433054,14526598,20469307,12080938,14624555,4790969,11805617,2625421,7177771,23673681,35461770
63,000333,2017-11-16,0.013026819923371624,0.0005747126436781436,0.8859783533573714,125544.0,1101326.2012490185,3477,673020205,661386779,125881,246355,8994224,9503078,20529065,27685892,44598223,43327433,46257015,42868635,29425337,33162032,28255483,25575534,494834977,479017820
64,000338,2017-11-16,0.02088167053364276,0.016241299303944468,0.14833963191290628,49237.0,309356.9506023652,3384,212231247,220548554,944454,974956,18583002,14924023,25527321,21927682,29865150,33488492,28946872,27969973,19168354,12110123,16005743,18338940,73190351,90814365
65,000400,2017-11-16,-0.0006587615283267789,-0.005270092226614009,0.4122265349302804,12056.0,142758.30082562298,1356,38914977,22413242,1411010,966052,5828668,5564512,5223033,3732642,5033657,3737427,3026445,2157980,2382443,946903,1831574,931920,14178147,4375806
66,000401,2017-11-16,-0.017928286852589737,-0.005312084993359889,0.29876214781313215,28414.5,146163.8166675597,2542,105606001,82710706,1614127,1406270,13484960,11030529,14568269,12324663,17963642,18571644,13208506,11437940,10343948,7663138,6745012,3140316,27677537,17136206
67,000402,2017-11-16,0.00979519145146912,0.007123775601068472,0.22731587957312763,23877.0,158480.1414262864,2443,78469220,83355546,1023100,1088314,15750275,12264613,11228858,9466585,12395355,11221074,9649671,9315091,4860998,8578906,2977417,4368910,20583546,27052053
68,000403,2017-11-16,0.005977286312014218,0.002988643156007109,1.4068087248504864,63821.0,185528.00825075663,565,29848572,31294990,148934,125601,1966254,2023803,2996685,3036191,11429653,6391189,1069088,4076547,2371464,3738368,908108,2235520,8958386,9667771
69,000404,2017-11-16,0.01060606060606073,0.003030303030303161,0.2734157752534801,14860.5,87456.84543861327,582,15089853,12059532,512617,488483,2581276,2316804,3037070,1604034,3135811,2786293,1638307,1917337,1328749,994305,931868,1410098,1924155,542178
70,000407,2017-11-16,0.019206145966709443,0.023047375160051287,0.3371267846228086,11715.0,60567.6798857761,536,7576196,9297900,393445,562416,2110384,2713965,2178077,1238820,1307946,2086819,1213384,485132,372960,620925,0,403637,0,1186186
71,000408,2017-11-16,0.017967434025828233,0.011791128579449861,0.46924737546739964,28912.0,148282.64862664446,1441,50038679,59540849,977176,883221,6337633,6790170,7560120,8998582,10550593,9573011,2322492,7289865,8567934,6112783,3158345,4452877,10564386,15440340
72,000409,2017-11-16,0.011922503725782407,0.013412816691505292,0.2678255877327084,8640.0,34882.55385572487,627,5677669,7981762,599824,660392,2801702,2019918,1436911,2214669,839232,2135492,0,951291,0,0,0,0,0,0
73,000410,2017-11-16,0.0011111111111110628,0.006666666666666821,0.37092686363305316,9040.0,63888.527337123356,588,7159327,7616881,660169,854730,2218434,2458957,1370163,1423553,1014187,850237,986808,928614,316050,0,0,0,593516,1100790
74,000411,2017-11-16,-0.0044031311154598685,0.006360078277886538,1.4011178620479958,8254.0,64532.12220371608,212,3491475,2255169,161659,188704,881473,607965,507245,213491,586130,324474,410500,222480,382768,698055,0,0,561700,0
75,000413,2017-11-16,-0.01883239171374762,-0.012241054613935876,0.18529718421222,60163.5,364299.2430987009,3288,285416729,220076771,784781,1043694,12975210,14967757,18199694,25823217,38203663,40455518,30410680,23230163,27343055,21102126,13352581,17404999,144147065,76049297
76,000415,2017-11-16,-0.007861635220125951,-0.003144654088050425,0.15160663577192304,7596.0,64806.29381839615,1763,29194095,15564978,1495360,1597211,7494277,6113565,5345775,2108595,5613682,2438922,3201986,761262,2786726,1072627,853989,873032,2402300,599764
77,000416,2017-11-16,0.070175438596491,0.040100250626566414,0.22768861897625894,20995.0,102798.50252241369,1230,27062512,38579831,864750,936409,5592119,5306232,4958572,7393769,6212130,8683901,3571866,6074746,2392743,3541099,1758487,2165631,1711845,4478044
78,000417,2017-11-16,-0.018801410105757976,-0.012925969447708519,0.29620973881084867,8380.0,113718.13897161892,825,18754233,13662286,725988,892097,1851371,3182718,1632490,2659128,3492160,1907813,3229331,639817,1339033,323400,2646617,415956,3837243,3641357
79,000418,2017-11-16,0.014482758620689706,0.004655172413793096,1.3887075332892869,23020.0,69871.88880086053,1748,38972263,36103722,966673,1242434,7662899,8942472,12913244,8309826,8245914,9016124,4000555,4596514,1711985,977787,2290293,819819,1180700,2198746
80,000419,2017-11-16,0.0031055900621117516,0.004658385093167627,0.39490306591652863,9480.0,36515.2262542881,265,2572270,3010083,188162,471087,1080800,1093191,689008,573761,614300,248694,0,298350,0,325000,0,0,0,0
81,000420,2017-11-16,0.012345679012345512,0.0092592592592593,0.09126015938734039,7848.0,68686.27536182504,1265,17875337,17871493,1360596,1052703,4929418,3953126,3356181,2667784,2562860,2623292,2810189,2094995,1334274,2095694,442325,0,1079494,3383899
82,000421,2017-11-16,-0.005970149253731294,-0.0014925373134327957,0.2843100020371064,4038.0,72198.66629184077,555,4142451,7514169,364163,866298,1386005,1646990,541947,1425004,786847,572225,674980,444502,388509,0,0,0,0,2559150
83,000422,2017-11-16,-0.008830022075055233,-0.002207505518763919,0.15596813292866035,9080.0,66470.7648432358,844,15215141,9878050,841839,900835,3917360,2999938,2554567,1873635,2008355,2264014,2350194,586604,661278,312331,892246,940693,1989302,0
84,000423,2017-11-16,0.002875399361022435,0.0011182108626197618,1.2031426987699159,37686.0,299371.6955783865,2707,146055219,144730601,848193,1593446,11866196,13370545,16193739,16744944,23834645,27483445,13317806,13830411,14624949,17452118,7551692,9325309,57817999,44930383
85,000425,2017-11-16,0.024064171122994527,0.018716577540106805,0.06954418001873933,24448.0,166067.74091235435,2916,49961288,91360119,1259193,1927982,9132030,28955798,6615348,10335555,6181610,6000413,2911770,4911240,5073378,4440107,948487,3865259,17839472,30923765
86,000426,2017-11-16,0.0031250000000000444,0.008333333333333304,0.25134163329223563,5826.0,67070.24890170406,1460,14942512,23623471,1237025,1659095,3174659,5610405,3554130,6500497,3526733,4266974,930528,3836405,695437,1750095,0,0,1824000,0
87,000428,2017-11-16,-0.009216589861751112,0.0,0.24121907523391917,4350.0,67137.91236259043,323,3881145,3248091,329848,363079,883416,1093626,284304,435669,139968,316820,712491,452517,0,0,884619,0,646499,586380
88,000429,2017-11-16,-0.006203473945409543,-0.003722084367245748,0.22125148067270814,8843.0,45322.44558087641,1328,16871282,9601133,1987322,892161,4166186,5089951,3166989,1518028,2943283,870488,1901316,503974,696319,726531,967218,0,1042649,0
89,000430,2017-11-16,-0.004158004158004047,-0.0020790020790020236,0.4847178455340286,9590.0,23820.017447277398,393,3976105,2680143,551922,465127,1997239,1244447,946630,970569,480314,0,0,0,0,0,0,0,0,0
90,000488,2017-11-16,0.003548196333530429,0.004139562389118945,0.3325922391191115,32005.5,174949.3976405921,2586,92856776,101464467,1072286,1348683,10153928,16951393,12277958,15318813,25191429,22314972,9378004,9136527,4977546,4071205,5431639,5275334,24373986,27047540
91,000498,2017-11-16,-0.03238866396761142,-0.028340080971659964,0.19442637144516442,7240.0,55157.76038367563,1454,25340968,12292678,2258380,1249760,5440037,5083600,4457813,1834001,5931017,2885929,3029693,895772,2221716,343616,464246,0,1538066,0
92,000501,2017-11-16,0.02402402402402415,0.018018018018018056,0.46002786599508033,8432.5,70960.37226681401,1310,17237373,24909892,564588,2166802,2613847,5012450,3063624,8654792,7254831,3682728,1072817,2381741,359128,1703738,0,0,2308538,1307641
93,000502,2017-11-16,-0.012820512820512886,-0.0016025641025640969,0.4648810671943981,12475.0,43816.73030479613,720,10983679,7901282,715728,571937,3216306,3282723,2359242,2271787,2467284,1324865,970088,449970,712482,0,0,0,542549,0
94,000505,2017-11-16,0.007253886010362809,0.010362694300518172,0.33169336465253474,4877.5,60927.85226366518,846,8644017,10865421,446152,1399112,2329643,3298665,2707492,2010615,1641652,966425,773258,889079,745820,365735,0,0,0,1935790
95,000506,2017-11-16,-0.00959232613908878,-0.016786570743405393,0.28877226366524755,9972.0,66363.85804214778,834,13204578,11551494,620987,1079346,2411884,4559679,2584377,2665557,2008788,1514799,987882,888567,1337407,0,2235617,843546,1017636,0
96,000507,2017-11-16,-0.0029268292682925745,0.005853658536585371,0.23052448312494883,16384.0,112486.80560784371,1978,48591139,40959390,1167170,1390319,9817714,9914696,9208595,7331965,10961601,5769291,4025536,4305059,2749327,3087199,2210285,444190,8450911,8716671
97,000510,2017-11-16,-0.014117647058823457,-0.0023529411764705577,0.2614419795315277,14467.0,91496.20145352637,1057,20560505,20166877,1178557,810772,5549270,4338710,5340307,3359805,3677375,3001887,1311475,1904144,1675425,0,426499,0,1401597,6751559
98,000513,2017-11-16,0.03157894736842115,0.03042537851478011,1.2535743370794699,57152.0,233520.07080582023,3066,183178154,206651877,682303,993350,18577342,13108410,24394612,19846719,31385735,33706132,21906802,23885332,19325443,19238950,15620974,8484435,51284943,87388549
99,000514,2017-11-16,0.0014144271570013522,0.005657708628005631,0.26284426830677804,7799.0,89260.19352040638,723,6270402,10405959,684045,933097,1889005,3440656,1424434,1486211,1271005,955557,1001913,296070,0,0,0,0,0,3294368
100,000516,2017-11-16,0.0,0.001984126984126977,0.1885874894962999,8837.0,98033.76676427931,714,14191024,10390637,482160,743452,2270878,2448961,1694770,1635725,2547183,2496691,1999970,1209709,714397,320411,453237,0,4028429,1535688
101,000517,2017-11-16,-0.009732360097323589,-0.0024330900243311193,0.14563023769515518,3279.0,42029.686138770085,797,8381798,5074037,658416,553277,1847883,2690047,1114116,1724005,2250705,106708,1460219,0,396059,0,0,0,654400,0
102,000518,2017-11-16,-0.015492957746478742,0.0014084507042253502,0.3555026333163955,7793.5,46491.24315831098,398,2964953,4498354,377257,487413,1190332,1793731,1113071,744850,284293,333760,0,0,0,0,0,426600,0,712000
103,000519,2017-11-16,-0.003296703296703174,0.001098901098901095,0.27998800873303803,9100.0,50056.402018797664,1056,14173366,12401146,1346889,1248849,4374814,4199326,3362878,2362966,2839569,2342889,1707416,1029841,0,359055,0,0,541800,858220
104,000520,2017-11-16,-0.006521739130434634,-0.004347826086956386,0.15546165723337807,9418.5,64002.46226688318,876,15634225,9492644,879245,969409,4297612,3497968,2736497,1977211,2374663,1272445,457500,1775611,1370435,0,1404228,0,2114045,0
105,000521,2017-11-16,0.017211703958692093,0.015490533562822817,0.16871054150172415,14524.0,90476.09959489615,1187,22900955,30151298,1019701,903194,4673416,5721485,5048628,4607815,4734246,6060136,2675210,4305288,663164,2123130,905454,1765096,3181136,4665154
106,000523,2017-11-16,-0.006465517241379226,0.0,0.462360305982471,9290.0,38839.91526272536,402,4593872,4620753,369670,419253,1680442,1713309,1373583,1108658,581787,660878,235965,718655,352425,0,0,0,0,0
107,000524,2017-11-16,-0.003292181069958877,0.006584362139917754,0.341012529845818,6135.0,47076.66419760235,1269,8181535,13912112,523976,1950232,3349050,5793060,1807631,1965030,1020134,2398507,452518,991722,368100,322701,0,490860,660126,0
108,000525,2017-11-16,-0.009454232917920025,-0.00601633003867641,0.651771098149442,23100.0,122694.40136714287,1275,43502652,35804849,817941,760361,7085244,4963538,4379900,4797241,8866424,8297261,8041086,5404888,2094700,4611028,2233555,1348175,9983802,5622357
109,000528,2017-11-16,-0.003750000000000031,-0.0012499999999999734,0.17978149216101516,10387.0,41358.486601378434,1983,22769702,22021794,1737264,1637554,8667519,9383396,5171146,3593188,3859888,3574269,1804508,1808087,1120699,2025300,408678,0,0,0
110,000529,2017-11-16,0.010471204188481575,0.01308900523560208,0.27918156314629855,8349.0,70574.44666717638,749,9445663,12841856,360355,1099067,2332179,3174246,2258822,1925578,2403962,2608326,1154923,202773,399466,1094934,0,453154,535956,2283778
111,000530,2017-11-16,-0.0048000000000000265,0.0031999999999998696,0.20949197030077896,10625.0,56551.43296630159,890,14808318,9875040,1182396,665855,4599805,2696595,3662757,1700239,2739497,2047311,1902095,428296,721768,0,0,970928,0,1365816
112,000532,2017-11-16,0.010569105691056846,0.010569105691056846,0.5203889665625953,9932.0,48045.77759399757,558,6879776,6165520,515944,757637,2170780,2177798,1026023,1532455,925711,982033,749193,252960,1078845,0,413280,462637,0,0
113,000533,2017-11-16,-0.01039501039501034,-0.015592515592515399,0.43122271419980823,10571.0,221968.04449619038,497,16177356,11715775,531140,486332,2123420,2094012,1165133,879635,1049029,578170,1402595,505387,1034350,301464,412734,879771,8458955,5991004
114,000534,2017-11-16,-0.0059563203176704604,0.0,0.7815993831602327,10591.0,62793.79495628035,373,5492692,4200595,602629,172386,1660715,1362592,1011826,648488,862620,231656,216645,728567,334723,604800,0,452106,803534,0
115,000536,2017-11-16,-0.01831501831501825,-0.014652014652014711,0.17469251889648435,4320.0,36581.30312038522,977,9324539,5282647,1389065,534117,2570163,2085867,1928682,1079885,1567627,784296,1023527,469790,0,328692,845475,0,0,0
116,000537,2017-11-16,0.01783166904422262,0.023537803138373725,0.36752022741693097,23056.0,164793.7622000086,1459,41378923,41864428,988977,648752,6454043,12980656,4338298,4474291,5447835,6177758,3056640,4685457,3391620,1671496,2150615,428700,15550895,10797318
117,000538,2017-11-16,0.033819828887770464,0.023553095118268752,1.8486019460364793,69860.0,655428.6948303183,2891,239618563,355207730,194919,283198,13140871,10771363,16055543,17396061,29841192,38999611,27577734,26256954,19120728,19517062,11148172,15771012,122539404,226212469
118,000539,2017-11-16,-0.007843137254901933,-0.0039215686274508554,0.2054441912934309,3569.0,32116.33009497951,616,4533854,2689687,559345,870191,1204891,1131929,668003,431037,1029223,256530,294132,0,300309,0,477951,0,0,0
119,000541,2017-11-16,0.008447729672650395,0.0063357972544877406,0.18881747234076787,20055.0,122092.5737027078,2518,72095546,82646614,2833971,1485153,11336141,11835956,10359848,15213211,14874477,18439448,10280078,10113615,8130645,5613131,1407903,3504661,12872483,16441439
120,000543,2017-11-16,-0.0037664783427494575,-0.0037664783427494575,0.1949005744851874,5830.0,128694.4899524704,742,14520014,9762943,515344,824423,1872955,2310432,2128903,2023650,1965955,759757,1151585,677186,698540,696953,891928,488908,5294804,1981634
121,000544,2017-11-16,0.00889152341434496,-0.0011855364552459946,0.7187512874584229,13504.0,63152.51492556544,550,7147770,13535572,440832,353661,3193016,1589747,1621336,4603543,1048216,3804144,0,989709,340370,1013168,0,0,504000,1181600
122,000545,2017-11-16,-0.0037664783427494575,-0.0018832391713746732,0.19034569620477157,9010.0,58279.19807056476,778,11264681,7817528,646720,721980,3488742,2415809,2117001,1707032,1865491,876257,665977,509790,1122830,644667,0,410993,1357920,531000
123,000546,2017-11-16,-0.00054112554112562,0.0027056277056276556,0.4761146789928018,26180.0,101188.05967911879,1515,55618705,36557597,681869,947479,7739462,6332760,11280284,5752010,18017566,7076753,7362493,3046848,2766519,3592422,1801316,1801691,5969196,8007634
124,000548,2017-11-16,0.0014224751066855834,0.0014224751066855834,0.33146505396285925,7733.0,54859.33469919686,449,6834956,3900810,442393,739336,1866716,1708904,1269206,430534,852610,122500,1017206,500536,317800,399000,420600,0,648425,0
125,000550,2017-11-16,-0.0060439560439560225,-0.003296703296703174,0.6337198086729029,14608.0,88711.33419562872,824,21182272,10729433,662357,928012,4002982,3480919,3120556,2453985,4946740,1288999,1912919,1434914,1382958,1142604,456372,0,4697388,0
126,000551,2017-11-16,-0.016110471806674243,0.0023014959723821615,0.39109203080641014,10428.0,69400.79962005372,493,6823030,9453398,584733,367254,1810371,2217259,1693875,1744964,1566316,1502885,742696,244720,0,0,425039,1825323,0,1550993
127,000552,2017-11-16,-0.002732240437158584,0.0,0.10237080201598442,4026.0,38039.3949799507,1283,9341152,10261642,1356082,911610,3394756,5539785,1388301,1944119,881494,1331036,751899,0,364000,0,0,0,1204620,535092
128,000553,2017-11-16,0.03641975308641965,0.012962962962963065,0.4008104526738259,17957.0,85445.16900701425,1634,34635244,38901607,1114927,1463957,8399242,8798356,7501195,5999083,6922899,9986396,4714163,4431016,1277250,3887457,1289126,861206,3416442,3474136
129,000554,2017-11-16,-0.028089887640449396,-0.016853932584269704,0.26498498793833486,17660.0,94172.58125707401,1128,33986618,22457724,740570,1432210,4503523,5370497,4645497,4925745,10354831,3298545,5917256,2622026,1715713,2084064,1324620,437080,4784608,2287557
130,000557,2017-11-16,0.00994035785288272,0.01988071570576544,0.17183949470156898,6156.0,39668.858955837204,857,8639959,9964030,352307,957376,2548701,3779501,1880707,2924435,2494599,1296962,943485,700117,0,305639,420160,0,0,0
131,000558,2017-11-16,0.04317789291882557,0.060449050086355705,0.13146660100631635,25215.0,459062.4575196532,1946,152924038,73297377,1158759,1456892,8016557,9254262,10674223,7490679,11961653,11557279,10380101,6221106,10293225,5793079,5357765,4783219,95081755,26740861
132,000559,2017-11-16,-0.010791366906474753,-0.0053956834532372655,0.257894660818443,17648.0,152339.51858906512,1861,62705880,51538918,1316288,1356157,8588267,7580188,8685116,5956425,10507046,9579317,7963794,5324798,3107638,2972686,2971698,4987697,19566033,13781650
133,000560,2017-11-16,0.0058881256133465065,0.0,0.2935510572379587,13286.0,71960.35860043722,1205,20231636,22650590,1076515,835193,5830828,4779166,4346152,6707386,4825279,4038137,1120507,1405541,722620,1602326,425339,1279682,1884396,2003159
134,000561,2017-11-16,-0.013245033112582849,-0.002207505518763919,0.3382055832764881,9030.0,32916.950748923664,717,9003240,4344043,995015,1062770,3213722,2311891,1977358,671631,1676029,297751,473799,0,667317,0,0,0,0,0
135,000563,2017-11-16,0.007827788649706457,0.009784735812133016,0.12271790507977196,12775.0,166942.46610467153,1737,40706820,55829437,1099113,1215355,6816202,6748070,7588365,7142668,4936672,6640407,4370682,2858500,2683000,3403481,3060232,3059326,10152554,24761630
136,000564,2017-11-16,0.007380073800737907,0.012915129151291671,0.17412732629983402,10860.0,74562.31031475597,969,10092985,19215007,653691,935302,2733842,5945225,2623159,2917935,2498581,2594096,1583712,3021476,0,1355133,0,0,0,2445840
137,000565,2017-11-16,-0.01717791411042957,-0.007361963190184118,0.36826864945190185,9732.0,34456.08243484492,489,6372007,3881720,615108,429827,2221614,1582513,2215927,809749,872125,317520,447233,742111,0,0,0,0,0,0
138,000566,2017-11-16,0.003863987635239541,0.0015455950540959051,0.5265716532413953,12970.0,132354.05825881628,603,15811365,16010609,617432,336580,2995564,1819252,3848878,1266894,2583511,2777713,1377890,777063,1030620,650898,410515,1789376,2946955,6592833
139,000567,2017-11-16,0.017653981953707376,-0.0035307963907414974,1.050026963800009,18039.0,69463.28106690239,589,11054372,10762550,380299,348465,2911724,3142899,2185406,1885454,2375804,2672787,1047822,773858,369750,1297759,0,0,1783567,641328
140,000568,2017-11-16,0.05733532934131724,0.04700598802395217,1.158614585645616,117461.0,700859.7393944025,3326,553630930,565999825,929370,431308,13801592,6439641,24071025,16024748,47031590,29103047,37845851,33122530,31826515,36653335,26522276,29906009,371602711,414319207
141,000570,2017-11-16,-0.0031695721077653616,0.0,0.3516860249442802,9465.0,52913.73478727396,321,4462201,3359753,223580,416592,1462177,1153066,811058,770501,1215618,819567,0,200027,0,0,0,0,749768,0
142,000571,2017-11-16,0.0,0.009009009009008917,0.2574222527779491,7980.0,62181.254376107296,669,8575969,11272292,446987,483007,2227892,2330236,1464437,1777586,2240830,6375273,266400,0,0,306190,903783,0,1025640,0
143,000572,2017-11-16,0.0,0.0019920318725101804,0.1396917731891184,8982.0,84124.47405686749,1293,23165908,18552529,1361933,1136859,5388597,3800538,3788574,3011918,3525601,3602122,3890963,1792352,1101076,702798,1828062,0,2281102,4505942
144,000573,2017-11-16,0.030360531309297834,0.01707779886148031,0.1907849087964404,5753.0,47684.39551267806,763,8772200,8178839,947179,784350,2495581,2464484,1748803,1562259,2007071,2328738,0,724986,0,314022,924330,0,649236,0
145,000576,2017-11-16,0.012247397428046813,0.0024494794856093627,1.0745797622356503,9816.0,752044.7318058235,230,3178723,3046527,300026,339835,599841,888801,529436,378605,579522,538622,0,0,301920,0,867978,900664,0,0
146,000581,2017-11-16,0.012801204819277157,0.016566265060240948,0.5009433327093904,57156.5,334571.3131953996,2812,208785132,247370111,884939,680443,10248111,12536849,16718170,16177768,27143871,31250100,24659453,29620068,23273675,17190323,20530602,12511259,85326311,127403301
147,000582,2017-11-16,-0.005668016194331993,-0.0032388663967610754,0.2952761123454762,19536.0,86579.72394667896,1751,43249036,38140066,1112701,1448858,8305246,8709245,8791270,8504800,9890270,9662232,6078584,3887813,2925699,1645687,0,1717378,6145266,2564053
148,000584,2017-11-16,-0.026007802340702213,-0.01820546163849157,0.3431259034478999,27144.0,181434.78721405813,2013,90043582,67287005,1197383,1000039,15472167,6511591,14567222,6164788,17295859,8821030,8691014,3569448,4635871,6171293,4525025,5934473,23659041,29114343
149,000587,2017-11-16,0.0,-0.0029850746268657025,0.14164328539860374,16032.0,104978.74402801237,2243,65358713,39505596,2085408,1022626,14836798,5621196,14772195,6255583,15080217,7467693,6484877,4313043,2086654,1395252,850102,3142682,9162462,10287521
150,000589,2017-11-16,0.0020283975659229903,0.0040567951318459805,0.2394772403054509,5940.0,25108.95347210512,423,3440172,2850765,387045,848783,1375769,1020169,990374,738768,481480,243045,205504,0,0,0,0,0,0,0
151,000590,2017-11-16,-0.006249999999999978,0.001388888888888884,1.028818738831166,11568.0,120092.38951735783,195,3581914,4362424,185878,161490,504360,1165607,456899,245866,440591,258181,574800,477720,0,744930,879450,0,539936,1308630
152,000591,2017-11-16,0.0014556040756914523,-0.0029112081513829047,0.13140497660231693,16950.0,130745.40111066985,2741,81397306,79926236,1338477,3451642,10921608,14578680,10703050,10355261,15893353,13563719,10036431,10843593,7313633,9054520,5121206,2972067,20069548,15106754
153,000593,2017-11-16,-0.1090090090090089,-0.1090090090090089,0.26945365581071223,18791.0,151893.63610181422,1700,36176824,50148800,687988,1909834,6037180,10353689,7014860,8933241,6749174,8760491,3074202,3824615,2094567,3742343,828860,3156364,9689993,9468223
154,000595,2017-11-16,0.0,0.007104795737122638,0.1722367738339121,9554.0,71422.25483070916,1069,14436331,15850971,814507,1243633,3652776,4706028,3214300,3872615,2478346,1989192,770342,1924014,974536,0,443644,924496,2087880,1190993
155,000596,2017-11-16,0.014639802869981233,0.01174083200463838,1.4151435617990193,47719.0,250798.70099334916,2379,123498050,140750235,1099373,1695912,9169400,12101842,15042059,14668594,27623120,20925225,18102771,16965930,8428555,12619028,4391142,11846452,39641630,49927252
156,000597,2017-11-16,0.030795551753635797,0.03592814371257491,0.2990193656201026,18045.0,119043.30993408713,1530,33691683,50244685,883299,1366137,6263893,8159418,6859801,7028345,5941836,7680075,4364462,3099429,2272051,3124979,1322980,6644933,5783361,13141369
157,000598,2017-11-16,-0.010507880910682998,-0.007005253940455369,0.1448947405200689,11420.0,183533.56244776223,1555,50016154,24835321,1038525,1230327,7723960,5732199,6001697,4870286,5647882,3229991,4508806,2494708,3152249,1304998,1729543,1405634,20213492,4567178
158,000599,2017-11-16,0.024630541871921263,0.031198686371100237,0.17245586279898098,13177.5,83900.12699210846,1248,16352750,35645197,791951,1365568,3776911,5758917,3639829,3958645,2181181,12816845,2226955,1742291,982460,2604756,966733,2817379,1786730,4580796
159,000600,2017-11-16,-0.024338624338624215,-0.012698412698412653,0.21818074185244385,18660.0,108373.90244677766,1877,58279475,37254410,1643541,1653630,10491818,8164139,10219961,7353677,7614088,8884697,5121946,4354492,3393589,3840975,4621034,1338698,15173498,1664102
160,000601,2017-11-16,-0.010191082802547768,-0.005095541401273884,0.3005085203880986,5495.0,66477.85180551698,682,9174042,5889977,453054,1048465,1970508,2562457,1216186,1251270,1237914,792585,223080,235200,1169000,0,0,0,2904300,0
161,000603,2017-11-16,-0.008216926869350827,0.0016433853738702098,0.5352883072005322,12150.0,46008.68256212754,516,6974798,6762365,429102,640111,2188529,2508864,1291978,1221272,1997269,1266563,516619,1125555,0,0,0,0,551301,0
162,000605,2017-11-16,-0.022685185185185253,-0.017592592592592715,0.6122591604936248,10700.0,79436.7824817781,1244,20582232,14684643,1054843,1076997,6392907,5399256,3858716,3612730,3303592,2755170,1195448,1355078,372400,0,856880,485412,3547446,0
163,000606,2017-11-16,-0.00737618545837726,-0.0010537407797681642,0.34790411506042657,9480.0,50853.71407791225,745,11548522,3879363,832200,953900,4072079,1617704,2346507,482227,1981561,383460,505655,442072,302093,0,0,0,1508427,0
164,000607,2017-11-16,0.0014124293785311437,-0.0028248587570621764,0.3145066242905678,7080.0,47226.82379846592,506,6750252,4496455,529957,452523,1604997,1725462,1256103,791274,1780005,704479,473982,471762,681608,350955,423600,0,0,0
165,000609,2017-11-16,0.006611570247933907,0.009917355371900971,0.6775265174705097,11200.5,37755.9329593827,318,3638702,2927217,233115,356807,1509869,1334605,786338,871128,622180,121077,0,243600,0,0,487200,0,0,0
166,000610,2017-11-16,-0.0021994134897361795,0.006598240469208205,0.6495975355257723,13700.0,57593.16902420612,440,6142511,6728016,354655,451087,2125385,2223462,1343642,1607757,1169837,867942,710152,755768,0,0,438840,0,0,822000
167,000611,2017-11-16,0.003978779840848823,0.009283819628647327,0.40255695908296313,10682.0,50076.985719901226,350,4454588,5120378,320655,249799,1454522,1363187,1197890,1143662,1088601,1098619,0,201195,392920,1063916,0,0,0,0
168,000612,2017-11-16,0.008419083255378768,-0.006548175865294659,0.29928233251345104,6378.0,96098.89694611133,1276,21565862,20112521,1805057,628688,5112182,3211863,2951768,1494050,5979457,2485445,1900291,1701785,1032636,2024575,430664,1432126,2353807,7133989
169,000613,2017-11-16,-0.010477299185098987,-0.008149010477299212,0.39347701063525103,8550.0,31127.107234471947,476,4988081,4216549,569167,521610,2274732,1693558,1137688,864013,1006494,627326,0,510042,0,0,0,0,0,0
170,000615,2017-11-16,-0.02849510240427433,-0.013357079252003579,0.23221852341740648,21384.5,112346.95819478406,2340,70188957,53411976,1468203,1468810,11761836,12082356,13174535,10071146,15809491,13207904,9446452,5106423,4069896,3089360,3141802,1357439,11316742,7028538
171,000616,2017-11-16,-0.004878048780487698,0.0024390243902441266,0.16294977476628028,5726.0,73673.34550448133,633,8952594,8001083,672116,629487,2218965,1837502,1276651,1008906,943942,1848171,1319737,1182907,0,307017,409999,456210,2111184,730883
172,000617,2017-11-16,0.0066269052352552205,0.003976143141153132,0.5034846357276432,7570.0,31787.31992423858,898,4860044,9724168,473523,1644713,1895426,4127662,1171849,1321989,777968,1487768,541278,445583,0,696453,0,0,0,0
173,000619,2017-11-16,0.015169194865810809,0.014002333722286986,0.3885472496125271,10368.0,135116.425923186,486,6513422,16152556,261740,643656,1409781,2132635,983331,1894293,1260724,1154725,998531,1195280,0,660440,827626,2649125,771689,5822402
174,000620,2017-11-16,0.006250000000000089,0.0,0.27347489291823357,3210.0,56064.02911820582,547,5587992,3796912,653836,367965,1195384,1009478,703251,543882,1217505,638736,508576,786051,0,0,477440,450800,832000,0
175,000622,2017-11-16,0.0035149384885764245,0.0035149384885764245,0.3445106930023989,10868.0,37583.1353851678,272,3178717,3059362,271159,183026,1142799,1142005,735459,545751,808710,730238,220590,458342,0,0,0,0,0,0
176,000623,2017-11-16,-0.014711892112791114,-0.004495300367797328,0.4816200288842552,43713.0,256510.53569609835,2582,188101225,129671221,1096323,1535169,10962403,13078579,13518763,15045782,29508009,21223384,17711941,19348295,15610948,9306086,15259986,7594902,84432852,42539024
177,000625,2017-11-16,-0.0060606060606061,-0.0037878787878786735,0.2633587945805249,23742.0,105108.25929939385,2513,65442640,46827247,1335347,1373258,19460289,12171148,12328306,9566689,9446426,10562929,7339058,5618945,4932695,1072252,884623,1367438,9715896,5094588
178,000626,2017-11-16,-0.036205648081100605,-0.013758146270818394,0.40957562984645385,13600.0,81794.8176901606,1137,21114265,14082955,1114470,1092247,6078401,4290662,3943144,2952252,3503921,3741519,1664250,258590,985239,336036,417340,903497,3407500,508152
179,000627,2017-11-16,0.02921129503407993,0.03505355404089583,0.1807907407986829,58856.0,316441.0920613005,3233,214525478,243859883,1034867,850493,12280498,13601065,20938452,21881730,34686058,33072111,26298114,31574355,21291617,24935110,17842529,16977513,80153343,100967506
180,000628,2017-11-16,0.0055187637969094094,0.013245033112582627,0.45600870132599614,9155.0,45221.093123191844,394,4433966,4412715,480483,359767,1715807,1461206,1033962,1568567,0,493255,797898,0,0,0,405816,0,0,529920
181,000630,2017-11-16,-0.0036231884057970065,0.0,0.056811413490502206,5806.5,118716.10416347322,2390,35154539,31517668,1681510,3018112,6413972,8042769,4762453,3553791,4457369,5153118,2481953,3189470,1954432,1047358,455123,1305753,12947727,6207297
182,000631,2017-11-16,0.02752293577981657,0.02752293577981657,0.1137967689848001,11200.0,71156.91596083765,1472,14961742,31973228,1370319,1492759,2949530,9932547,2719494,5065427,2522605,7777630,2504174,2704751,780691,2006998,1408613,846400,706316,2146716
183,000632,2017-11-16,-0.019145802650957222,-0.010309278350515538,0.4255585076109827,6750.0,63247.1046770058,254,3522635,3276956,179908,214586,802338,954810,863116,597400,361291,256880,289938,0,1026044,336000,0,917280,0,0
184,000633,2017-11-16,0.01772679874869665,0.018769551616266922,0.29137769807044334,15856.0,61680.42575929363,1084,19569816,22066389,1047802,1034203,5223392,4842068,5009310,4212441,5974293,4834629,1196029,3532174,696300,1682975,422690,893059,0,1034840
185,000635,2017-11-16,-0.02751756440281028,-0.01873536299765788,0.5140956635094633,10122.0,58558.53217139825,1104,19830431,9626001,987109,954122,4564376,4682939,3884463,1832691,5062585,1053404,1217494,0,1448502,338400,458640,0,2207262,764445
186,000636,2017-11-16,-0.01931150293870698,-0.017632241813602123,0.212021912825044,53100.0,478931.74107635854,3162,285443313,260818689,1692528,901398,13969977,10015387,20166558,13324837,39111841,23688898,31303656,28781676,26263706,23217578,12436657,15368964,140498390,145519951
187,000637,2017-11-16,-0.004838709677419395,0.001612903225806317,0.2943173141177041,7428.0,43893.96360148259,443,5159344,4516072,449137,504577,1199225,1309935,1611771,580322,1585267,1109840,0,544672,313944,0,0,466726,0,0
188,000639,2017-11-16,-0.008510638297872353,-0.013297872340425565,0.5453568017756198,7484.0,107926.79749147045,1189,24426306,16173305,1626726,796750,4590812,3442357,2395462,3788906,3292538,4327222,1042324,670010,1035909,374535,908354,898545,9534181,1874980
189,000650,2017-11-16,0.0017391304347824654,0.003478260869565153,0.2096286849185622,5785.0,64787.60616226939,752,7868701,10401041,886813,675401,2051713,2183965,1853541,1967089,1595104,1854251,725969,1469913,300776,1021412,454785,0,0,1229010
190,000651,2017-11-16,0.01685144124168514,0.0037694013303770646,0.7546796496688649,276513.0,926744.7718979634,3573,865586213,911274862,204641,149015,3915001,4683063,11834258,13990216,45533080,44455790,49654990,58227845,49114392,58380763,39550584,53506604,665779267,677881566
191,000652,2017-11-16,0.00401606425702794,0.012048192771084265,0.15404276518643356,8466.0,108963.16582001117,1046,16996804,22762722,993466,1122737,3356523,3378874,3099286,3033661,3122233,6278341,1337307,2808423,317107,1374607,451826,1429583,4319056,3336496
192,000655,2017-11-16,-0.013245033112582738,-0.01192052980132452,0.2453272576547151,8940.0,73873.9578814154,947,19788378,12683729,935828,981001,3181235,3915499,2107204,2330897,4735529,2033646,3054179,1460516,3486304,1015654,905342,439236,1382757,507280
193,000656,2017-11-16,-0.004347826086956386,-0.0021739130434782483,0.12575259273702727,7803.0,71901.03864679673,1340,17336011,18994131,1179407,2159091,4401324,3813184,3329689,2074088,3196080,2294688,1522817,1947144,1062748,2069308,896922,1747167,1747024,2889461
194,000657,2017-11-16,0.0,-0.007704160246533087,0.4582286576070365,10352.0,78858.91703685178,802,11741885,9613328,623626,895399,3465890,3675243,1592051,1278637,1987309,1084149,1200659,729540,0,0,0,0,2872350,1950360
195,000659,2017-11-16,0.002624671916010346,0.005249343832020914,0.16981417265490512,10329.0,88774.16020378377,503,8880016,9935683,365150,435586,1786601,1855374,1449729,2617033,1109946,2562166,698607,249333,1143000,1061191,0,0,2326983,1155000
196,000661,2017-11-16,0.06461932181701857,0.06554993311231305,3.5505416621737473,92475.0,632694.4247484271,2348,322908324,425449651,0,1770,6909174,9183043,12793834,12192482,20693547,27706243,15977964,26255215,15601828,22133476,16721151,27856373,234210826,300121049
197,000662,2017-11-16,-0.0060679611650485965,-0.0024271844660194164,0.6629998560976094,8225.0,40873.81428894006,617,8311649,5212226,692655,735595,2558167,2159103,1542285,1004424,1983963,883134,812761,429970,721818,0,0,0,0,0
198,000663,2017-11-16,0.0017564402810306134,-0.0011709601873536313,0.746673837021936,10128.0,72184.90319306185,523,5009652,11613723,347281,715874,1745820,2115707,768271,1970659,918865,2832204,0,671013,678475,1028750,0,928070,550940,1351446
199,000665,2017-11-16,-0.007414272474513317,-0.003707136237256603,0.45933347058121987,9693.0,76905.58454575382,551,13933640,6893619,492698,487849,1679670,1826788,1443691,1446767,2413051,1461619,3108525,417372,3287005,706744,430000,0,1079000,546480
200,000666,2017-11-16,-0.011961722488038284,-0.00382775119617218,0.5180418973788004,12534.0,72484.33412806003,1628,28075499,22562539,1373828,1054316,8606011,8645761,5711742,3831075,4534598,4176608,1581414,1975959,1019549,727502,1302929,934594,3945428,1216724
201,000667,2017-11-16,0.0031645569620253333,0.0031645569620253333,0.10256348942073211,3810.0,82111.53082438899,952,10767915,11056425,942286,876247,1686472,2544188,1219529,1394583,1337316,1847477,536013,727973,636000,1379856,1431548,405449,2978751,1880652
202,000668,2017-11-16,-0.0069708491761723,-0.0006337135614702394,1.1482592408417018,14301.0,46084.117922761216,188,2294321,2767181,127019,163573,793605,850930,512567,734882,660105,159100,201025,521730,0,336966,0,0,0,0
203,000669,2017-11-16,-0.0026954177897573484,0.0006738544474393926,0.5675072340366776,10402.0,109959.50514287676,683,9839827,17278787,703555,508847,2182608,2897233,1816409,2161612,1904462,2315372,520900,1211824,941912,2411792,0,1324832,1769981,4447275
204,000670,2017-11-16,0.016393442622950838,0.019374068554396384,0.14099944986010585,17732.0,90212.95083580945,2271,48155216,51032581,1481232,1877796,9601667,12319174,9425098,12422363,11907194,10869662,4517387,4883065,3056657,2562002,0,1348073,8165981,4750446
205,000671,2017-11-16,0.048154093097913186,0.049759229534510396,0.11417632586672348,20790.0,307077.9990160711,2995,161238395,189385747,2216485,2927954,11819119,8650727,12500371,9552756,19857950,18739894,15538118,15728141,12767377,19063729,12722019,10974190,73816956,103748356
206,000672,2017-11-16,-0.020854021847070636,-0.0009930486593843213,0.21173427697794303,19820.0,106645.4878020361,2264,64580887,48568280,1997879,1769433,13003242,8815557,11603447,9383967,12030079,10436927,6892086,6753369,2652258,2391878,3180799,3241195,13221097,5775954
207,000673,2017-11-16,-0.013411567476948827,-0.013411567476948827,0.4560239530881658,11780.0,106600.84522956953,684,20774182,7785820,713904,480570,3269365,2284169,3025372,1289710,2881241,1318497,2533407,1183655,1393770,396144,2712330,0,4244793,833075
208,000676,2017-11-16,0.0013850415512466352,0.003462603878116477,0.40157994031717087,17556.0,67227.47859731205,1293,25184596,24688444,888886,788958,6642498,7596023,7114872,5230893,6299238,5016725,1488787,1536357,1453121,1029879,1297194,0,0,3489609
209,000677,2017-11-16,0.006818181818181612,0.004545454545454408,0.2520060014317472,6924.0,35335.87615513876,304,2405014,3603079,376761,240354,963762,1403150,562623,508861,501868,744764,0,705950,0,0,0,0,0,0
210,000678,2017-11-16,-0.005025125628140725,0.0,0.4581012971931895,8020.0,30802.25241866289,301,3672593,2215060,362514,335612,1230839,1111269,1080633,644671,704087,123508,294520,0,0,0,0,0,0,0
211,000679,2017-11-16,-0.012484394506866336,-0.012484394506866336,0.346153092057381,7880.0,56507.81902213255,535,8625653,5751810,459232,620309,1642265,2056539,1606534,1460456,1981995,841037,1279627,0,1179000,313534,477000,459935,0,0
212,000680,2017-11-16,-0.015355086372360827,-0.0057581573896353655,0.14193126635609501,5190.0,48952.22528583448,1349,16416999,11563271,1283775,1062223,4083492,3644670,2613573,2193881,3828447,2174624,1856384,1324036,1676803,312268,454125,851569,620400,0
213,000681,2017-11-16,0.05932203389830515,0.005296610169491567,0.7050530635379807,7580.0,68535.63867029738,717,11233163,8084717,1158383,502768,2022711,2195063,2985376,1654635,1496272,2025979,478921,0,395200,630472,0,0,2696300,1075800
214,000682,2017-11-16,-0.005952380952381042,-0.005952380952381042,0.2062363392010413,5020.0,45441.5405975442,597,7437787,2831535,688941,534892,2546673,1466170,1117376,521157,346090,309316,1217967,0,370740,0,500000,0,650000,0
215,000683,2017-11-16,-0.006779661016949157,0.0,0.08328662145070612,6739.0,92738.82007986816,1260,25973972,11869198,1393997,1200326,5235431,3311918,3884009,1587841,3309071,1896347,2812104,1049979,2403346,987357,974811,411600,5961203,1423830
216,000685,2017-11-16,-0.0018993352326684976,-0.0009496676163343043,0.272701385881291,2116.0,53122.45979333166,1491,14084839,9312717,1952679,803184,3711668,2370793,1871500,2311344,2258036,1686586,1564346,665947,0,617721,471137,0,2255473,857142
217,000686,2017-11-16,-0.013527575442247586,-0.004162330905306932,0.2545684065439811,11496.0,136260.00322234028,1425,44652804,24460599,1301605,1343371,6063437,5937266,4246890,5379752,5237172,4008825,4909843,2802158,2109481,1751291,1797425,967024,18986951,2270912
218,000687,2017-11-16,0.006196746707978207,0.0,0.3583904012110922,16919.0,97715.0319561012,1298,34747004,30798843,915445,761373,5713819,5454567,5992099,4801448,7952520,8210269,6534052,3819766,3254610,1649177,899180,0,3485279,6102243
219,000690,2017-11-16,0.014157014157014203,0.023166023166023342,0.2420975057308152,14319.0,157691.97993719872,1030,21049232,33746777,1126230,664372,4149888,4805275,3877771,3432789,3187398,3475954,3336719,4290792,1107837,2876099,891620,1810028,3371769,12391468
220,000691,2017-11-16,0.0,0.005730659025787732,0.4783222707874066,19572.0,60212.62607126152,212,4771021,3027019,116859,178913,1434883,721196,1012180,479347,1171409,870463,685190,0,350500,351500,0,425600,0,0
221,000692,2017-11-16,-0.013816925734024155,-0.006908462867012077,0.2752016864844644,7794.0,38569.46176163175,442,5504102,3904088,258850,619307,1684375,1816158,1307114,924723,1478684,143500,775079,0,0,0,0,400400,0,0
222,000697,2017-11-16,0.027935399388913096,0.020951549541684766,0.5701979772030941,23370.0,84055.17297054079,1614,38036177,48709181,1230972,1007327,7929475,7948158,6808400,7846226,10175138,13167065,5769584,7815969,3127264,6066577,491399,1768734,2503945,3089125
223,000698,2017-11-16,-0.0048154093097914075,-0.0048154093097914075,0.1637034117281232,1240.0,54463.937830667805,1449,16687961,8207938,1250049,659099,3716051,2373276,2546100,1437192,3490387,1766017,942923,782666,993461,0,1454675,0,2294315,1189688
224,000701,2017-11-16,-0.01606086221470837,-0.0076077768385460764,0.31337947403010497,4704.0,41105.81722835709,1426,13542919,10160902,1569505,1698678,3754177,3244696,2802714,1811735,2696532,1767709,1407461,209520,341628,0,970902,888984,0,539580
225,000702,2017-11-16,0.007407407407407529,0.007407407407407529,0.3346956225637162,9780.0,69636.6573366292,585,9222969,6922148,388263,817452,3492454,1568192,1844901,1419725,1087158,845813,235246,1196868,0,666284,480260,407814,1694687,0
226,000703,2017-11-16,0.07282184655396606,0.06371911573472033,0.2977265439729574,11382.0,321438.0342999734,2679,124727689,162369735,1206354,3928751,5370853,11558113,5103636,8634064,8407235,12929698,5901570,12427558,10302337,12446460,4658016,10122097,83777688,90322994
227,000705,2017-11-16,0.0,0.006355932203389925,0.3979127321021754,4770.0,59207.29060098669,562,3710467,5727410,382405,694734,1670355,2507053,582676,455525,810260,232294,264771,0,0,0,0,0,0,1837804
228,000707,2017-11-16,0.020312499999999956,0.0031249999999998224,0.31771728682654726,4480.0,32249.570707341856,405,3471621,3094807,362727,316950,903936,952549,1326012,1088207,638160,407893,240786,0,0,329208,0,0,0,0
229,000708,2017-11-16,0.011656952539550458,0.00915903413821817,0.4744623231551163,10876.5,44574.937568133515,640,7595961,6921972,577595,453727,2304128,3366311,1186932,836040,1625567,1456402,1005219,508451,396445,301041,0,0,500075,0
230,000709,2017-11-16,-0.009638554216867434,0.0,0.08031939422035964,12064.0,152632.24428681048,2685,90584737,57571633,2621720,1807195,13648558,8541011,10296746,7315102,9441460,7629216,10131520,6339956,3690026,3295222,10822112,5083356,29932595,17560575
231,000710,2017-11-16,0.09115044247787618,0.09115044247787618,1.4714979109539272,110910.0,1107095.2966907988,2131,415456229,328930137,886124,471913,8391052,4456468,11565096,10152988,26697282,25107409,24250669,18710548,21522664,18694214,14884333,22197647,307259009,229138950
232,000711,2017-11-16,-0.016181229773462702,-0.012944983818770184,0.35557812987411286,12140.0,87862.1066630241,1209,24168634,17938684,1026245,1049328,4094816,5271607,4233356,3409167,4561521,2731310,2491798,1233368,1387047,1082206,882530,490842,5491321,2670856
233,000712,2017-11-16,-0.0038910505836573517,0.0033351862145638567,0.5042424627542245,14336.0,121458.89977415408,1273,32672044,32466127,943973,1620517,4960145,5500664,3761619,3790284,4889639,5589959,4090057,6608819,3545222,2211642,2252282,3030043,8229107,4114199
234,000713,2017-11-16,0.006596306068601621,0.006596306068601621,0.40179985464139145,7610.0,35967.278919738295,355,3624842,3212973,336417,665167,1248628,1119157,649430,550674,800560,673438,251460,204537,338347,0,0,0,0,0
235,000715,2017-11-16,0.0,0.004897159647404337,0.5691138204775674,5125.0,31379.64372572623,321,3522702,1830540,169178,294685,708086,946906,953293,354682,1481613,0,210532,234267,0,0,0,0,0,0
236,000717,2017-11-16,0.018743109151047488,0.023153252480705433,0.15615440619640802,71136.0,313382.47585859796,3383,284647226,279652017,873546,1078694,12484693,13407198,22415975,23829563,39740250,42894924,36480430,31213304,27483489,23654907,23290543,21911799,121878300,121661628
237,000718,2017-11-16,-0.00387596899224818,0.0,0.15422278395826194,8288.0,42257.59076207434,1120,15491205,5442632,1877133,449851,6061838,1325343,1855590,1045694,2775008,1560535,1615076,519166,345050,0,437320,0,524190,542043
238,000719,2017-11-16,-0.003030303030303161,0.003030303030302939,0.4380338357841902,4945.0,24175.197406136867,510,2739013,4147141,278846,1075997,1115839,2207735,492754,515159,851574,348250,0,0,0,0,0,0,0,0
239,000720,2017-11-16,-0.031512605042016695,-0.021008403361344463,0.174518586547468,9320.0,107955.48428852067,744,16800495,10225304,645797,958244,2742119,3044767,2047620,1648842,2442691,1864134,2081927,632893,1384817,0,1828524,1371484,3627000,704940
240,000721,2017-11-16,-0.007621951219512146,0.0,0.2732027409348614,6510.0,76621.20661672382,576,6570164,4066439,817964,581940,1891997,1456055,1200699,923973,130146,316328,0,461775,0,326368,403620,0,2125738,0
241,000722,2017-11-16,-0.000932835820895539,-0.003731343283582156,0.49879198133913333,10720.0,51387.89202418096,461,6338226,5107684,362114,426296,2470024,2058621,1031781,1380237,1017984,350204,296390,558798,0,333528,0,0,1159933,0
242,000723,2017-11-16,-0.017114914425427896,-0.004889975550122161,0.267501679974028,8119.0,72265.01688031811,935,18554494,12777267,656699,1021899,3281515,3272599,2477539,2937636,4340765,2518936,1732548,1770096,2278762,752903,3159726,0,626940,503198
243,000725,2017-11-16,0.03883495145631066,0.030744336569579422,0.1031591963607862,1209824.0,4230903.857889694,3602,4088864308,4941710587,6160,0,250030,207986,2742526,1273128,16798381,15883527,31509607,32334024,36669334,38978925,36008914,35375095,3964879356,4817657902
244,000726,2017-11-16,-0.005405405405405461,-0.002702702702702675,0.35446431872424955,7770.0,100010.9040838204,980,19329585,16788057,1042896,767937,2740822,3293712,3265048,2019677,2525249,3221468,1268337,1193077,342990,694722,1861793,902313,6282450,4695151
245,000727,2017-11-16,-0.007299270072992692,-0.007299270072992692,0.06704760026505507,6775.0,120673.72895747809,1686,36784985,25690804,1571984,1622565,4700099,5889062,3895766,3123247,5775424,4325290,3811100,2863324,759884,1022740,1707029,1305872,14563699,5538704
246,000728,2017-11-16,-0.01210653753026636,-0.002421307506053405,0.2715823554788791,22329.0,137383.24876513908,2082,63927836,62909053,916475,1641126,10398543,11892328,9326896,10075394,12043067,12597905,6133896,8911350,5366129,3843130,4499695,3589318,15243135,10358502
247,000729,2017-11-16,0.0016501650165017256,0.0033003300330034513,0.1828352271695868,4249.0,113103.35430192792,1099,16961057,12517089,900383,1257950,1688345,2891427,743754,2187290,623815,2001129,523488,772160,717474,1970795,865836,918688,10897962,517650
248,000731,2017-11-16,-0.00911458333333326,-0.003906249999999889,0.2582645222159508,7670.0,38182.72575136054,884,10195958,6517383,639366,688312,4080235,3368355,1924913,1173377,1930518,707700,688439,247095,397687,332544,0,0,534800,0
249,000732,2017-11-16,0.007701421800948127,0.0017772511848341832,0.4151123573014593,6808.0,45739.3220971876,1654,16139754,17423967,1829700,1828669,6409645,4616601,3434009,3537881,1827603,3594964,1212833,705399,643495,2113920,0,484133,782469,542400
250,000733,2017-11-16,-0.004542504866969499,-0.0006489292667098967,0.49040656407433025,9240.0,50890.061624219365,987,15000417,8694876,1005192,1303800,4160491,3912667,3225445,1747585,1643150,1139858,1448620,0,1303097,0,1703806,0,510616,590966
251,000735,2017-11-16,-0.0025839793281654533,-0.006459948320413411,0.18736680035658734,15320.0,146186.4845346958,1709,52988444,37463875,1280794,1764325,6674330,7572849,7882201,6417637,9349297,5699925,5010174,3942524,4131888,1786510,2208627,1746164,16451133,8533941
252,000736,2017-11-16,0.03038309114927329,0.03038309114927329,0.4889801248517163,15560.0,61820.565221163735,960,17074237,16471181,891396,776102,5257716,4080174,3176188,3000277,4134317,3748529,1471778,1892371,1736926,947265,405916,869977,0,1156486
253,000737,2017-11-16,-0.018425460636515845,-0.011725293132328174,0.22690840163776071,7670.0,52785.90837617017,692,11117319,4911083,772892,601856,2866081,2435240,2097770,714966,2848146,651031,635807,0,642631,0,420912,0,833080,507990
254,000738,2017-11-16,-0.023968784838350077,-0.006688963210702448,0.4795548438567569,12544.0,95192.19773459747,1399,31096994,18494625,1089070,1497170,6557188,5702443,6801115,3120884,6171932,3411896,2394712,670907,2012271,662948,845213,868864,5225493,2559513
255,000739,2017-11-16,0.0028985507246375164,0.0014492753623187582,0.2878386209349476,8983.0,150068.8033235677,574,10324332,5756479,546926,376264,2903228,1625288,1283428,1424444,1213321,1303395,206100,618740,688000,0,0,408348,3483329,0
256,000750,2017-11-16,-0.013084112149532645,-0.005607476635513864,0.13239587467557937,10720.0,72912.40253697673,1636,32413467,22082894,1068149,1415000,5500410,5994153,6753124,5459757,5039353,4046139,4186908,2362654,2173050,1359384,2657983,837512,5034490,608295
257,000751,2017-11-16,-0.013698630136986356,0.0,0.13776926590579494,10200.0,71842.39937198484,1378,23665410,18753980,1091711,1207614,5260146,5213759,4395530,3798989,3366222,4596375,3094072,1482195,2109475,335265,402900,489027,3945354,1630756
258,000752,2017-11-16,-0.002958579881656709,0.0007396449704142327,0.7039678921743727,9464.0,58607.038505839664,368,4234114,3714294,293661,418073,1555771,1457654,1350328,465719,570832,371135,463522,0,0,0,0,0,0,1001713
259,000753,2017-11-16,0.0023923444976077235,0.0,0.19068079329223367,6075.0,52522.45276324197,480,5613313,5205065,299298,644624,1289575,1900300,1129820,1222128,731602,544498,1409499,893515,0,0,0,0,753519,0
260,000755,2017-11-16,-0.015804597701149503,0.0,0.17035603755969378,12948.5,111455.23036644922,1676,42554070,33837939,1456106,1378047,6750284,6375675,6471284,5488024,7854613,5748526,4235320,3015516,4447424,4131205,2695024,1668495,8644015,6032451
261,000756,2017-11-16,0.005732484076433009,0.003821656050955413,0.4376338604511453,12720.0,60541.39872739633,1287,19771715,16320950,1174961,1115979,6869647,5511814,3226277,3255072,3161026,2626517,1441955,1984231,1253607,331136,883523,456170,1760719,1040031
262,000758,2017-11-16,-0.01501501501501512,-0.0030030030030030463,0.1801928317340884,6660.0,86294.76236296263,1367,22485478,18663359,1045098,1818061,4269240,4331032,2863370,2621859,3412611,2687269,2088792,2165142,3240613,2098718,1348542,1739343,4217212,1201935
263,000759,2017-11-16,-0.014112903225806495,-0.009072580645161255,0.27646430806738864,12947.5,62632.15070006563,1288,30531301,12124384,1658456,953219,10712802,3202855,6048580,3167874,4531370,3308712,2027132,634999,1631223,314313,439650,0,3482088,542412
264,000760,2017-11-16,-0.02083333333333337,-0.0078125,0.24936508454210352,7650.0,78850.29372150492,949,17444133,6081580,1255813,694993,4788775,2249210,3661194,1361932,2997143,928329,980079,0,1074420,0,0,847116,2686709,0
265,000761,2017-11-16,-0.0017985611510791255,0.0053956834532373765,0.13646886332530833,7260.5,115421.97589471888,1664,42762274,31343594,1905196,1305913,5073921,4855466,6770577,3438932,10706240,6915910,2327527,4402591,3767872,3112614,1709156,919360,10501785,6392808
266,000762,2017-11-16,-0.007556675062972307,0.0031486146095718315,0.35182071177180824,20702.5,139853.18081990292,2038,57418927,53421942,1373563,1595994,10419191,11179756,9307409,9261456,11947280,10749224,6022893,6437546,5431368,1958236,2325494,485918,10591729,11753812
267,000766,2017-11-16,-0.015486725663716894,-0.019174041297935096,0.5091441805175355,10712.0,86588.68190482576,709,18708286,9273976,564519,742911,2415627,2628702,2269538,1872758,3285598,1363259,2494416,1018428,2451075,737664,2602126,402000,2625387,508254
268,000767,2017-11-16,0.0031645569620253333,0.0031645569620253333,0.16285986504954664,4279.5,65003.09616163093,376,5146435,3615325,200450,492509,909012,968693,1302602,478826,852173,130698,565110,0,1317088,326151,0,0,0,1218448
269,000768,2017-11-16,-0.012121212121212088,-0.007162534435261603,0.3910654834940362,21695.0,209946.99183734768,2155,101074824,71387257,1118508,1932501,7986629,11354988,9265405,9352319,18790317,12406228,15838893,8450558,7903186,5269574,5281054,1872172,34890832,20748917
270,000776,2017-11-16,-0.014573991031390232,-0.007847533632287074,0.33024757675638167,51765.0,353933.5474112527,2920,244353517,136336400,674896,838595,20772188,10702280,24829317,18669747,32194517,30315523,19270024,13627519,10965433,12186569,14213716,9461090,121433426,40535077
271,000777,2017-11-16,0.005350772889417321,0.009512485136742077,0.435405542496932,16915.0,78944.55074828934,1492,25945736,30939578,1551330,1047052,7260841,6823019,5882679,6122193,4879330,5689002,2874519,4737694,721689,1706028,0,1255340,2775348,3559250
272,000778,2017-11-16,0.0,0.0,0.12603113974729435,11740.0,94744.2414933218,2145,52318605,30974298,2140971,1360994,11321427,7298002,8335030,4976181,7560812,5135077,5997858,3565439,4534874,2797342,2254221,1364046,10173412,4477217
273,000779,2017-11-16,-0.0029188558085231353,-0.008172796263864579,0.6167627116811486,16920.0,77759.5495178232,771,18312715,10755878,534393,627848,4154096,3100526,3551953,2587135,3781168,1640414,1324226,648563,1338521,678425,1815289,0,1813069,1472967
274,000780,2017-11-16,0.00203252032520318,-0.00203252032520318,0.226308921145735,5390.0,51471.59221888854,472,6942622,3841630,376199,503866,1596480,1668939,749694,662032,1554677,660425,1442042,0,739410,346368,484120,0,0,0
275,000782,2017-11-16,0.006571741511500306,0.010952902519167473,0.40501530407787445,14871.5,62749.56250751667,508,8038773,9882118,526933,438271,2357413,2318353,2237250,2484781,2125061,1336476,430586,1684371,361530,370000,0,0,0,1249866
276,000783,2017-11-16,-0.008988764044943864,-0.005617977528090012,0.21359036939646991,11505.0,155406.92212456634,1737,39116803,36617256,1409448,1772220,7447505,7386356,4666820,5277840,5544378,5396427,3052898,4530808,2055082,2380026,1760293,893560,13180379,8980019
277,000785,2017-11-16,0.002970297029702973,0.002970297029702973,0.6388354865365616,8128.0,51726.26795352716,249,2792300,2901463,105362,366274,780679,960093,572657,237424,917633,507600,415969,210312,0,0,0,0,0,619760
278,000786,2017-11-16,0.04080808080808085,0.05494949494949486,0.4190596978510878,135574.0,518917.4342420154,3493,411561854,506072769,335197,300604,9572280,8247208,21917250,19769095,50265479,51594028,43789112,50657037,39954083,40776839,35224910,39476198,210503543,295251760
279,000788,2017-11-16,0.001098901098901095,-0.003296703296703174,0.423442792692737,9080.0,70201.8237392022,461,8942221,4143345,402650,770041,2031625,1457675,1572066,828896,1436093,295225,995341,474267,0,317241,0,0,2504446,0
280,000789,2017-11-16,-0.008385744234800652,0.019916142557652172,0.17923249558247928,33495.0,343322.4251940214,2847,137005012,211493376,1494698,1926567,10758312,12454604,11745037,14355993,18014740,31650704,15763261,20533425,11128568,13455495,14772861,24072311,53327535,93044277
281,000791,2017-11-16,-0.01675392670157072,0.003141361256544517,0.18179320223900705,33722.5,140340.5248912446,2764,113999258,101829949,1662167,1590362,13756774,11626589,16599748,15849891,26252732,26980115,14338947,16445423,9166931,8976757,6088037,9505784,26133922,10855028
282,000792,2017-11-16,-0.025974025974025983,-0.012265512265512313,0.24357466671525366,70533.0,717169.5754434295,3243,351029623,321988741,909492,1028111,12146862,11788371,18311439,21488468,40155688,36466076,27057425,25872580,29408783,22943564,23007114,19695342,200032820,182706229
283,000793,2017-11-16,0.0,0.008814887365328206,0.29810992653194496,11341.0,210361.63472125333,1173,42057516,39884447,852672,998602,4644211,4057374,3849793,2799877,3614638,5609001,2953153,6712877,3228855,5113880,2192596,2781050,20721598,11811786
284,000795,2017-11-16,0.011023622047244164,0.015748031496063186,0.15085970987330546,10232.0,81772.20215647496,1774,22955617,31101614,1523963,1898085,6404259,7940557,3665747,4963375,4981604,5618626,1664732,3551412,1297292,954600,437619,2779049,2980401,3395910
285,000796,2017-11-16,0.0028288543140027045,0.0007072135785006761,0.41464458113698294,11312.0,56662.1117724211,1163,17241169,14642604,742252,1623767,4791885,4805949,3784890,3344562,3891971,2661225,1464140,706837,672900,0,1356571,0,536560,1500264
286,000797,2017-11-16,-0.018050541516245522,-0.009386281588447565,0.3631006915646242,17777.5,110800.93119745744,1456,43049673,31160880,1431412,732917,7674632,6285745,7715034,4105625,8851196,6848821,4370512,2514973,3183208,1359999,2056940,2575189,7766739,6737611
287,000798,2017-11-16,0.013528748590755368,0.012401352874859217,0.4268665828939039,8990.0,38835.08625915366,431,3470893,5331242,417449,657143,1174902,2203278,862604,833360,530479,928939,485459,259522,0,0,0,449000,0,0
288,000799,2017-11-16,0.0875987633115769,0.10546204053589836,0.4930435464880044,136329.0,791093.0918251743,3492,368242336,673161120,587194,440524,7903358,8253070,23121846,20839331,46824747,53511461,44082388,49542141,42344436,49315669,21284519,39317461,182093848,451941463
289,000800,2017-11-16,0.006974716652136115,0.0052310374891018085,0.29469966836415384,21897.5,157551.23080289556,1516,47369325,48090970,755990,1108810,5503362,6878628,7668423,7118206,13706600,9070740,3497241,5684563,5187386,3858378,3483283,3718579,7567040,10653066
290,000801,2017-11-16,0.0,0.0013966480446927498,0.27346986519408034,7898.0,46999.21151183336,685,8661437,6235781,886380,677486,3032259,2143315,1178801,1553481,1900406,885660,268158,654175,680433,321664,0,0,715000,0
291,000802,2017-11-16,-0.012014134275618371,-0.001413427561837377,0.42138187144902917,14130.0,70529.66146195427,1127,20490446,17325031,797440,1307112,5297478,6101464,3453208,3207647,3729673,4539009,1371371,1018785,1363410,330394,846000,0,3631866,820620
292,000807,2017-11-16,-0.09090909090909094,-0.06519742883379254,0.18438807812430869,131874.0,727757.2242026733,3498,593891613,530530039,413442,463577,7209499,11825989,15403339,24953786,38075802,57320278,34703507,50300379,40054891,45227947,29927504,33552542,428103629,306885541
293,000809,2017-11-16,-0.004926108374384119,-0.0024630541871920597,0.20307653147939886,14175.0,74751.66097336146,399,10667528,6077925,217517,411254,1437730,2572972,702561,1021808,2668247,423071,2785484,1648820,1469645,0,1386344,0,0,0
294,000810,2017-11-16,-0.022770398481973264,-0.010436432637571103,0.4213829501249427,7329.0,39893.7723500429,625,8168262,4629188,630903,540950,2699158,2091819,1599500,751785,1521253,1005558,875279,239076,395580,0,446589,0,0,0
295,000811,2017-11-16,-0.018890200708382543,-0.012987012987013102,0.32230625170911475,10933.0,76490.74251236964,690,17466709,7672189,495165,804056,2925981,2306402,3219889,1935835,3473071,1798091,2350975,827805,1511324,0,1260500,0,2229804,0
296,000812,2017-11-16,0.006142506142505999,-0.002457002457002644,0.4327500079688897,10595.0,88895.09307211595,353,6878538,6090460,398450,357936,1206190,1517433,848277,875073,1229883,896959,1164640,244720,324799,356359,405500,410500,1300799,1431480
297,000813,2017-11-16,-0.001136363636363824,0.0,0.2775160014887313,8780.0,73475.72123050231,1006,17058753,14114718,1170837,755524,4462219,3354640,3164464,2419058,3737591,3282994,1073646,1335304,1312682,753456,438000,459784,1699314,1753958
298,000815,2017-11-16,0.0026109660574413773,0.015143603133159322,0.659028121595539,19380.0,81055.03146674998,845,17179916,17943924,780872,653589,4510693,4248687,3017832,3379763,4470019,3803539,1540537,1459073,642560,702420,855562,908536,1361841,2788317
299,000816,2017-11-16,0.004975124378109541,0.004975124378109541,0.09660702126070692,9672.0,93690.68140317648,1738,34024037,32449679,1483644,1575072,7205598,6870721,5358166,4012992,4785782,6361769,4904724,4950564,1713548,2805969,2072448,2120517,6500127,3752075
300,000818,2017-11-16,0.02037201062887517,0.01417183348095663,0.3459827115290967,14703.0,179596.25051734166,1065,25249299,40699066,1069195,636713,5237069,4218193,3268323,3380412,4268238,3105325,2978933,1747896,1748578,1450591,1387899,2161641,5291064,23998295
301,000819,2017-11-16,-0.0014482259232441175,0.006517016654598029,0.46942916489429265,11160.0,43125.67637445012,865,11353493,8179374,701345,940300,4943125,3377990,2005203,2287614,1478665,648608,680886,924862,0,0,414900,0,1129369,0
302,000821,2017-11-16,-0.004644990046449915,-0.001990710019907138,0.4234850586815561,21070.0,95631.08442521117,1267,32404688,22851867,708035,952056,7838349,7850313,4750182,4863312,5254857,3700396,2866945,2400293,1885174,2635497,3124500,450000,5976646,0
303,000822,2017-11-16,0.025000000000000133,0.00267857142857153,0.21128039265670173,30442.5,190091.46899187952,2814,125348770,93161509,1240646,1215525,13395378,13471830,17965353,15326907,24998670,23015576,14632187,10853225,10306692,6349215,5819005,4915107,36990839,18014124
304,000823,2017-11-16,0.0011293054771315258,-0.0028232636928289256,0.4156594388559111,37453.5,272497.43458056735,1820,105453264,97079262,655267,979751,6718744,9485312,12454186,10548736,22213379,12914296,10386958,9025447,10110520,5261026,5731987,6635463,37182223,42229231
305,000825,2017-11-16,0.007619047619047636,0.0019047619047618536,0.10401105829006689,15690.0,139044.33645100906,2556,76871242,69398260,1889639,1445490,10983759,10291731,10903249,8775929,12734939,11081560,9641316,8648186,5633524,3750944,3990252,5790829,21094564,19613591
306,000826,2017-11-16,-0.0022857142857142243,0.0014285714285713347,0.8820347285108512,20994.0,150572.07161332312,1574,45090543,49425892,839664,1224700,7460349,8930181,6718054,7463026,9572159,7258644,3895814,4333149,4068735,5550179,3722980,1339762,8812788,13326251
307,000828,2017-11-16,-0.012552301255229992,-0.0058577405857739295,0.4788630288021768,14232.0,96572.95201802968,622,14799047,8856291,322305,479768,3517587,2449822,1945414,1121017,1481418,2430028,1803298,740724,1408960,713133,0,921799,4320065,0
308,000829,2017-11-16,-0.004892367906066619,0.001956947162426559,0.35213847219870714,10150.0,58691.36053153019,842,11457023,11478264,721708,757024,4215085,2744425,2156009,1365575,1865772,1702451,1674893,1864129,316056,1360214,0,0,507500,1684446
309,000830,2017-11-16,0.03533834586466167,0.03308270676691727,0.2272397755124829,81840.0,416911.3709594028,3435,302337705,389952546,622715,642707,11334634,13729976,21051836,28097898,38980437,46042341,35369184,36836063,26637515,27546973,23102047,27631551,145239337,209425037
310,000831,2017-11-16,0.011475409836065653,0.020491803278688492,0.2769520600556321,13662.0,92514.81685189641,1941,38389706,47355376,1277494,1945977,7864889,9258636,6448854,8246222,10124682,8839672,2567252,4043815,3829328,3589307,1878714,2677839,4398493,8753908
311,000833,2017-11-16,-0.003989361702127603,-0.0026595744680850686,0.3020830418550778,6024.0,31134.756874306135,619,6362577,3821948,823719,442756,2221078,1619020,1622520,814547,1084892,733092,222904,212533,387464,0,0,0,0,0
312,000835,2017-11-16,-0.003386004514672636,-0.010158013544018019,0.3353074746813058,8790.0,110208.48632872528,698,14794376,7747976,896682,835147,2754172,3050993,1233439,1896044,1987227,1272524,0,251393,0,0,2251357,441875,5671499,0
313,000837,2017-11-16,-0.0014450867052022698,0.0028901734104047616,0.251936590866694,10380.0,64799.67476407965,754,12016210,10592099,498715,1119246,3336356,3036487,2372564,2231867,2661399,2787451,476084,691697,364180,725351,0,0,2306912,0
314,000838,2017-11-16,0.10445205479452069,0.10445205479452069,0.14932096813391424,13545.0,280969.6260796151,1531,61685644,49806962,2299360,422113,8757948,1728400,10721761,2584476,11393828,5963153,7138755,3565359,4801918,5219392,2221096,3378342,14350978,26945727
315,000839,2017-11-16,-0.0023980815347721673,0.007993605115907298,0.20969546876674144,198829.5,998074.0010288213,3564,735790417,773450337,197234,215024,7481374,7566597,17820149,19022433,45396723,51680405,50109024,53498585,48546171,52884430,36513994,48002620,529725748,540580243
316,000848,2017-11-16,0.00397614314115291,0.007952286282306265,0.250736935622494,7112.0,100484.7403851544,1611,19684183,30545102,1131046,2830882,3889209,4304349,3077365,3606661,3655851,4273360,2716419,2092483,1397048,1687905,0,2116384,3817245,9633078
317,000850,2017-11-16,-0.004073319755600879,0.0020366598778003286,0.270338211655666,5904.0,33806.662689631616,329,2753562,3400063,196487,487744,1166263,1254266,454666,978482,400465,679571,222423,0,313258,0,0,0,0,0
318,000851,2017-11-16,-0.001006036217303774,0.001006036217303885,0.3873690390986521,10983.5,124770.91045440109,658,17251019,9903898,509938,825827,2130585,3159854,2016618,2474804,2854063,1693594,1552797,796409,1032546,0,0,953410,7154472,0
319,000852,2017-11-16,0.034482758620689724,0.010092514718250456,0.26596200851813406,21501.0,130095.6489425866,2000,54719774,60604729,1245251,1467683,9305612,9998831,8884219,10150168,11909334,12015879,6138142,6719282,2127911,5839488,4335266,4162542,10774039,10250856
320,000856,2017-11-16,-0.011009174311926717,0.010091743119265972,0.49123901561827693,22065.0,120761.63813260884,1970,56318034,56125018,1129526,1064194,10937681,9554308,10678275,8846849,12935829,12641133,5425976,5975227,3316652,4003667,4400810,4989332,7493285,9050308
321,000858,2017-11-16,0.02144772117962468,0.023860589812332522,1.2449883503981354,298311.0,896002.0676522475,3591,953309514,1030711199,22860,38161,2662878,1690744,15304702,11732194,49059105,43507203,61421807,57980393,50647061,53912171,50460443,51850761,723730658,809999572
322,000859,2017-11-16,0.004319654427645814,0.004319654427645814,0.22653180930794656,9300.0,45404.00173557393,417,5880204,5413622,253928,546171,1990025,1525906,1790328,1216027,1102570,1272348,434329,471405,309024,381765,0,0,0,0
323,000860,2017-11-16,0.04860759493670885,0.040000000000000036,0.43394447915139117,32248.0,284016.7407584502,2072,66840620,141224598,942863,1223097,8762186,9913436,8773291,13355925,14175175,17714068,7832402,15782877,6509773,9368385,3448308,8281040,16396622,65585770
324,000861,2017-11-16,-0.0028901734104045396,0.0,0.15142026150619248,5848.0,71117.58622613733,522,5059213,4844373,370155,646510,1421855,1489186,474415,1101641,559931,697057,509663,0,0,0,0,0,1723194,909979
325,000862,2017-11-16,0.014285714285714235,0.014285714285714235,0.2562328439470442,6792.0,40866.02908248439,477,3910127,5749281,480927,402823,1401254,2061511,1000914,1477496,804633,1158803,222399,0,0,0,0,0,0,648648
326,000863,2017-11-16,-0.007716049382716195,-0.006172839506172867,0.357870739392072,7084.0,25148.481301191547,327,3171865,1756315,323548,361721,1651157,815536,610124,463782,330636,115276,256400,0,0,0,0,0,0,0
327,000868,2017-11-16,-0.07174392935982343,-0.03311258278145701,0.16028643967341685,47169.0,502277.7022074963,3210,272540025,263468864,1173130,1468557,13277341,14219774,17046506,18751950,30547425,30062853,24938027,20007657,16347333,19488743,15102212,14536289,154108051,144933041
328,000869,2017-11-16,0.005894962486602262,0.007502679528403,1.0441804665422714,18845.0,115566.10430438192,1277,33817627,40454326,717435,900903,5156163,6626828,5316783,6489755,8501092,8504942,5503019,3797318,1355311,4220175,2736284,2233041,4531540,7681364
329,000875,2017-11-16,0.0,0.002272727272727204,0.17457292351166964,4420.0,69795.03030671774,635,7926379,5702772,440924,852780,1831280,2168246,1036635,572249,751608,831920,444062,0,352000,664146,1320000,0,1749870,613431
330,000876,2017-11-16,0.020942408376963373,0.01963350785340312,0.15933443581898674,22860.0,234381.1746977598,2302,76065934,109387558,1433338,1509997,12580812,10222968,9556336,10113295,12411637,13693352,7054917,11094616,9454445,7668798,5254032,6737605,18320417,48346927
331,000877,2017-11-16,-0.018617021276595702,-0.0008865248226950229,0.2438027431933352,13512.0,106143.010845124,2142,44664121,40325141,1701983,1584459,10117025,9635960,8704192,7269023,10364732,7048695,4253821,2776464,2681403,2462553,1363641,2613653,5477324,6934334
332,000878,2017-11-16,-0.027649769585253448,-0.014592933947772613,0.26369920997214435,22049.0,183860.22620488374,2439,98407872,55554532,1029900,2065260,9956366,13701259,14628448,10536257,15765923,12241246,9849298,5133502,8418859,1623324,4805880,3002598,33953198,7251086
333,000880,2017-11-16,0.0019361084220717029,0.0029041626331074433,0.4548683646342813,5125.0,19500.909237102638,515,3432170,2772152,854518,436542,1507474,1355315,690602,672507,379576,100588,0,207200,0,0,0,0,0,0
334,000881,2017-11-16,-0.020618556701030966,-0.01993127147766327,0.4263203702790937,14390.0,83178.51433948934,1165,23984111,17192818,649000,1235040,5525302,6275702,6106127,3446637,3774413,3382824,2520807,1355675,700958,355074,873020,0,3834484,1141866
335,000882,2017-11-16,-0.0030864197530865445,-0.0030864197530865445,0.11649193904576866,6420.0,80996.63848761057,775,8660935,9909316,851279,845858,2115078,2641429,1536362,989418,1692235,1507276,445073,690296,673660,979039,0,0,1347248,2256000
336,000883,2017-11-16,0.0041753653444676075,0.0041753653444676075,0.13307572707089896,3366.0,48514.26667630042,1298,10828265,8780086,1129541,1277787,1744329,4221814,1065939,1397084,1203840,1180636,695040,702765,1027176,0,3322560,0,639840,0
337,000885,2017-11-16,0.007773459189339027,0.01110494169905607,0.46309645160747415,18140.0,101472.62378622261,1512,26239711,34182403,1318283,1284385,7165576,8988262,7545644,5635692,6390611,7023603,909197,2902173,1148582,1658817,436451,439472,1325367,6249999
338,000886,2017-11-16,-0.008571428571428563,-0.004285714285714337,0.19042682431092162,15180.0,149372.291226394,1353,49068258,31842890,1338006,960313,6018830,4694095,6252784,4594412,9730935,5504000,4619506,2835648,3017259,4494148,3593886,0,14497052,8760274
339,000887,2017-11-16,-0.009809264305177146,-0.004904632152588517,0.5208617444662005,23660.0,152775.10888157404,1241,56134704,28468001,647496,1054708,4822453,4929700,12212082,5223983,8574190,4715241,6199352,2861577,3177121,3500485,1799563,1225393,18702447,4956914
340,000888,2017-11-16,-0.0039447731755425375,-0.0009861932938856066,0.3795723164944349,10150.0,79700.5950154341,713,8636741,7186336,236848,554732,2726980,3559681,1562864,738068,1485169,1159205,882630,202800,0,0,0,0,1742250,971850
341,000889,2017-11-16,0.007165605095541316,0.007165605095541316,0.4318440695030432,11385.0,53455.55965183829,846,9919280,13512786,618247,873386,3308833,3803190,2369290,2990958,2373420,2907322,493490,963706,0,1039290,0,934934,756000,0
342,000890,2017-11-16,0.008823529411764675,0.010294117647058787,0.2991513615080531,6800.0,34633.820139852745,516,4091872,4560917,471248,562195,1368629,1869923,951802,872789,557913,1256010,0,0,339500,0,402780,0,0,0
343,000892,2017-11-16,0.001273885350318471,0.002547770700636942,0.3713616564495515,8303.5,37884.07554560344,446,5106441,5124612,385368,524157,1661234,1943016,1052163,1487168,966568,1170271,659898,0,381210,0,0,0,0,0
344,000893,2017-11-16,0.034482758620689724,0.008620689655172376,0.3621232271138806,8170.0,27984.035442860328,502,4326079,4692985,492247,752422,1951093,1773985,759294,1447193,1123445,719385,0,0,0,0,0,0,0,0
345,000895,2017-11-16,0.022556390977443552,0.02593984962406015,0.4810930030323608,64824.0,310636.52032891125,3058,217706524,275179487,754718,1134932,10166031,12283173,19265023,20366687,29395635,38749884,25522623,32157737,21209816,21071831,10200145,21144193,101192533,128271050
346,000897,2017-11-16,-0.0025510204081632404,0.005102040816326481,0.12673841612450454,6288.0,54844.927742017564,958,7546271,13480692,922051,1088891,2203353,4260433,1427018,1759206,1066526,3135530,995649,1439802,300595,393000,0,490985,631079,912845
347,000898,2017-11-16,-0.0015243902439023849,0.009146341463414753,0.1382642755040685,18522.0,257331.9378395706,2256,88756069,101074544,1235188,2125567,7739743,9168970,11569611,10340032,13655747,11492463,6000601,6251209,6530545,14005336,4993087,5917410,37031547,41773557
348,000899,2017-11-16,0.0015384615384614886,0.004615384615384688,0.19592620057235235,3260.0,53089.65761510241,1101,8340326,5317938,2455536,506861,1477922,1130976,1215705,690866,359471,1222069,1338945,834446,392393,0,0,0,1100354,932720
349,000901,2017-11-16,-0.005102040816326481,-0.004317111459968603,0.7952236641413989,12730.0,73704.33616001208,1026,18425770,13684778,808216,932553,4535848,4893153,3203873,3011744,3359605,2159764,2341073,1678934,308805,0,455197,498030,3413153,510600
350,000902,2017-11-16,-0.003940886699507429,0.0,0.25997240703600716,9054.0,78433.51345540874,1528,37581227,16413722,1788648,784150,6333148,3436849,5832073,3351471,11088949,5527710,1843463,882596,2568113,0,1364435,824695,6762398,1606251
351,000903,2017-11-16,0.0024875621890549926,-0.0024875621890546595,0.11035285068166573,12120.0,144762.62208409247,1330,25896307,37190953,1169511,1093208,5229183,5901419,4321021,4173819,4532855,5217342,3064850,4785121,2770392,1289975,1687469,1706461,3121026,13023608
352,000905,2017-11-16,-0.012158054711246202,-0.003039513677811634,0.3994179530052029,13180.0,63444.9846749454,1085,23748966,13153201,915292,853334,6187752,4907493,4510462,2516671,4963583,2997015,2748429,1477613,1839267,0,460863,401075,2123318,0
353,000906,2017-11-16,0.02733485193621865,0.03075170842824626,0.18855723261385704,19330.5,117212.38513113637,2174,59894313,66419761,1417398,1798747,8798953,10778211,7810374,11167207,11307895,14634550,7153530,8210977,4248229,5237368,6759361,5058597,12398573,9534104
354,000908,2017-11-16,-0.0015037593984963404,0.004511278195488577,0.31354648658374673,6650.0,58212.76664245753,449,5081638,5619827,237823,607340,1517685,1219810,1136243,779606,1127618,1019498,730269,767313,332000,0,0,0,0,1226260
355,000909,2017-11-16,0.0,0.0074875207986688785,0.5145209111717364,11920.0,40216.85786177901,545,7212126,5467900,446562,566857,2574643,2296491,1167217,1358454,2057854,638898,965850,243600,0,363600,0,0,0,0
356,000910,2017-11-16,-0.0004182350480971264,-0.005437055625261311,0.5359985553385961,21348.0,80990.27717666152,2001,38711136,28577482,1406874,1347638,21152644,4646033,2935080,4356345,4408699,7209564,1203494,2457251,395670,1004817,1825451,2300400,5383224,5255434
357,000911,2017-11-16,-0.0019323671497584183,0.0009661835748790981,0.4082277247962947,9306.0,29611.88911239142,642,6701474,5919695,815845,482970,3016586,2636403,1543412,1293321,1030479,1507001,295152,0,0,0,0,0,0,0
358,000912,2017-11-16,-0.025232403718459584,-0.010624169986719778,0.1958098193276896,12682.0,59300.095770174106,1480,20807752,25014261,1277979,1343733,6597182,7541654,4590417,4619564,4669039,5806649,2216362,1684956,607944,1119184,848829,1784141,0,1114380
359,000913,2017-11-16,-0.003910068426197566,-0.003421309872922773,0.7944544054266427,19990.0,69611.17840335003,663,12488713,12284006,416053,465426,3494933,3020793,2681479,3528674,2652573,2938748,1319725,705502,912450,680049,0,944814,1011500,0
360,000915,2017-11-16,-0.013615733736762392,-0.005748865355521882,0.8895252564680555,19776.0,138124.19213946414,1380,41842858,28050562,1309483,1209400,6878429,6647359,9231755,4622284,7288459,3890687,3279586,1785208,4237340,2393503,3134913,950210,6482893,6551911
361,000917,2017-11-16,-0.00453309156844961,0.004533091568449832,0.21749197772620152,34642.5,203989.22930527877,2574,122223508,139997579,1322330,1140270,11917753,11784775,13294946,13695670,24762676,23165384,17300896,12671124,12351537,15508756,9885671,9128703,31387699,52902897
362,000918,2017-11-16,0.022377622377622197,0.029370629370629286,0.17335197474879496,17123.5,315597.9050830587,1706,48182266,82356697,1473506,1249358,7203488,7575703,6771568,8527429,8166417,9299291,5032260,5625407,2760009,4007617,1315692,1281472,15459326,44790420
363,000919,2017-11-16,-0.0030425963488842633,-0.0020283975659228792,0.5529643557769924,9840.0,77107.2565960301,317,5404218,5653802,362284,427547,1011802,1397294,1201918,591665,940048,885356,1396184,755276,0,786832,491982,0,0,809832
364,000920,2017-11-16,-0.006244424620874267,-0.00535236396074934,0.45137897976777974,11160.0,115528.70243399595,616,15688513,8808142,394367,649544,2748424,2370198,1858674,1161811,3057909,2266350,1090288,2360239,711429,0,2139524,0,3687898,0
365,000921,2017-11-16,0.015676028739386005,0.015022860875244959,0.3194449014558889,26469.0,158858.62510059832,2300,89619342,99507943,1231320,2056967,8609778,12313076,7963592,11405679,14552905,14885932,13626390,13039201,11973397,8580527,8160847,5136672,23501113,32089889
366,000922,2017-11-16,0.004907975460122671,0.006134969325153339,0.3382420806359858,8250.0,54867.04359493675,580,7618709,6200092,686192,649946,2584194,2007484,1744561,1445486,1696077,578464,498685,250205,0,313500,409000,0,0,955007
367,000923,2017-11-16,-0.04652996845425872,-0.03312302839116721,0.6770372061213955,15000.0,63536.00646513666,1403,28727128,20898529,1208767,1341894,7846216,6331661,4728413,4605105,6685007,4032016,2757425,2523907,1695788,1061446,1837190,500000,1968322,502500
368,000925,2017-11-16,-0.0030864197530864335,0.0037037037037037646,0.6410299796062446,13072.0,98397.23302775118,638,11244901,11292721,543171,651550,2218520,3432790,1709948,1757519,1793780,1438855,772635,520707,1416005,350746,1292694,979059,1498148,2161495
369,000928,2017-11-16,-0.015471167369901617,0.002812939521800173,0.26562643030969957,13471.0,70389.9845629107,716,12886417,12411740,658671,734048,3192644,3169741,2350771,2615623,2640706,2334154,533616,1848749,689152,321300,970746,1388125,1850111,0
370,000929,2017-11-16,-0.0024529844644318732,0.005723630417007408,0.6333523761673345,4920.0,29980.61456904811,372,1793831,3481965,271431,372335,818622,1028482,703778,1057278,0,225090,0,455500,0,343280,0,0,0,0
371,000931,2017-11-16,0.004285714285714226,0.008571428571428452,0.2667699582423136,7732.5,38578.340841156336,688,6723611,8040013,494977,1006608,2371240,2405582,2072334,1302021,1265862,1877841,519198,1122741,0,325220,0,0,0,0
372,000932,2017-11-16,-0.004576659038901698,0.004576659038901587,0.15884315291623505,30008.5,183199.06467643724,3038,129981040,139436204,2044306,1665572,13236634,13881282,15788541,14567932,26100168,24521924,20222042,19942826,9532720,10615042,8438556,11060487,34618073,43181139
373,000933,2017-11-16,-0.017316017316017285,-0.0010822510822510178,0.1714472858127328,38598.0,244513.989307461,2911,165767960,140619490,1039676,1819891,10306214,14896400,20674271,19985440,28768270,21662425,16646013,16312685,11058621,8975163,9898166,11475611,67376729,45491875
374,000935,2017-11-16,0.0010362694300518616,0.015025906735751215,0.3994997650184734,23304.0,106106.69719858626,2335,64867228,62861637,1928757,1759533,12699922,11281955,12307999,11852760,14097751,12099930,6960508,9254062,3179572,5608685,2761728,4322479,10930991,6682233
375,000936,2017-11-16,0.044977511244377766,0.0359820089955023,0.14485933620037092,19208.0,169021.70539809627,2127,47873052,96488231,1182223,1904107,7645951,10948301,6381109,9551005,9018955,16350020,7332865,10877744,3731001,4781828,4511324,9029730,8069624,33045496
376,000937,2017-11-16,-0.02491694352159457,-0.014950166112956742,0.14364757855450425,10746.0,174319.89390260787,1759,49615771,28912942,1277807,1622650,5217734,7537524,7120993,5286622,8306138,4606421,4247125,2293049,3488695,1037718,1806400,1683831,18150879,4845127
377,000938,2017-11-16,-0.01720490762938931,-0.03215343393033421,1.3590239539898494,75185.0,374476.496698584,2724,281822095,210134937,848788,980148,10292261,11249355,13220253,15734143,31299837,31041887,30421940,24627355,29074036,19428877,19256429,18845084,147408551,88228088
378,000948,2017-11-16,-0.00521739130434784,-0.003478260869565153,0.5239446601734232,8001.0,38948.215788735135,481,5634352,2787722,487045,390311,1787847,1660018,1342678,634613,1368122,102780,0,0,0,0,0,0,648660,0
379,000949,2017-11-16,0.0024691358024691024,0.004938271604938427,0.18850575497143715,8100.0,48481.79916262413,461,5793810,5976203,362834,505723,1922212,1950663,840175,846025,1572439,1427629,712494,243599,383656,1002564,0,0,0,0
380,000951,2017-11-16,-0.005562422744128548,-0.00185414091470959,0.39224240925448295,9726.0,44411.588050892904,1703,21079653,14683485,1533677,2130038,8321628,6376708,3820548,2358667,2683462,2264711,2113378,649127,303113,395674,483119,0,1820728,508560
381,000952,2017-11-16,0.021052631578947434,0.02807017543859658,0.4292357437596925,14695.0,81484.14725715952,1102,16700575,29835338,865863,798130,5093841,5340776,3303241,6186838,3452512,5392734,1951423,4476544,981535,1666321,404040,1829681,648120,4144314
382,000955,2017-11-16,0.0031847133757960666,-0.0031847133757962887,0.3775762517385285,6240.0,51627.623392802765,276,3176289,2779477,214459,271571,873682,799325,499808,449778,723760,1028663,235738,230140,0,0,0,0,628842,0
383,000957,2017-11-16,-0.012334801762114433,-0.014096916299559448,0.2955492627235109,15638.0,88041.03264650043,1476,34476541,27363746,892003,1197118,6711334,6796571,6234943,5441835,7346013,6006124,4012229,3132809,2332738,1013904,2191257,1405393,4756024,2369992
384,000958,2017-11-16,-0.02968750000000009,-0.018750000000000044,0.15992355693071852,13335.0,109085.67349078764,1603,42320991,26331215,1096725,1706952,7153143,7380467,6734247,5511761,7728109,3922151,2331764,1253028,5079737,1719950,1371579,995344,10825687,3841562
385,000959,2017-11-16,0.004731861198738141,-0.001577287066246047,0.15016746214806484,6350.0,77061.34999551806,1791,23758571,18331571,1666464,1784537,7642194,5726046,4170230,3547396,3339858,3574344,1230348,988003,722500,0,444780,443466,4542197,2267779
386,000960,2017-11-16,-0.01573033707865157,-0.0074906367041198685,0.2912548545055495,25270.0,199817.20378490668,2102,92753586,78361596,1045604,1568859,8430771,10592307,8892927,11349685,14210635,15806804,11727773,10218891,7552328,4125056,5255024,3828617,35638524,20871377
387,000961,2017-11-16,0.004966887417218624,0.004966887417218624,0.16983217392862718,12473.0,90268.16148014771,1266,18152616,28164605,764656,1134718,3156418,6470363,3836285,3436357,3811728,4205845,2321969,3377423,1384793,2773609,839416,427610,2037351,6338680
388,000962,2017-11-16,-0.01480637813211838,-0.013667425968109215,0.3112891957830491,9559.0,52869.64520574685,795,12007007,8518934,835121,986423,3149895,3224446,2567783,2121958,2247752,826896,1428722,808501,1045263,0,0,0,732471,550710
389,000963,2017-11-16,-0.0019342359767892114,-0.005802707930367634,1.1193188466543451,20538.0,257436.47082597847,2134,85883942,113461292,426223,1633314,6741664,12858784,5980884,9511575,10760873,11415282,9446368,8819610,6228010,6733859,5193293,4046950,41106627,58441918
390,000965,2017-11-16,0.00990099009900991,0.00990099009900991,0.20232000221305074,9165.0,63310.73051249815,897,11227833,14715259,580634,1014060,2988330,3864897,2676048,2408416,2038669,2044350,975674,2217616,1395360,1001904,0,1311946,573118,852070
391,000966,2017-11-16,0.0022421524663676085,0.008968609865470878,0.2084961747252291,4480.0,33961.91981695343,457,3240214,3491693,329636,980714,1019765,883503,457208,768199,401406,634777,650100,224500,382099,0,0,0,0,0
392,000967,2017-11-16,-0.0166015625,-0.015625,0.3477198870672637,25150.0,72251.41333458161,867,21016946,11149305,378438,570707,7036103,3049766,2737093,2775844,5993468,2921655,2521020,953915,332232,397940,485967,479478,1532625,0
393,000968,2017-11-16,0.1028985507246376,0.0768115942028984,0.34604928197557233,16115.0,156507.96430097698,1594,23637532,72468975,804565,1401392,3970348,8464886,3713943,8746067,6405680,16002567,4653362,10699304,1031020,1304097,881312,5836119,2177302,20014543
394,000969,2017-11-16,0.035860655737704805,0.044057377049180335,0.22125876129386526,21521.5,156785.71265044814,1948,57587959,90110247,1106331,1306598,7068722,8008562,7414751,9736808,11595404,17453097,8698406,9616327,5515042,8627488,4090643,7276427,12098660,28084940
395,000970,2017-11-16,0.0013440860215052641,0.008736559139784772,0.2946436774381777,35700.5,165123.78163645527,2552,105424438,115178870,1206926,1371916,12683442,10686431,19264472,13837849,20244168,21014810,9881273,14034143,8179214,11187809,6276435,8471269,27688508,34574643
396,000972,2017-11-16,0.041095890410958846,0.029680365296803624,0.16772531921986927,9397.5,58773.17309423893,682,8113319,12268420,593700,697738,2846287,2918220,1744494,2105206,2158629,2036795,452959,1207947,317250,1058870,0,2243644,0,0
397,000973,2017-11-16,-0.004329004329004182,-0.0014430014430013571,0.1971337022629656,10410.0,85934.32621633504,1236,22846781,21665185,743058,1707250,4101242,6065186,3470047,4085367,3376183,3306882,3296894,1484089,2140769,1017522,2208609,1778374,3509979,2220515
398,000975,2017-11-16,-0.00696055684454755,-0.010054137664346374,0.4298289025217561,5160.0,77418.09326043785,905,16470800,6840075,664816,826143,5409727,1799936,909015,790155,2055063,1550015,1529773,279930,1706324,738086,946456,0,3249626,855810
399,000976,2017-11-16,0.007709251101321701,0.0022026431718060735,0.26005787967173843,6328.0,51249.68881604057,1220,15798161,9622925,677142,1354158,4557795,3235935,3307363,2252328,2987347,1548658,661282,262160,1423992,0,904230,403920,1279010,565766
400,000977,2017-11-16,-0.0056470588235294494,-0.004235294117647004,0.3657078427708883,132897.5,678714.7147335756,3382,534129945,596251543,364674,465883,7354826,10871715,15740410,20003177,39452843,42707250,42567418,48408092,36282854,32486667,34733450,27342970,357633470,413965789
401,000978,2017-11-16,-0.00983606557377048,-0.007650273224043769,0.37778297597463084,4545.0,59241.35699957401,586,7601581,6160142,661567,645209,1450938,1342027,1172611,1009587,1856916,1350198,227250,641335,341680,721831,1334044,449955,556575,0
402,000980,2017-11-16,-0.04616477272727271,-0.04474431818181823,0.2612352210511261,40620.0,250499.53596333045,2917,202268599,140108554,1370245,1514644,12272904,14477880,15705165,17243742,28852485,26073308,19182764,15956782,12556937,12508079,10921775,8953856,101406324,43380263
403,000981,2017-11-16,-0.00990099009900991,0.002200220022002153,0.35374565934576324,9110.0,86326.67371226475,660,10628960,11462563,418631,889739,2219763,3158953,1465738,1340451,2502450,1958777,1299605,1229182,1042918,360368,934130,466334,745725,2058759
