,code,date,pchange_whole,pchange,change_std,amount_median,amount_std,length,sumsell,sumbuy,sell_vol_0,buy_vol_0,sell_vol_1,buy_vol_1,sell_vol_2,buy_vol_2,sell_vol_3,buy_vol_3,sell_vol_4,buy_vol_4,sell_vol_5,buy_vol_5,sell_vol_6,buy_vol_6,sell_vol_7,buy_vol_7
0,000001,2018-01-04,-0.005255255255255276,-0.012012012012012074,0.2229768540289853,200944.0,1179252.888577276,3572,952713037,1050570987,288260,308130,6069568,7516645,14568739,19747522,39507683,62909976,42776265,57688281,36026210,46612429,38798519,43203579,774677793,812584425
1,000002,2018-01-04,0.01098901098901095,0.01678876678876695,0.5543252301537211,133200.0,1007678.7770225432,3495,560561052,767883282,517998,745350,9211429,10829455,19253908,18627638,42768869,40290467,41581607,35413525,35039146,37950411,36076171,31136159,376111924,592890277
2,000004,2018-01-04,-0.02352941176470602,-0.019327731092437017,0.8195959926277623,11640.0,100908.08300453975,843,12709483,10993702,713885,907615,4413270,3370838,2811021,2117825,2085056,1135362,2008531,945314,677720,322897,0,419479,0,1774372
3,000005,2018-01-04,0.004683840749414525,0.004683840749414525,0.1729872751898113,5936.0,46078.17632039329,609,5364674,7029820,706751,601986,2073542,2094089,1077570,1253731,1155298,1491164,0,479612,351513,0,0,0,0,1109238
4,000008,2018-01-04,-0.004587155963302836,-0.01490825688073405,0.2466392823862412,8660.0,111220.06663337718,1250,34660521,10195755,2045730,1313486,6171996,3149383,4158691,2321855,3269614,769516,2396210,642473,1463083,952056,2713985,437286,12441212,609700
5,000009,2018-01-04,0.015957446808510634,0.010638297872340496,0.14550722523473575,26565.0,283059.3628382498,2676,126367379,148464352,1714261,1859175,10800683,11465717,11925483,14144447,15846811,22686527,11738953,13318302,9010813,16627044,8135772,10148081,57194603,58215059
6,000010,2018-01-04,-0.012612612612612484,-0.007207207207207245,0.1586671943637488,11180.0,68755.15346963659,1225,23090800,16157397,969857,1142778,5216666,6005041,4006128,4032982,4245453,2605452,2938958,1517142,972609,385840,427280,468162,4313849,0
7,000011,2018-01-04,-0.0017462165308499422,-0.0034924330616995514,0.5120613432387825,13640.0,55119.2959297138,1125,17892786,14838518,844605,1165919,5916314,5034977,4320524,3525384,3682459,1935449,1440702,1378692,1006182,0,0,903723,682000,894374
8,000012,2018-01-04,-0.00455062571103515,-0.0091012514220703,0.1675054196724334,31356.0,294758.3746741644,2759,153852297,124693073,1596423,2064928,12485992,12585108,14393607,16410224,22069780,19114302,17243665,17358176,9558999,9640032,14258071,7058037,62245760,40462266
9,000014,2018-01-04,0.007285974499089187,0.002732240437158362,0.3745385710665026,12034.0,63726.50820437444,859,14121574,14302293,818840,697408,3540014,3890341,3373513,2851130,2766409,2588909,778551,1904631,333207,1370721,1325608,481545,1185432,517608
10,000016,2018-01-04,0.0161030595813203,0.030595813204508993,0.17830859237783903,18600.0,158873.01224292335,1214,32103531,48282050,1170976,681410,4594925,4646980,5964441,5926735,6323524,7294245,5093918,4306461,4098119,4203949,1389610,1751022,3468018,19471248
11,000017,2018-01-04,-0.004746835443038,-0.004746835443038,0.37313810031828676,6624.0,28958.96143189861,286,2993273,2172591,346920,238849,1252419,978730,539884,640658,403918,314354,450132,0,0,0,0,0,0,0
12,000018,2018-01-04,-0.018489984591679498,-0.016949152542372947,0.174648015072688,12122.0,86440.03279645683,1383,33215736,18393599,975620,864202,7927051,4299934,6039930,3171604,6015542,3935601,940724,1912706,3551316,2817518,848547,852066,6917006,539968
13,000020,2018-01-04,-0.012709030100334417,-0.004682274247491569,0.5040984546429658,10346.0,44146.46532191772,879,14004234,6418912,976109,880429,4334845,2974768,2735083,1374859,3240562,464213,1250521,0,1006212,322488,460902,402155,0,0
14,000021,2018-01-04,0.0050864699898272026,-0.0010172939979653517,0.1907485438715431,29520.0,177529.65176904856,2659,107274608,96208769,1869844,1817440,13355379,12440396,17342483,14219377,21523310,19194458,9966179,11226404,6104078,7474851,3139765,3920719,33973570,25915124
15,000023,2018-01-04,-0.0024015369836696276,-0.00336215177713739,0.7859674142495708,12462.0,46364.2678914005,701,10393438,8770898,528074,531194,3847617,2855687,2464615,1969029,2071219,1309966,1065513,1386192,0,718830,416400,0,0,0
16,000025,2018-01-04,0.002046035805626456,0.0033248081841430466,1.0104490984283965,19600.0,64151.07287537581,1497,30010483,27137856,1301203,1191147,7692700,7690433,7253227,4683159,8054556,6702953,3213711,3750244,1013415,708720,896775,896088,584896,1515112
17,000026,2018-01-04,-0.00797165633303809,-0.011514614703277193,0.42528748404549105,7829.5,26655.69860047543,704,7684627,3453417,1374900,365026,3082688,1824772,1387917,785549,1516562,478070,0,0,322560,0,0,0,0,0
18,000027,2018-01-04,0.0,0.0016313213703098572,0.19462794420196192,5535.0,83578.90096574865,992,11022390,13948946,1324867,974106,2681257,2173463,2539911,1977008,2728782,2423918,227794,456545,307614,651285,0,915660,1212165,4376961
19,000028,2018-01-04,-0.0108910891089109,-0.010066006600660038,1.509044731303876,23977.5,283207.2263577685,1612,68899034,56976539,1149522,1232931,6432620,11909498,6271921,6811866,6691178,8667216,5880554,3017292,3814071,2304507,4195967,1874317,34463201,21158912
20,000030,2018-01-04,0.0012345679012344402,0.0012345679012344402,0.2303151146085079,3252.0,36815.28361613605,1237,9957597,10480049,1020965,1613943,2490156,3500695,2109093,2426000,2265024,2262530,1006460,676881,1065899,0,0,0,0,0
21,000032,2018-01-04,0.0,-0.0019493177387913674,0.41417766470256157,9207.0,34210.2236731243,613,6318267,4758083,573299,557668,2543945,2214516,1287066,837673,1483457,866006,0,282220,0,0,430500,0,0,0
22,000036,2018-01-04,-0.0043290043290044045,-0.0043290043290044045,0.22973985463157007,18280.0,138066.5693860654,1618,50219624,41258597,1221500,1414445,7800761,6198721,7042872,6760900,10163605,9662339,4894253,4824945,4627326,3028362,2235450,2779294,12233857,6589591
23,000037,2018-01-04,0.0,-0.001394700139469962,0.33259660831771437,5728.0,29803.179177255555,464,4290073,2710115,749982,251811,1979917,1309496,601867,212167,958307,143200,0,485053,0,308388,0,0,0,0
24,000038,2018-01-04,-0.015313225058004698,-0.01345707656612527,0.6075389572387707,19183.5,63950.68871676488,1258,31121102,17005954,946289,749400,7425847,5825345,7515100,3944343,6128445,3233063,4052606,1349080,1931326,335118,1839193,940776,1282296,628829
25,000039,2018-01-04,0.007538802660753907,0.011086474501108556,0.4269896616055807,43073.0,313579.40575006505,2790,154266113,186737775,1315451,1105790,12598408,13737704,16114850,15211211,23903968,23929314,19861655,21919003,9916692,16259620,8597553,16685831,61957536,77889302
26,000040,2018-01-04,-0.0028860028860028253,-0.008658008658008587,0.5955435851738579,9716.0,129022.50871059111,541,13947322,6186442,448746,819884,2337476,1405911,1756851,725972,3238969,376806,842546,0,0,329904,2535076,427965,2787658,2100000
27,000042,2018-01-04,0.0011997600479902726,-0.0005998800239952473,0.7776187097429396,5021.0,56289.06617829295,459,4361497,5249890,682069,443416,1188168,1210395,636315,785536,1185965,570992,249000,0,0,755026,419980,894761,0,589764
28,000043,2018-01-04,-0.0010214504596527396,-0.0010214504596527396,0.473867003685397,9770.0,77548.16300854315,426,9730082,5265948,415804,488699,1447215,965600,950270,1975007,1680464,524321,2108661,571436,667865,740885,1897409,0,562394,0
29,000045,2018-01-04,-0.001007049345417954,-0.001007049345417954,0.439328467662908,9985.0,71509.69434835236,510,8992046,7214650,711872,651669,2723553,1958920,2360017,742780,1572445,637046,1153525,1216817,0,0,470634,499000,0,1508418
30,000046,2018-01-04,-0.01303780964797907,-0.010430247718383301,0.2538043558552192,8360.0,50315.18647980453,913,12800507,3151518,4011327,353064,1985179,768981,1527527,454987,2333978,307800,1402485,562752,0,703934,0,0,1540011,0
31,000048,2018-01-04,0.0044999999999999485,0.0009999999999998899,1.6118717847907345,10020.0,56365.75813985697,153,2455782,1348816,144201,188216,392143,572440,581407,316160,525381,272000,812650,0,0,0,0,0,0,0
32,000049,2018-01-04,0.024993991828887285,0.027637587118481077,0.7783400129589436,34024.0,292901.93340643594,2859,112234711,177821888,1398000,1371584,12476398,16928327,14909055,15029724,22140475,27538439,13833157,15386875,11497949,14664821,11333109,12046405,24646568,74855713
33,000050,2018-01-04,0.0030150753768845018,0.009045226130653283,0.36083793357455185,35820.0,191868.9300516507,3046,98906865,137561912,862144,2250131,13345708,19876783,15404161,24963379,15931619,26610632,9950507,14885236,7683892,7948793,4816048,7039306,30912786,33987652
34,000055,2018-01-04,0.001607717041800738,0.004823151125401992,0.17532667472390073,8764.0,50936.968310524586,1260,13211315,17469688,1006198,2111703,3938649,6127411,1753169,3283102,2807815,2189459,1444498,1322665,1283482,1017613,977504,915335,0,502400
35,000058,2018-01-04,0.0026595744680850686,0.0,0.3117787156205819,9084.0,43655.32889471878,581,8134073,6104885,539668,748800,2577440,2292467,1714392,2087153,1811348,775369,271833,201096,614032,0,0,0,605360,0
36,000059,2018-01-04,0.03151862464183375,0.04106972301814715,0.1927436542857324,54213.0,506086.4149246898,2955,248931825,363810861,1142580,1093145,11508704,9529072,15143507,12286648,33090902,25502407,28636122,19211592,19527019,24437980,13585653,15497157,126297338,256252860
37,000060,2018-01-04,0.021602160216021682,0.004500450045004545,0.20718790686897554,47859.0,285227.29686556844,2879,206658780,166690343,1185327,1049258,14688472,8879017,23199309,13270229,29631524,21689030,27376610,17834151,28160312,17007544,19592153,13360489,62825073,73600625
38,000061,2018-01-04,0.0013003901170349774,0.0039011703511051543,0.3213134294078671,6160.0,42906.42624048083,572,6013973,5437574,782049,505043,1835345,2342482,1324722,567502,688370,1179840,250575,483117,671512,359590,461400,0,0,0
39,000062,2018-01-04,-0.004975124378109541,-0.0066334991708125735,0.7381714322489074,14532.0,83616.17278802027,1067,27473662,16831297,1131553,835803,4895614,5304419,4558571,3001911,5708041,4296285,3276573,474600,2390488,304292,3114226,959790,2398596,1654197
40,000063,2018-01-04,0.014572449821281364,-0.00027495188342030463,0.6079868459198162,328055.0,1294889.9042191694,3579,1267173597,1047576149,72728,76408,4027560,2972646,12138657,11594647,40141831,48539750,55118578,47315544,57597881,59095777,52169899,54440012,1045906463,823541365
41,000065,2018-01-04,0.02794520547945223,0.024109589041096058,0.4041229104781816,18850.0,95370.69863802128,2040,53231365,52148604,1730137,1157319,9170084,10690744,10173481,10439475,13502971,13126329,6420138,4108337,5215063,5422019,448706,2230552,6570785,4973829
42,000066,2018-01-04,0.007012622720897532,0.008415147265077305,0.13704804781576482,23793.0,297016.32599966996,2712,141136879,145001749,1985639,1297376,12348860,11137133,12162735,12981259,19306278,16838722,14184306,11415334,9608276,14070067,6816441,9644280,64724344,67617578
43,000068,2018-01-04,0.001865671641791078,0.00746268656716409,0.1849532943432892,2702.5,39006.31756416267,840,7044231,5660018,782862,568165,2100652,2136194,1206675,1062816,829438,1566334,1181458,0,0,326509,943146,0,0,0
44,000069,2018-01-04,0.007803790412485911,0.008918617614269708,0.16155594013149158,19778.0,318515.5635524694,3090,133571781,176589158,3058935,1805495,14385398,14876230,11700337,11442674,15497291,14804875,11088121,9689941,5892900,6391342,8420603,8911779,63528196,108666822
45,000070,2018-01-04,0.00210526315789461,0.00210526315789461,0.2886196579302844,7631.0,49049.08407047377,1083,13025411,10722776,1259308,1128371,4035606,3401641,2959297,2027973,2079284,1661271,1293946,1384920,351870,0,475500,443632,570600,674968
46,000078,2018-01-04,0.008375209380234505,0.015075376884422065,0.13531306034453128,15717.0,131915.32875859196,1950,47991200,48738846,2034034,987398,10942314,5973629,6974367,6691604,8048821,9824266,3151930,6356901,5389131,3955357,914338,2647224,10536265,12302467
47,000088,2018-01-04,0.015228426395939021,0.0076142131979695105,0.23041159118293086,11775.0,207609.38199240057,1170,35227987,24489055,1275764,913824,4524263,4837612,5295921,3351707,4736057,2318475,2427813,1839729,2096990,2149009,1777306,840133,13093873,8238566
48,000089,2018-01-04,-0.006864988558352492,-0.008009153318077833,0.23511845185836813,14739.0,88516.1405527249,1382,32426393,13270563,1196938,849415,9273781,3951849,3357395,2370607,2838796,2280164,2463177,1480378,4178304,340648,1745814,843659,7372188,1153843
49,000090,2018-01-04,-0.006737247353224229,-0.0038498556304139564,0.25585575632390445,5175.0,60657.38761155591,1650,21227449,19295857,1343992,2297524,5547398,6147223,2409463,3919759,3492976,2871139,1995173,2174708,1772292,941769,1352082,413600,3314073,530135
50,000096,2018-01-04,0.047155688622754655,0.054640718562874335,0.4171325952057314,14100.0,65759.06207965665,1027,15647406,19971694,859546,1166153,3705750,5213160,4182761,2853264,3745755,4370830,1781837,2003765,0,2054434,838125,881721,533632,1428367
51,000099,2018-01-04,0.0,-0.0010787486515642097,0.3025978222916304,9250.0,42066.091621022206,938,11569835,7992336,1194835,877766,4032993,2749692,2765270,2229731,1690321,1185449,542992,558678,356510,391020,465778,0,521136,0
52,000100,2018-01-04,-0.005025125628140725,0.0,0.07201647181631711,16758.0,261860.81683613316,3078,106134790,154886246,1835310,2430845,11117626,15630071,10416797,12714922,12737757,19923647,9967732,12928336,6202395,7071484,5205272,11885854,48651901,72301087
53,000150,2018-01-04,0.0019795447047179504,0.002309468822170979,1.6591698014415526,12092.0,55174.32592715974,333,4886612,5492266,340913,356497,1442983,1268669,1083099,939217,892221,1502839,492318,455524,635078,969520,0,0,0,0
54,000151,2018-01-04,-0.004739336492891044,0.0,0.44441509361079906,12680.0,56396.81023854922,811,11879620,12767816,754102,464038,4105376,3170627,2631600,2662251,1981291,3791037,1267923,1813109,393744,0,0,866754,745584,0
55,000153,2018-01-04,0.0037174721189590088,0.0,0.37428191192599225,9726.0,55720.12795373346,464,7228328,5725640,493500,444114,2100983,1837525,1392127,1204813,1532520,1075736,464058,266640,709436,0,0,896812,535704,0
56,000155,2018-01-04,-0.004838709677419395,0.0,0.12724394782235735,21114.0,217907.20725347273,2379,97994144,73163846,1640993,1786872,12166370,10105710,11348004,10166394,15800984,15805269,7995533,10450609,6131090,6933232,4100031,3578524,38811139,14337236
57,000157,2018-01-04,-0.0022123893805309214,-0.0022123893805309214,0.0891370386091508,10327.0,219298.79246223735,2586,81794818,64952034,3462590,2109081,9546150,8270245,11301240,8754397,9396352,7735123,5363451,5272219,3908650,2017196,2737123,3519468,36079262,27274305
58,000158,2018-01-04,-0.017857142857142905,-0.015476190476190532,0.21931170324887542,13271.5,90260.18815438979,1468,37912686,23777756,1619842,1100985,7185393,5201255,7481671,4325403,8062601,3713283,6357080,2166923,1789845,2044326,417500,2633933,4998754,2591648
59,000159,2018-01-04,0.012939001848428777,0.020332717190387983,0.17028232609791177,13712.5,76142.79832474681,1010,17044402,20984066,700761,867729,3602672,5304774,2909334,3903918,3239846,4134866,4605010,1613763,1039923,2318373,946856,847193,0,1993450
60,000166,2018-01-04,-0.005597014925373234,0.001865671641791078,0.12243343993709235,12305.0,101114.8629980144,1921,41733852,23875893,2024038,1236894,12188046,6930727,5812236,3336564,4872317,3696415,3520519,3362085,2374868,1464014,1415843,912587,9525985,2936607
61,000301,2018-01-04,0.00927643784786647,0.00927643784786647,0.16285880807848968,12034.0,87281.01662310878,1096,21159433,19461604,1034110,694010,5452507,3973148,4442541,4355461,1899043,4471618,1696772,1201321,1699706,1429959,461121,873827,4473633,2462260
62,000333,2018-01-04,0.02267047483041762,0.013923598714744578,0.9438349843725377,209642.0,1135829.6895265377,3523,746164251,894199223,110144,219753,5706899,5680894,15345514,15846468,55955637,50890170,49351545,48202654,49749393,51177919,43378664,36136656,526566455,686044709
63,000338,2018-01-04,0.0034965034965033226,0.0,0.1473862606875901,36636.0,245814.19133077448,3396,198126071,168346952,1447127,1796175,16472452,16974360,20643684,19981642,28035940,33411638,20769070,17327820,14153989,14915214,11005312,12765933,85598497,51174170
64,000400,2018-01-04,-0.008895478131949686,-0.007412898443291294,0.29630495855430217,17394.0,183102.8604850779,2073,89514190,76921969,1579505,1891950,6920092,9701528,5685065,8116320,11008818,12101364,14805246,9482135,8745295,6358480,7723204,4071367,33046965,25198825
65,000402,2018-01-04,-0.012378426171529622,-0.011494252873563315,0.21251348589893976,19108.0,186291.84941334568,2837,103607377,73490494,1466492,1622426,19256915,12777523,10558091,9003913,11887737,17241544,6065717,8853233,4203529,4713772,4029203,2252996,46139693,17025087
66,000403,2018-01-04,0.005299768135144101,0.001656177542232351,1.9177719259494874,21210.0,111618.9415298436,247,6918081,9491750,273553,147513,866301,984952,1263895,1258036,1062128,2108996,790729,1616546,1516000,302400,0,1333850,1145475,1739457
67,000404,2018-01-04,-0.006349206349206327,-0.006349206349206327,0.2934873138700317,12580.0,117910.41006809667,460,13402123,7311043,363822,365779,2526156,1715316,1126541,1642013,2864584,1186613,773100,781860,1433546,314000,443368,0,3871006,1305462
68,000407,2018-01-04,0.001280409731114096,-0.002560819462227859,0.24054082989553496,11752.5,63538.86782845271,1054,16578807,16475300,557906,1422393,3439571,6084762,3740782,3594167,3256438,2549381,1328264,769908,2120227,304569,1430019,468000,705600,1282120
69,000408,2018-01-04,-0.001105583195135429,-0.00497512437810943,0.48170722749975603,23445.5,125846.02174246164,1410,53184062,43054663,736489,1174960,6368298,7202019,7696110,7476916,11437056,8689647,5963921,4139532,3612154,4941440,2321644,2639674,15048390,6790475
70,000409,2018-01-04,0.04477611940298498,0.03980099502487544,0.12568856442952903,14784.0,290711.7997009282,2311,52395264,90595125,1353057,2393656,7392720,11326883,6162290,10014834,11241193,12344972,9253326,9981694,3723145,6763113,2610312,5366738,10659221,32403235
71,000410,2018-01-04,0.024319066147859836,0.0029182879377434023,0.2567153330564657,16440.0,136830.87055954887,1604,46564866,34514851,1350057,979967,7984705,6890441,7440694,4965078,8765824,5963116,6220874,5024549,2080502,2098535,899760,879580,11822450,7713585
72,000411,2018-01-04,0.007866273352999054,-0.002949852507374562,1.7840446933360286,16280.0,44371.34861631329,129,2837579,1077623,69012,36581,1075780,634182,532564,59015,493334,142310,666889,205535,0,0,0,0,0,0
73,000413,2018-01-04,0.015706806282722363,0.0020942408376962707,0.17385001536565586,45936.0,293347.6470123735,3021,171505975,186362940,1388299,1469866,14743917,13581969,17721215,17548690,30930717,34702866,20293074,20689937,11138213,13917703,16335855,11914924,58954685,72536985
74,000415,2018-01-04,-0.006644518272425071,-0.00830564784053156,0.12704201517884114,21492.0,95259.44727573039,2259,61663056,32569011,1449156,833392,11918629,11636599,21968387,8397129,12110885,6207013,4165732,2511163,2312211,2066322,880040,917393,6858016,0
75,000416,2018-01-04,-0.006711409395973145,-0.010738255033557076,0.35291670580636664,11856.0,43800.789008509055,445,6883687,4321651,477539,313396,2063101,1746949,1684421,1250596,1256640,1010710,0,0,1401986,0,0,0,0,0
76,000417,2018-01-04,0.0037688442211054607,0.0037688442211054607,0.24668829432832864,8822.0,108891.23796445542,1041,18800069,24870862,511297,1392337,3782019,3547474,3336100,3306214,4738362,4732463,1887720,2018837,1815412,1766920,440591,424482,2288568,7682135
77,000418,2018-01-04,0.001818181818181941,0.005151515151515129,1.6261323496734554,26383.0,145164.62513313667,1647,49882131,38089068,829656,1586668,8777866,10634025,8565692,7145123,7032501,5128832,2627858,2443118,1373643,1692807,1745005,2215826,18929910,7242669
78,000419,2018-01-04,0.0016313213703098572,0.004893964110929794,0.3487742916178119,6765.0,40405.6632352911,308,3654322,2932137,338268,339001,1134605,1008803,1089164,854452,626797,272252,0,457629,0,0,465488,0,0,0
79,000420,2018-01-04,0.009463722397476504,0.012618296529968376,0.1107286757010827,9193.0,72821.34260190507,821,9709618,13502422,907550,711049,3213723,3120344,1537319,1713724,2463359,1590538,1587667,1247494,0,986072,0,0,0,4133201
80,000421,2018-01-04,0.0,0.0015923566878981443,0.24145200934725833,5048.0,39591.35330126855,676,7238089,4620181,786982,574135,1983947,1464881,1678490,1147728,1160250,1173877,450356,259560,667945,0,0,0,510119,0
81,000422,2018-01-04,0.01674641148325362,0.019138755980861344,0.13378830028390162,12750.0,121122.39236543883,977,16100524,23787630,753185,813051,5143088,4313236,3189033,3079523,2474648,3754416,2067060,2171359,1054954,1095583,914844,411312,503712,8149150
82,000423,2018-01-04,0.004492218835231876,0.009144874057436247,1.1703623378101922,49768.0,295999.21756630286,2836,142120383,179923381,803281,1370578,12744749,12439593,18991830,18776684,25405181,30000196,21983566,19182070,11952701,17680287,12729771,11406093,37509304,69067880
83,000425,2018-01-04,0.002136752136752351,0.012820512820512997,0.07903854841912292,86304.0,474136.61363147077,3530,441204901,364570415,1196988,614347,13349298,10410060,31028381,21240750,57319256,35318386,44432113,31190933,30252092,24017241,19967885,24396794,243658888,217381904
84,000426,2018-01-04,0.02729044834307981,0.010721247563352687,0.20390958572057938,26390.0,166466.3300528218,2540,102104735,66758819,2232970,872258,17915740,8427842,9407152,9276838,15297025,14151265,15282130,10293296,7664755,6455041,2604517,3142930,31700446,14139349
85,000428,2018-01-04,0.0,0.0024038461538460343,0.19259234875293657,6680.0,39858.362913944504,466,4361521,4454787,497918,429230,1941137,1900045,1135222,902577,0,354461,285645,498126,0,370348,0,0,501599,0
86,000429,2018-01-04,-0.004914004914005066,-0.0073710073710073765,0.2686009949035803,5649.0,72497.00711475105,918,16077041,6335095,1186730,678699,2790250,2341250,2009790,1936268,1711630,572031,1538616,207570,1145940,0,1323170,0,4370915,599277
87,000430,2018-01-04,-0.0011494252873562871,0.0022988505747127963,0.4043920527055074,5199.0,30590.093110499787,462,3720403,3609058,579724,485675,1266929,1492512,1264944,478886,135494,687233,473312,464752,0,0,0,0,0,0
88,000488,2018-01-04,0.02033701336432303,0.008134805345729301,0.33157923318730714,38812.0,201194.8904604731,2695,132834634,132733123,1305604,1234446,12963682,12883804,18475885,14013963,24696745,25645509,13020617,17608556,12219603,14505969,8861378,5234745,41291120,41606131
89,000498,2018-01-04,0.04354136429608135,0.04934687953555894,0.16151043448215002,17975.0,141130.64705671268,1825,51907044,54811795,1077510,1851800,7741792,8462435,7229166,7067659,11081753,9363518,9242936,6398462,5930292,6545781,2555920,854303,7047675,14267837
90,000501,2018-01-04,0.0030120481927708997,0.0036144578313253017,0.3996583067115681,16670.0,137599.78250324086,1726,46183422,55154539,1958389,835854,7527834,7248292,7813628,6283995,8187013,6638112,5783639,7997390,3739833,5647547,2166013,2816093,9007073,17687256
91,000502,2018-01-04,-0.0027002700270026825,0.0018001800180018623,0.5536310455489994,5490.0,24435.414527161316,402,2554239,2866499,264748,586309,1173632,1299888,249890,508774,865969,471528,0,0,0,0,0,0,0,0
92,000503,2018-01-04,0.012984001854857263,0.022953860421979888,0.8575720739754749,51696.0,400009.67295256763,2532,176601515,255909599,1146899,928801,10590465,11000636,13415599,14989004,22152580,22150097,18089919,20248057,14676306,14131733,16997251,17887503,79532496,154573768
93,000504,2018-01-04,0.06339210747271196,0.06884970612930319,0.6258868374817104,31109.0,193344.42239364915,1449,46790258,82944481,795247,776952,6553110,6476006,6744085,10044142,9179659,14839001,5881658,8460167,2535218,9724729,874086,5705730,14227195,26917754
94,000505,2018-01-04,-0.004672897196261738,-0.005841121495327228,0.4499864273259669,12750.0,75577.4276825604,361,6566185,6079073,290323,408902,1303906,1706960,1387377,1556407,1582647,913399,422108,990464,0,0,0,0,1579824,502941
95,000506,2018-01-04,-0.005228758169934622,-0.0065359477124183885,0.2802335310852486,8382.0,58149.18610589823,745,11840060,7609036,954907,652700,3471178,2187540,2191803,1429431,2182196,1873343,680766,780537,0,685485,403560,0,1955650,0
96,000507,2018-01-04,-0.003831417624520994,-0.011494252873563093,0.20711975273423405,33957.0,233263.40798698738,2543,127912129,103437505,1111320,1252814,10634933,12658197,15679564,14576900,22762928,23106326,15112378,12722010,7430369,6107776,7199037,7059464,47981600,25954018
97,000513,2018-01-04,0.030857142857142916,0.03885714285714292,1.2180115001238871,92969.5,419675.74491127534,3304,298804570,402003313,579536,578353,13264451,8426391,24882499,22427447,43261119,41737078,35879245,36903378,25278932,31195234,17704154,27050437,137954634,233684995
98,000514,2018-01-04,-0.006269592476489061,-0.0015673981191222097,0.22668300559539675,6350.0,30635.891695243372,792,8285768,5079986,858999,978841,2958897,2158601,1950777,1272624,1969999,413120,229596,256800,317500,0,0,0,0,0
99,000517,2018-01-04,-0.0028818443804035088,0.0028818443804032867,0.12149102746276572,6264.0,56243.92114551704,817,8099063,9666271,554156,1695252,2453828,2282385,1254247,1852803,1127151,1231206,1723333,734168,373928,982484,0,0,612420,887973
100,000518,2018-01-04,0.0014450867052022698,0.0,0.28259073355939673,10485.0,48057.271619234765,599,6015149,8052282,584437,602140,2911151,2783916,692253,1748092,780670,1091205,228438,1142889,0,0,818200,0,0,684040
101,000519,2018-01-04,-0.016949152542372836,-0.009970089730807596,0.19086520260804962,28768.0,135817.4299443542,2765,96466103,92181372,1524708,1601377,14393897,12893660,15551622,15264868,20310676,21718673,13024260,9714116,6651805,8374245,5848385,2592834,19160750,20021599
102,000520,2018-01-04,0.0024449877750609694,0.007334963325183352,0.12259809405635587,6608.0,91691.97214650582,1115,17030700,17074657,1226395,1078820,3684671,3767795,2122410,2225905,1286620,2735323,1519783,3042200,2136397,1039438,1701071,456960,3353353,2728216
103,000521,2018-01-04,0.0,-0.0019305019305019266,0.23384170131623006,6462.0,62216.68990567367,490,6461435,5956877,300349,560309,1119379,2292275,1083017,938593,1207620,1419502,206400,417786,310800,328412,412996,0,1820874,0
104,000523,2018-01-04,0.03366583541147117,0.014962593516209655,0.4066617551233823,16010.0,66763.50425661559,388,7568688,6836892,287605,333646,1750625,2077680,1791269,1490988,1063866,1319824,921420,1223701,1056163,391053,0,0,697740,0
105,000524,2018-01-04,-0.009409751924721932,-0.01283147989734823,0.4666081162352751,10377.0,21502.43793334839,627,5707174,2547634,701553,381009,3326006,1218462,821710,507234,600305,233289,257600,207640,0,0,0,0,0,0
106,000525,2018-01-04,0.015205724508050134,0.025044722719141488,0.4975698348234271,34095.0,146262.8524057021,2023,58693400,92780531,1328043,716264,7855549,7857668,8105760,16798063,14486661,24113525,7574837,11433667,2589434,6353238,2227485,4397935,14525631,21110171
107,000528,2018-01-04,0.008045977011494232,0.011494252873563315,0.16457371066996365,13035.0,104284.14433914295,2799,54250557,70998636,1507158,2616664,11492799,11427325,9184233,11619934,11585667,15234127,6877477,6786111,2424313,4341322,2614856,6745259,8564054,12227894
108,000529,2018-01-04,0.0014450867052022698,0.0,0.3241386054253801,3470.0,32153.254805563196,455,4344507,2899994,350805,374858,1548931,1169594,847822,759477,812628,596065,784321,0,0,0,0,0,0,0
109,000530,2018-01-04,0.016333938294010864,0.01814882032667886,0.1435840624044639,16710.0,98472.90150620215,1474,36347339,40356970,990751,1079229,6860213,5525605,4865139,6728531,8050272,8430844,6946470,5276215,3716003,4247721,2193537,2309841,2724954,6758984
110,000531,2018-01-04,-0.0012391573729862992,-0.0012391573729862992,0.41513246985690955,8050.0,41162.280504229675,377,5698174,3488058,331305,237588,1867290,1125968,1996077,665395,1299331,583977,204171,508855,0,366275,0,0,0,0
111,000532,2018-01-04,0.0018921475875117721,0.0009460737937558861,0.5040126448995372,10580.0,44157.87935260933,439,5831586,4421430,258214,459562,1973770,1738425,1411191,989438,857421,660294,211200,266311,669290,307400,450500,0,0,0
112,000533,2018-01-04,-0.007575757575757569,-0.008522727272727293,0.5439765792370918,19417.5,91672.897827625,376,10605857,9865014,200126,185250,1310820,1596019,1922664,1677661,2085786,2146603,2122364,1748848,1388597,1039789,0,881164,1575500,589680
113,000534,2018-01-04,-0.0021818181818181737,-0.0007272727272726875,1.0110465424789312,6900.0,51378.42910401679,184,2588926,1765981,145879,227246,523834,645569,521458,71500,642263,396791,755492,0,0,0,0,424875,0,0
114,000536,2018-01-04,-0.010330578512396604,-0.006198347107438051,0.1190681067524381,3856.0,52165.81748571045,1654,20128378,9215004,4632887,437427,4299714,1780716,2515085,1687649,3044985,1414620,2391150,1767932,1037007,0,857067,898241,1350483,1228419
115,000537,2018-01-04,-0.013980868285504044,-0.012509197939661543,0.3170426094106757,24210.0,212023.2325888539,1844,87608060,71571581,682150,1693957,7351312,6354853,9422430,7791797,11914435,12975258,11451661,5858771,6862589,5532280,3124816,7020581,36798667,24344084
116,000538,2018-01-04,0.011252446183952935,0.004990215264187858,1.9712685414492412,41176.0,360598.71135741164,2688,123122305,200033559,6505,1120,13686357,13768997,15427024,13002598,24987202,33014407,10833422,20667460,5116251,11613913,4083061,11049885,48982483,96915179
117,000539,2018-01-04,0.004106776180698102,0.004106776180698102,0.23065595247701534,2450.0,89616.59952426798,445,5700236,7618438,410569,336832,1022276,740257,818355,1505648,972628,1075949,740822,1766140,0,656110,484126,985910,1251460,551592
118,000541,2018-01-04,-0.0021574973031283085,-0.0010787486515642097,0.24129717396883943,9290.0,81730.33873497549,1476,23669503,31736781,1267904,2042941,3910065,6024874,3801790,7728783,4545923,6664242,2236414,2405337,2822575,2564336,2284777,1368247,2800055,2938021
119,000543,2018-01-04,0.0,0.0,0.1655551255185047,5120.0,63154.446716075865,953,10435335,11495858,958342,1369291,2106815,2316335,1960250,1495664,2730236,1926650,481338,1162275,362299,665911,0,888832,1836055,1670900
120,000544,2018-01-04,-0.008010680907877266,-0.009345794392523366,0.49474882145500354,11904.0,43332.87792461733,916,16402067,7809345,927273,800498,4798024,3194154,4493704,2052464,3896288,1128797,1370064,255936,0,377496,916714,0,0,0
121,000545,2018-01-04,0.007858546168958647,0.003929273084479545,0.16002809020231007,12775.0,68385.0577511886,1012,19180209,15401099,1094536,573741,5217336,3590526,5000783,2649150,3221130,3095023,2563853,1887894,1675371,330617,407200,432989,0,2841159
122,000546,2018-01-04,0.005181347150259086,0.010362694300518172,0.4827804446203738,20748.0,86738.6145119944,1295,24796528,33416499,936596,835104,5076589,6541260,4921297,11173105,5052190,6198390,2375318,2199937,2388101,1079855,893394,459914,3153043,4928934
123,000548,2018-01-04,-0.007541478129713397,-0.012066365007541435,0.2579596404071217,10480.0,44120.69922352088,660,11288165,4974374,800077,542597,3563146,2206987,2351411,852089,2740984,909972,904787,462729,327000,0,0,0,600760,0
124,000550,2018-01-04,-0.0024257125530624535,-0.0012128562765312267,0.6116444239693982,12332.0,38653.04708138794,726,10752499,7704054,938746,569329,4746993,2396640,2649853,2862499,1358917,969973,0,905613,1057990,0,0,0,0,0
125,000551,2018-01-04,0.0036014405762303525,0.0036014405762303525,0.3439053328124509,16780.0,75322.16896528845,586,12901542,14032004,582481,404005,3271620,2078922,2853558,2327776,2735071,3216904,1365134,3349019,1003887,2094588,491840,0,597951,560790
126,000552,2018-01-04,0.011173184357541999,0.0027932960893854997,0.09528300609027639,6783.0,76587.86937882456,1418,16350387,19057809,2035263,867492,5202795,3555695,1768580,2566374,2361367,3439391,939034,2951573,681931,2787144,401318,449648,2960099,2440492
127,000553,2018-01-04,0.006690997566910051,0.0030413625304135383,0.41217516288950246,18282.0,99621.73893266587,1591,38349080,39461617,1252307,1309622,8236299,8154163,7993626,6449079,9496619,8453052,2684801,3746224,3069794,3021456,1327440,1800016,4288194,6528005
128,000554,2018-01-04,0.056287425149700754,0.04670658682634743,0.1672052515075109,36378.0,155870.75874074124,2499,97799363,129067938,1206759,1691620,9268842,12281725,12049632,15420270,18643688,26938596,14104626,17020092,10813416,10281753,11320542,13084524,20391858,32349358
129,000555,2018-01-04,0.004975124378109319,-0.0033167495854063977,0.32494776515850693,13189.0,86449.26538906837,1377,25108065,30173705,1067946,1008031,7208209,5272870,5253093,5511815,6274410,4944102,2873784,4657451,1835423,1316372,0,946010,595200,6517054
130,000558,2018-01-04,-0.005847953216374324,-0.0038986354775827348,0.1540875419366553,10200.0,121321.2442964366,1109,24532341,11836123,1154780,1064282,4302421,3614443,4397478,3072225,3387340,2026113,1796522,1301617,1028310,757443,840647,0,7624843,0
131,000559,2018-01-04,0.0,0.0,0.21960527126781082,14055.0,98842.30241098163,2104,49906069,37465613,2797945,1129649,10524965,7294884,8760981,7066111,10451131,7597228,4936100,5562934,2066864,3662778,1388494,1351308,8979589,3800721
132,000560,2018-01-04,-0.011282051282051175,-0.011282051282051175,0.2435521949745006,15519.0,74550.28321104847,1603,32379555,27713999,1485403,1682844,8876636,7207440,6446934,5116157,7614273,4469260,3912919,2745971,1274356,0,0,2344295,2769034,4148032
133,000561,2018-01-04,-0.006841505131128689,-0.007981755986317007,0.32851875132513475,8735.0,50969.49256285637,712,10741913,7716025,894080,925349,2680282,2558683,2752722,1341312,2271800,1098992,961468,515353,303450,345290,878111,931046,0,0
134,000563,2018-01-04,-0.002331002331002252,-0.006993006993007089,0.11067866761037788,4260.0,73639.74973403745,1506,21112586,9209007,2117487,966078,4500041,2875543,2456407,1014768,3161349,488850,1984518,427071,1326226,319716,1307062,924449,4259496,2192532
135,000565,2018-01-04,0.010973936899862924,0.012345679012345734,0.2551375407898647,14530.0,61566.64292832211,816,12736284,15297994,781803,624293,3702762,4257504,3172012,2761438,2112575,2584513,927843,2698856,683380,1413763,1355909,446627,0,511000
136,000567,2018-01-04,-0.004037141703673752,-0.0056519983851432976,0.9429193920140623,12375.0,55717.27259497107,690,13103665,7567198,805985,565222,4052942,2430403,2332265,1459327,2943526,1962786,1027367,1149460,1141430,0,0,0,800150,0
137,000568,2018-01-04,0.041351105725537796,0.03408058164192673,1.132206630063612,95480.0,560673.1582774034,3402,382259833,463074445,473069,387223,16835107,6781426,29123730,19332024,44304194,36127682,41807655,29853910,26698047,27248020,31972070,33042488,191045961,310301672
138,000570,2018-01-04,-0.0034965034965034336,-0.005244755244755095,0.3028161635868008,6846.0,24798.550925849035,356,3585674,2441060,296067,370897,1238755,1564576,1080174,399207,970678,106380,0,0,0,0,0,0,0,0
139,000571,2018-01-04,0.010752688172043001,0.014336917562723928,0.17226361278647742,11360.0,56750.21722480626,1050,16433638,14702598,1004484,763648,5465018,3766742,3872745,2983045,3265335,3367826,1456189,1134494,323275,658964,476928,1255654,569664,772225
140,000572,2018-01-04,-0.002159827213822796,0.0,0.13004759766877363,4620.0,46922.60376825183,1269,13892110,9376880,1661537,859291,4155197,2925320,1694597,1432564,2467846,2180021,1307429,722694,2019226,375956,0,881034,586278,0
141,000573,2018-01-04,-0.0020661157024792765,-0.0020661157024792765,0.221943504078786,9680.0,62516.33584404419,475,7203572,6346366,400157,537241,2080427,1413506,2035042,1049006,1022986,644042,1205160,484000,0,696296,459800,896625,0,625650
142,000576,2018-01-04,0.00591715976331364,0.004142011834319614,1.1609594447186322,6780.0,127590.13490550993,211,3516416,3698268,194762,262825,855393,267804,249040,1079568,0,565434,529221,795467,0,727170,0,0,1688000,0
143,000581,2018-01-04,-0.008533116619260483,-0.009752133279154807,0.46094187356799066,49000.0,426668.9658819995,2851,249383258,163544731,1187780,1174945,15126997,11928574,17818474,15055352,32936299,31582397,25394761,22303579,17330013,11447751,12923151,7630254,126665783,62421879
144,000582,2018-01-04,0.04343434343434338,0.027272727272727337,0.25238130600578174,13325.0,113314.83396546921,1540,29353665,37515401,1206475,1349791,5586723,7290270,6652272,6477592,7725220,7479198,2299940,3360901,1686141,3684721,902181,1258643,3294713,6614285
145,000584,2018-01-04,-0.029830508474576245,-0.019661016949152454,0.41850978752078705,21930.0,163779.5711869872,1242,36654136,29774593,862488,601575,9829873,5685229,6150692,4749421,6194178,4034039,4900214,2939318,2454312,1395276,407744,1369533,5854635,9000202
146,000586,2018-01-04,-0.01049144119271106,-0.008834897846493606,1.2354284905782056,14468.0,54766.259718382214,214,2978039,4076823,88769,238808,496041,1223477,833328,865352,967485,730336,236016,1018850,356400,0,0,0,0,0
147,000587,2018-01-04,-0.005673758865248235,-0.015602836879432536,0.13860833196499575,46565.0,152816.4988750412,2595,114572665,105320758,887232,738442,14782233,12840325,29602312,14174448,27231928,30591010,8200021,7800806,5226469,3543335,3542461,4243171,25100009,31389221
148,000589,2018-01-04,-0.002109704641350185,0.0,0.23246433178830125,8092.0,40002.155944220656,415,3833152,5130153,299032,534996,1211890,2010336,851472,755056,927554,918282,237000,911483,306204,0,0,0,0,0
149,000590,2018-01-04,-0.017704918032786843,-0.017704918032786843,0.8706114322019004,10566.5,59525.93404592905,306,5754851,3216971,223029,319209,1328337,1307083,900513,273682,1408193,824862,463743,0,1431036,0,0,492135,0,0
150,000591,2018-01-04,0.001700680272108901,-0.00170068027210879,0.13932409227163564,17595.0,100455.20871511493,1784,46211793,40323313,1409421,1252718,7623571,8200633,10726948,7115561,6978775,6791156,6747831,4550738,4839978,5004229,1801917,2718313,6083352,4689965
151,000593,2018-01-04,-0.033033033033033066,-0.027027027027026973,0.2260902897073503,15680.0,85190.40641378157,1956,46967639,34700570,1997392,1617144,10863625,7786233,8411494,6220923,9130548,7456188,5694972,5564146,3799076,1368254,418032,915780,6652500,3771902
152,000595,2018-01-04,-0.02177858439201452,-0.019963702359346525,0.18461131774329112,9810.0,56891.353380668654,891,13779973,8221290,1026763,695584,3853424,3477997,3806146,1970994,2036378,814941,1364230,201650,649200,0,424928,0,618904,1060124
153,000596,2018-01-04,0.012005856515373559,0.021229868228404225,1.3172832985699858,41508.0,201894.04103419176,2690,110788961,144519051,2342239,845670,15631262,8926291,21018645,11627067,24764406,30276166,14362488,19353751,6458452,11554868,9308686,18646003,16902783,43289235
154,000597,2018-01-04,-0.004149377593361092,-0.009958506224066466,0.3950536406658633,20374.5,135081.32839121093,930,33258416,29675170,436018,758669,3967880,4196104,3911927,3524696,5205211,6675822,2282682,4852581,3070175,2115053,2668376,2310591,11716147,5241654
155,000598,2018-01-04,-0.003603603603603567,-0.003603603603603567,0.11473856619206116,9918.0,137088.10255754512,2348,37937695,51981976,2183198,4098745,8357807,9573667,5375952,6882785,5750581,6815163,6000836,4078487,2083794,2355353,1350739,488334,6834788,17689442
156,000599,2018-01-04,0.0015337423312884457,0.0030674846625766694,0.2510858928686641,10472.0,146181.33219198504,674,11342404,12221175,768249,558774,3254476,3095644,2101727,1205818,1465376,911315,442425,693482,328155,656500,0,0,2981996,5099642
157,000600,2018-01-04,-0.045154185022026394,-0.04405286343612336,0.16184369568499452,50866.0,788775.0597829578,3155,281828509,279738083,1006121,1591276,11737848,14052988,17322374,20198142,24151009,35541168,22577107,24677118,16719981,17463396,20813668,14786142,167500401,151427853
158,000601,2018-01-04,0.00274348422496562,0.005486968449931462,0.3017954865430759,4392.0,69696.9200820514,583,6658690,4266678,384900,819652,1617671,1253050,1807919,847040,466022,1138113,470527,208823,0,0,439800,0,1471851,0
159,000603,2018-01-04,0.012315270935960632,0.00738916256157629,0.463442861714747,12225.0,59699.09957386801,690,12768040,9986152,583490,643198,3105618,2715075,3396321,2261518,3009970,1865435,535578,1788402,1351687,712524,0,0,785376,0
160,000605,2018-01-04,-0.02267002518891703,-0.016624685138539097,0.4134259518879571,25467.0,213692.56332708386,2308,101413692,95241494,1265607,1662518,9427806,12114919,13351686,10440597,13966323,14837563,13113627,8129870,11687707,9262376,4911932,7575660,33689004,31217991
161,000606,2018-01-04,0.0011325028312569874,0.0022650056625141968,0.5176792456984081,8880.0,32446.433140076428,290,3911990,1830877,425714,172382,1485718,874189,1084951,286434,649207,275872,266400,222000,0,0,0,0,0,0
162,000607,2018-01-04,0.003225806451612856,0.003225806451612856,0.26349315372679843,3120.0,50696.246356447205,553,4196384,5447762,306444,633053,1128469,1527624,1092776,856827,867579,602143,441440,0,359676,659428,0,429312,0,739375
163,000609,2018-01-04,-0.013550135501355087,-0.017163504968382925,0.4645686528067222,7742.0,58194.670246308306,567,9525351,3674426,708259,528914,2626757,1420148,1625946,646731,1175574,0,750976,219800,322245,0,1770599,858833,544995,0
164,000610,2018-01-04,0.006768189509306355,0.006768189509306355,0.6318818047316626,11840.0,159272.65575164612,349,4748706,12860395,194419,373617,1007614,1698531,893252,1102692,1144429,506836,207900,747779,333188,0,0,0,967904,8430940
165,000611,2018-01-04,-0.008883248730964466,-0.006345177664974555,0.3118536062022362,14076.0,74486.10467847009,638,15587976,7378697,710301,469485,3591557,2421026,3424278,1435865,2302994,2475361,1899407,576960,306933,0,2135724,0,1216782,0
166,000612,2018-01-04,0.005411255411255311,-0.0010822510822510178,0.20399517106354934,9240.0,66780.88157836991,2053,36149062,26323631,1969630,2868767,7602485,8498608,4665456,4427882,8158580,6040553,6190596,1417529,2027040,1768499,2328008,1301793,3207267,0
167,000613,2018-01-04,0.005069708491761693,0.0012674271229404788,0.3028686738635361,7870.0,42401.97453798091,679,7652379,6769896,913147,525291,2847155,1912477,1641629,1115338,1856948,1477435,0,920745,393500,386310,0,432300,0,0
168,000616,2018-01-04,0.0,0.008695652173912993,0.10877194047185886,10150.0,78477.34292002989,1008,14485244,21092373,549179,1021374,2813110,5166737,2683240,3201335,2886284,4322207,690744,1859000,2743904,1017427,842950,1776875,1275833,2727418
169,000617,2018-01-04,0.008270158511371584,0.006202618883528688,0.4658864153226028,14615.0,48641.22963153397,970,17103271,13037810,676765,715206,5025075,3973947,4745674,3062035,3891734,2970820,2101378,1234918,662645,631370,0,449514,0,0
170,000619,2018-01-04,-0.017964071856287456,-0.01916167664670665,0.3590756780855431,16430.0,85527.56491693167,540,15026020,8401831,502625,586119,2913593,2311603,2316295,1605360,2686263,1627368,2270661,204999,1009410,1394814,841639,0,2485534,671568
171,000620,2018-01-04,0.037931034482758585,0.010344827586207028,0.1872226548327923,2920.0,28900.156718036415,960,4334642,9318101,629194,1016461,2004112,3057410,584356,2816896,445043,1743353,671937,683981,0,0,0,0,0,0
172,000622,2018-01-04,-0.0020790020790020236,-0.008316008316008316,0.32510639683317005,5519.0,32199.099009777154,218,2256813,1267946,258095,223071,811958,490175,631952,331517,290400,0,264408,223183,0,0,0,0,0,0
173,000623,2018-01-04,-0.001771479185119551,-0.003542958370239102,0.46091487938844705,26976.0,135754.7847337867,2400,100742504,55897312,2149428,882051,17947253,8952513,14091744,8704779,23001793,13372887,15905448,6205896,5885829,3127537,5807005,2215183,15954004,12436466
174,000625,2018-01-04,-0.004654771140419012,-0.003103180760279378,0.2615869172283459,14135.0,220945.30914824255,2429,91047111,74367909,3166818,1360624,12646321,10306433,7918198,7963783,10584838,8105331,7739798,6373606,3615531,4127341,5227131,2599798,40148476,33530993
175,000626,2018-01-04,-0.01171303074670571,-0.0014641288433381305,0.4843154740688457,13720.0,93495.89946953722,795,18375722,14688608,716062,531575,4532319,3010465,3752404,2589445,2602403,2268861,1492099,2169528,670210,1293532,1390065,1281342,3220160,1543860
176,000627,2018-01-04,0.003640776699028958,0.003640776699028958,0.17869125961749222,16500.0,160374.84882233053,2129,72308441,69482246,1708158,1912822,7296232,10069803,7554963,9262948,12239680,10158284,8569918,7917802,2437818,5505234,8782300,4908892,23719372,19746461
177,000628,2018-01-04,-0.0023612750885479983,-0.0047225501770957745,0.3700876353508328,9416.0,43562.976910780366,523,7507688,5365135,563434,557987,2283219,1960694,2069638,1679016,709915,957488,749024,209950,680000,0,452458,0,0,0
178,000630,2018-01-04,0.010344827586207028,0.0034482758620690834,0.05443270333767216,14500.0,400929.1100869349,2876,129872309,102872121,3215858,1410092,16221412,8344831,13247018,8566232,13042665,10011700,7679230,6090432,3809583,4222817,6763612,3537437,65892931,60688580
179,000631,2018-01-04,-0.0023041474654377225,0.0023041474654377225,0.11320678899939263,5196.0,43982.04592236325,1475,14400934,12659416,1474222,971757,5403866,5313066,2078732,2875697,3007223,1879788,873889,880377,0,738731,0,0,1563002,0
180,000632,2018-01-04,-0.001615508885298933,0.001615508885298933,0.3099749425982069,4660.0,41929.36512654416,398,4614243,3630294,237411,322148,834943,1413691,872686,580490,1976091,843945,693112,470020,0,0,0,0,0,0
181,000633,2018-01-04,0.0,-0.0020000000000000018,0.3269628108634427,12047.0,64325.147636549504,935,19483519,13958102,894245,824091,3959964,4401807,3349926,3417225,4502111,3090242,3252171,1476453,1024214,335196,1371188,413088,1129700,0
182,000635,2018-01-04,0.024535809018567667,0.02917771883289122,0.39645939761730514,15570.0,88908.31681714157,1447,26037328,39466272,1273314,905225,5664234,7425196,5627754,7619296,6695818,8457016,1725662,4730230,1004668,1642451,2234688,3488567,1811190,5198291
183,000636,2018-01-04,-0.020344287949921713,-0.0023474178403755097,0.21875485484221885,89045.0,574100.6222355652,3424,358172728,415645457,655628,1052124,11616763,10978084,22387687,20637007,39587824,41965528,34181980,34010752,29186958,27794817,19193459,26237773,201362429,252969372
184,000637,2018-01-04,0.029654036243822013,0.0313014827018121,0.16483432828694036,12480.0,70679.10871032305,1358,19830395,31422947,1046042,1197895,4749937,7012796,4335114,5861271,5254812,6458895,2482094,4007926,1962396,3198313,0,1267506,0,2418345
185,000639,2018-01-04,0.01742344244984162,0.015839493136219573,0.6927811436968935,9660.0,89869.74155840836,747,9348109,14296842,1392798,546662,3245696,2665464,2219254,1841379,1163112,1661348,529564,1030599,322040,696269,475645,946397,0,4908724
186,000650,2018-01-04,-0.0018621973929235924,-0.003724394785847407,0.17174561978168196,5360.0,56205.29145930392,978,10847901,9814575,662274,875577,3057826,3133937,1666547,1768685,2741368,2060884,510470,442325,685960,995167,453456,0,1070000,538000
187,000651,2018-01-04,0.012608695652173818,0.00782608695652165,0.7671284599132124,325500.0,1087102.837302546,3596,914652338,1149247595,102143,51036,2507019,2240310,12966664,11342888,45980808,40912325,64601865,52157229,74440276,66558099,66117022,57194982,647936541,918790726
188,000652,2018-01-04,-0.006521739130434634,-0.006521739130434634,0.1280254824018482,3656.0,47887.759611462054,1293,10597884,10296887,1478607,1191944,2718865,4011572,1014927,954497,1788271,1290837,1661855,1484486,342962,637476,902926,0,689471,726075
189,000655,2018-01-04,0.008836524300441795,0.008836524300441795,0.15850924492528246,13640.0,124339.62238580597,1837,41250066,37735678,1425148,1601682,9002778,7810508,6987324,5336555,7898434,6802664,4890578,4686709,2439603,3024695,2685966,424143,5920235,8048722
190,000656,2018-01-04,-0.002024291497975894,0.006072874493926905,0.11005076846124115,6422.0,145369.32589478613,2021,32448723,33150869,1903566,2985140,6462491,5483360,2479603,4386345,2360441,5766668,5044471,1451410,976945,1684591,988000,0,12233206,11393355
191,000657,2018-01-04,0.005559968228753043,-0.003971405877680745,0.455586703581826,12590.0,76278.80949142616,763,13477175,14171115,666551,489277,3788928,3021108,2390985,2309560,2934955,3148314,1045128,2304017,375000,1444294,892528,0,1383100,1454545
192,000659,2018-01-04,-0.004366812227074357,0.0021834061135370675,0.1957658951399917,11425.0,96372.17199483009,547,13717267,8519059,568830,369633,2592332,1835493,2040200,1549431,2909909,2365894,1884155,996294,318085,0,0,0,3403756,1402314
193,000661,2018-01-04,-0.010491441192711282,-0.011595803423522844,4.061495989555737,54615.0,294473.20279681456,1989,204064450,119961663,6967,0,11081470,7149315,12443537,10255096,30305136,14153274,22918579,11808166,20112824,8801539,17209509,8546010,89986428,59248263
194,000662,2018-01-04,0.014986376021798309,0.002043596730245234,0.6553330971963821,5892.0,56127.63492083432,501,7839259,3435981,723828,260639,1712408,1075996,1404310,834814,1261093,822332,1158614,0,0,0,0,442200,1579006,0
195,000663,2018-01-04,-0.009340659340659196,-0.012087912087912045,0.7536428263550363,12726.0,89755.17413172289,583,12049572,7171399,855399,343883,3448861,1770501,1719155,1467271,2382270,1407621,732159,1203318,1120484,978805,0,0,1791244,0
196,000665,2018-01-04,-0.0009823182711198308,-0.0019646365422396617,0.5015897908676357,10140.0,88128.85096693046,411,9041672,5489077,299398,291149,1627853,1427853,1780612,793435,1867073,454716,439655,453290,951429,0,883027,0,1192625,2068634
197,000666,2018-01-04,-0.013643254168772101,-0.014653865588681092,0.4985758427273886,13678.0,82280.79012098045,1576,41634846,16742707,1842368,1344883,9723309,3361258,9418565,3039520,8671579,2366704,2553646,2385350,2897495,1745510,2199891,453096,4327993,2046386
198,000667,2018-01-04,0.006514657980456029,0.006514657980456029,0.09248462556455134,5544.0,137819.71287591624,1106,16860360,21881515,1618623,742824,3259946,3235232,2993392,2255346,1705750,1778636,843017,769110,1937298,1648101,403000,1387127,4099334,10065139
199,000668,2018-01-04,0.0319786808794138,0.02131912058627594,0.6906295254216109,15435.0,96116.55719001137,478,9064836,9262977,346731,427442,2339193,2416746,2381608,1887635,1308449,1267978,486254,490058,1335786,0,866815,0,0,2773118
200,000669,2018-01-04,-0.004888268156424624,-0.0034916201117318746,0.43445081092548415,10010.0,66510.29709750897,1086,18972490,14569344,934266,1224612,4833964,3737429,3664662,2718710,3180414,4916990,1935194,489102,364800,634233,1773350,848268,2285840,0
201,000670,2018-01-04,0.05393586005830908,0.048104956268221644,0.11755259506316751,57038.0,230288.43865633412,3415,174313932,256088872,1106545,982737,15455842,16135400,23807551,23532703,39733286,42568931,25848723,32383542,14451238,22302068,10876373,27558657,43034374,90624834
202,000671,2018-01-04,0.019070321811680557,0.02741358760429069,0.1530585547348308,42500.0,417707.58543109597,3025,202054500,272117228,1305812,1675617,10650981,14643566,14121738,18411064,26178910,30566273,17785982,21673873,13249925,8644871,15154001,19354563,103607151,157147401
203,000672,2018-01-04,0.07575757575757569,0.09714795008912658,0.1911433121822452,106641.0,554426.0051066147,3458,341047984,467903541,491128,444797,9332062,10486242,23123900,24880393,49016668,47913823,37888621,42210502,32446497,37508125,25707293,30042541,163041815,274417118
204,000673,2018-01-04,-0.006069802731411222,-0.006069802731411222,0.4078584282763843,20960.0,465809.20478330896,1045,34065336,86694841,764350,432724,4255316,2465827,4286076,7629300,10203242,7669232,3539222,3405504,1018818,1422785,1407901,965160,8590411,62704309
205,000676,2018-01-04,0.006108202443280808,0.012216404886561838,0.3215717395182097,11670.0,61022.12586156823,1270,20086627,21096985,876028,1196650,5678274,4624170,5099005,5375978,4590304,4558672,1680639,3948813,721098,1392702,441960,0,999319,0
206,000677,2018-01-04,0.0,0.0023980815347721673,0.1908382163040546,6672.0,65935.83812487208,477,5553726,5178089,620207,495542,1361129,1603164,534821,1257641,694412,696331,423740,288993,398944,0,834000,0,686473,836418
207,000679,2018-01-04,0.01810584958217265,0.023676880222841312,0.3022542827880344,14700.0,73590.74302089271,564,11081716,10377605,454017,475991,2848635,2234916,2472439,2014317,2180324,3347731,633910,976290,321840,336284,855440,416076,1315111,576000
208,000680,2018-01-04,-0.0078125,-0.001953125,0.14258777377829493,10140.0,89475.38686746672,1291,25468938,19007959,1443947,814794,5416115,3922269,4018916,2925090,5661998,3320375,2403277,2646388,1309736,336090,0,464609,5214949,4578344
209,000681,2018-01-04,-0.038000000000000034,-0.030000000000000027,0.452008987960505,9865.0,76794.57257545597,1961,40492758,13007112,6227932,1461226,7420507,3551864,10201331,2650236,6000787,2877933,649051,1769523,1000944,696330,462950,0,8529256,0
210,000682,2018-01-04,0.008510638297872353,0.010638297872340496,0.19712536802654113,9280.0,50061.697495217646,568,5729409,8569579,539433,644776,2456674,2095628,1575985,1287184,874717,1734941,282600,1230028,0,632158,0,944864,0,0
211,000683,2018-01-04,0.0066006600660066805,0.0,0.07289665027342483,11533.0,118143.20834736989,1740,44632285,35895656,1656753,1314712,6570809,6115298,7239404,6295343,8385190,8005841,2456360,4159650,3867499,2603521,844764,1350846,13611506,6050445
212,000685,2018-01-04,-0.0019249278152070337,0.0009624639076033503,0.293145804777305,7273.0,62542.04994541988,1256,16158521,16944038,1516262,965150,3596946,5178306,2263091,3895563,2593708,1841738,2270831,1529649,1750208,1334044,925945,827828,1241530,1371760
213,000686,2018-01-04,-0.0033670033670032407,-0.001122334455667784,0.22575185915447823,11544.0,119766.79174718681,1558,42300833,24613588,1682264,1174283,7200574,4157854,6645367,3648679,6146740,4656438,3951098,2370650,1784341,1338108,3621168,2329297,11269281,4938279
214,000687,2018-01-04,-0.022827041264266934,-0.021071115013169495,0.26918294065213094,16710.0,105716.15040717398,1791,51784830,33879908,1279023,1118371,8868092,7606647,10286514,5804482,11240118,7377635,5635062,2803284,2767009,1441603,1698088,2245483,10010924,5482403
215,000691,2018-01-04,0.01513240857503173,0.007566204287515754,0.4017589431640764,8000.0,111975.53199562288,389,5724298,9953154,330446,399815,2128111,1104743,583701,863389,901400,358653,0,1613531,0,307615,0,2116611,1780640,3188797
216,000692,2018-01-04,0.001901140684410496,0.001901140684410496,0.3089540340499041,7420.0,45699.77776263855,289,3913162,2606236,209953,300944,1233399,573813,973903,859734,705981,871745,211326,0,0,0,0,0,578600,0
217,000697,2018-01-04,-0.0012798634812287712,-0.004266211604095571,0.6919060393658638,18688.0,117746.18996172337,1147,35208113,24319579,1565299,735401,5393253,4814210,5274972,3838415,6869543,3876783,7387735,3690089,1636458,2294738,1419880,1427016,5660973,3642927
218,000698,2018-01-04,0.016366612111292866,0.016366612111292866,0.16309299629089177,14352.0,123467.13665576206,1405,33261446,38123072,1425570,1036972,6438406,5653663,5637693,5963005,7321204,6661137,2814503,3262911,1362356,2040654,1744870,1798321,6516844,11706409
219,000700,2018-01-04,0.0034482758620690834,0.0034482758620690834,0.22201336028970498,6094.0,105389.20784460833,682,10585293,10660892,645495,672718,2241158,1838837,1746523,1081472,1698992,1305062,1091263,786054,334662,328280,1734800,1400923,1092400,3247546
220,000701,2018-01-04,-0.0039024390243901363,-0.0009756097560975618,0.3089123656842184,2046.0,75680.76134872084,1101,9344628,13232874,958684,972095,2107524,2309859,2316684,1540306,1693563,970236,1404553,941940,320670,696306,0,410000,542950,5392132
221,000702,2018-01-04,0.0,-0.00417827298050133,0.2557243710976823,3580.0,55134.058966301265,788,7355263,6714584,463768,1017355,1578487,1953390,1608502,942557,1273942,1644522,277970,488380,1080094,668380,0,0,1072500,0
222,000703,2018-01-04,0.05517241379310356,0.030425963488843744,0.4483886154590839,62025.0,425779.3203686368,3027,336458500,274303319,1034526,746936,14316739,9256574,16397327,12552991,31221460,22280550,45002232,26553369,12935374,17817535,14738226,13334378,200812616,171760986
223,000705,2018-01-04,-0.0012004801920768582,-0.0024009603841536054,0.305662711773912,3324.0,30236.19938790427,742,6070757,3772868,1230382,342087,2009421,2082014,1193260,597941,729739,430954,265600,0,642355,319872,0,0,0,0
224,000707,2018-01-04,0.006814310051107331,0.0017035775127767216,0.2580364965701059,8288.0,45006.04578192509,517,6898209,6740108,476874,349688,2218089,1519308,1812381,2080033,1418181,1678990,972684,761053,0,351036,0,0,0,0
225,000709,2018-01-04,-0.009708737864077666,-0.004854368932038944,0.07200478171974939,43709.5,480822.92967174936,3298,319182828,259186649,2040856,1431817,15628367,11397577,20423037,16213780,33554561,26087597,26068571,19990639,21867640,19407149,16255556,13981692,183344240,150676398
226,000710,2018-01-04,0.0009066183136900996,0.0018132366273799772,1.4358239744107475,11052.0,66589.68277004744,1475,26750291,22541591,588966,2528637,6004847,6533137,4905983,3219872,6766272,4731696,4291757,2901124,2154152,354880,404274,424655,1634040,1847590
227,000711,2018-01-04,-0.019230769230769273,-0.01692307692307693,0.363489623979913,16563.0,109434.62053050143,1279,37593503,20427178,1031420,1062694,7031267,5055440,7373619,4077337,6416245,4145973,3480823,1745683,3134426,721164,1788918,407008,7336785,3211879
228,000712,2018-01-04,-0.00863557858376518,-0.011514104778353462,0.4430231888590956,17100.0,114524.83662465816,1537,53099439,28114484,1538909,1159304,6693761,6472818,7577655,5720206,10330255,6730500,5231700,1677094,3083160,1038820,3105077,1789038,15538922,3526704
229,000713,2018-01-04,-0.00717360114777621,-0.00430416068866557,0.3878905509429449,11104.0,41403.41262670771,322,5259469,3315155,228304,279891,1859229,819128,1296571,991982,1362975,760590,512390,463564,0,0,0,0,0,0
230,000715,2018-01-04,0.02298850574712641,0.010449320794148287,0.43918947171670497,9625.0,77926.58073591116,474,9566803,6255873,528782,449148,1214911,2483165,977009,1611574,982400,914898,1708859,0,939479,359037,887200,438051,2328163,0
231,000716,2018-01-04,-0.0017699115044248481,-0.0070796460176991705,0.17076609107053675,3919.0,32150.514649935307,1095,9178596,6424838,2061380,591094,2739309,2677641,2024158,1120012,1613337,474821,430792,476745,309620,627619,0,456906,0,0
232,000717,2018-01-04,0.014161220043573008,0.0185185185185186,0.15905720387046574,78045.0,565208.713233856,3338,415692419,430359080,866012,1036201,12736561,12053011,21396613,19832929,38832314,35334613,29891951,32693187,26140767,28379019,17890144,26267035,267938057,274763085
233,000718,2018-01-04,0.004464285714285587,0.004464285714285587,0.10643822832396868,3129.0,62924.88099367899,1777,17187450,15542074,3268718,975676,4074323,3043648,2210932,1309470,2879176,1905398,980340,1787797,1366073,637414,1309840,2625486,1098048,3257185
234,000719,2018-01-04,0.003236245954692629,0.0010787486515642097,0.2699425838278043,3709.5,45483.13039459656,1180,8068614,7337793,941933,1417592,3773112,2214764,526649,1714769,677578,748628,499181,556500,0,685540,0,0,1650161,0
235,000720,2018-01-04,-0.004415011037527727,-0.002207505518763919,0.1798701573152731,9020.0,50660.25837675931,634,7090179,7845274,775619,588490,2301709,2596757,2066491,1887673,1630660,1596921,0,227304,315700,0,0,0,0,948129
236,000721,2018-01-04,0.0,0.005235602094240788,0.23344981642764612,7488.0,40754.498107989566,602,5912043,6612097,623290,609815,2176958,2226887,1623014,1602433,864577,1051064,241920,0,382284,601698,0,0,0,520200
237,000722,2018-01-04,-0.0021459227467810482,-0.006437768240343367,0.40300654721412205,9270.0,38234.687690248466,534,7413572,4197271,889700,437289,2720661,1578502,1704591,775862,1084078,635362,1014542,770256,0,0,0,0,0,0
238,000723,2018-01-04,-0.010279001468428639,-0.014684287812041119,0.1458964974365635,8723.0,141393.57634243867,2183,61492431,44204276,1653344,1943367,5839051,8022350,5381225,5423056,14108911,8403571,8566587,6902215,6143225,2309378,2084950,2262505,17715138,8937834
239,000725,2018-01-04,-0.0017452006980803736,-0.0017452006980803736,0.09570114850349598,262089.0,1894667.234222815,3601,1364098370,1152976803,38878,72158,4495817,3739358,19846444,12849772,61444676,47085442,76174597,53875700,61912020,45881312,58172643,37355793,1082013295,952117268
240,000726,2018-01-04,0.0,0.0018181818181817189,0.2785985080869387,5520.0,84866.28969691278,1559,23105285,21432972,2878340,588593,6178645,2383149,2793888,2320228,1655313,6745299,4450856,4444381,2043891,1715328,1333441,960326,1770911,2275668
241,000727,2018-01-04,-0.008032128514056214,0.0,0.05931964419363585,4960.0,71784.56556673923,1781,24676711,20587801,2076677,1293542,5916390,4709714,3469419,2450377,5071080,2714483,2179784,1513401,1794581,1683985,1333177,910569,2835603,5311730
242,000728,2018-01-04,-0.0017921146953404632,-0.0008960573476702871,0.2424834441511619,25484.0,157972.90901775644,2119,87414947,57181764,1511514,1323416,14322641,8834012,13593599,7344572,14076403,10673624,9047103,7034986,5598751,3391346,4422262,2336120,24842674,16243688
243,000729,2018-01-04,0.007396449704141883,0.007396449704141883,0.13260763331920125,18063.0,233557.6606390019,2608,89419841,76247053,3027273,1527987,13437601,10767929,11765610,10428781,11062102,9744781,7612546,4850743,9565822,5295689,3091426,2617325,29857461,31013818
244,000731,2018-01-04,0.0036540803897684437,0.006090133982947554,0.20992275012896153,22988.0,164688.95413680753,1531,57642083,49968002,1071452,1212348,7340785,7437303,7461471,7640417,10282562,8501001,5668092,6362703,4129316,1689072,4378632,5323154,17309773,11802004
245,000732,2018-01-04,0.10385626643295365,0.10385626643295365,0.41772409414963885,105435.0,1715798.7978005544,2997,694862350,519659554,1038955,702027,8865411,7844170,15113720,13309110,31233622,30037757,35911590,31902752,23500471,26672895,20281627,25879373,558916954,383311470
246,000733,2018-01-04,0.006671114076050699,0.004002668445630464,0.3841746969464122,24120.0,107806.38576886366,1522,42275032,43446374,999006,1007446,7946434,7948852,7803034,8491193,13842407,10046168,3437367,3179210,2978897,2981438,2731226,2725445,2536661,7066622
247,000735,2018-01-04,0.007643312101910826,0.007643312101910826,0.19141081655743394,18078.0,218824.71860016097,1683,54918184,57413802,1354940,1638926,9210998,6548774,7222792,6223616,8282096,8236338,5520798,10136980,5900367,3446187,3994811,2617049,13431382,18565932
248,000736,2018-01-04,-0.030102347983142708,-0.015653220951234115,0.5706557972935483,13160.0,66579.79990837707,847,18093851,9478697,918067,898760,3902276,3719311,4191640,2363157,3156241,1270122,1331557,592477,1129590,634870,1360526,0,2103954,0
249,000737,2018-01-04,0.016563146997929712,0.0269151138716357,0.18414100488731075,11166.5,61682.531105271446,688,10568849,11143206,672489,736458,2965581,3071368,2655177,1731351,1945211,2200025,1427167,1481147,0,703983,903224,420810,0,798064
250,000738,2018-01-04,-0.003819223424570417,-0.00700190961171232,0.42164856621581925,12624.0,70103.69971758289,1388,26169228,17762633,1326630,1028947,6239444,6224477,5655977,4258205,5011112,2973922,939347,1232713,1386437,2044369,1859106,0,3751175,0
251,000739,2018-01-04,0.004594180704440953,0.010719754977029039,0.2610492796389218,17820.0,49910.54855923126,625,9797166,10196280,647026,381892,4089341,2722099,2065862,2509772,1444623,3276525,512160,499485,619080,311331,419074,495176,0,0
252,000750,2018-01-04,-0.006012024048096198,-0.004008016032064243,0.11649463343117698,6958.0,94743.81465893748,1839,35038914,16091897,3468447,1037754,8055499,4080265,3766609,2715237,4613301,2898537,3295058,2322489,362080,335296,1276952,0,10200968,2702319
253,000751,2018-01-04,0.013565891472868241,0.0,0.1251322648782036,15510.0,140661.8768882592,1704,51366241,36568824,1352518,1009483,8675811,6675833,7890395,5923950,9349196,6404192,6490017,7023705,2183589,1424616,1733297,2651308,13691418,5455737
254,000752,2018-01-04,-0.0022123893805310324,-0.0022123893805310324,0.533215208142781,12244.5,203013.43453516054,646,16827236,8957817,701795,482383,3202154,2245222,1770873,1882162,2119051,837890,2161613,243900,0,310308,0,0,6871750,2955952
255,000753,2018-01-04,0.007772020725388629,0.007772020725388629,0.17169934259805156,7760.0,70306.8615983945,505,6398813,6469594,434167,472726,1945458,1864568,1155916,1377637,1785168,733155,229104,0,387000,394840,462000,457723,0,1168945
256,000755,2018-01-04,-0.007342143906020504,-0.007342143906020504,0.33164906699484115,6770.0,53878.86094185314,421,7068121,3856460,519394,317854,1829722,1127263,902387,603127,1122460,744160,1908767,745866,381591,318190,403800,0,0,0
257,000756,2018-01-04,-0.0007153075822603494,-0.0014306151645206988,0.3340376402399257,8370.0,66839.76907009516,1752,21081044,24565939,703454,2039236,6614897,9069590,3561895,4129750,2601342,3052636,1537577,4428255,2037925,304410,842370,849680,3181584,692382
258,000758,2018-01-04,0.010819165378670892,0.004636785162287493,0.14581792644518643,9675.0,118692.42689899185,1972,36757909,39757701,1558644,1773927,7570115,7847450,5980689,6513070,5774977,6172032,4276008,3416392,2673671,3837700,1690737,852725,7233068,9344405
259,000759,2018-01-04,0.034700315457413256,0.03154574132492116,0.18741458928161245,28530.0,175933.9874289662,2579,106090067,99949495,1948933,1770609,13007658,10451102,14240717,13201442,23227294,17507019,15417722,8806663,7506408,8587140,6733409,4413469,24007926,35212051
260,000760,2018-01-04,-0.006611570247933907,-0.0033057851239668423,0.19875740127380634,6030.0,74787.0647500698,927,12558225,9936165,915743,937596,3204262,2218597,3147981,2030637,2368775,809423,921810,243210,920681,921510,482973,0,596000,2775192
261,000761,2018-01-04,0.007518796992481258,0.007518796992481258,0.12279280765569736,7964.0,124469.00037082746,1882,46942869,43822141,1379263,1395847,5163716,5869941,8696332,5729443,7565986,7640085,5610215,4412268,2996591,2401528,1749440,4041646,13781326,12331383
262,000762,2018-01-04,0.008243500317057784,0.00443880786303108,0.32556364887634753,25184.0,118172.39041728487,2347,80755737,59197510,1566031,1470705,14534317,10773971,12210247,10960978,19111784,15807027,9609154,4713180,5721735,6423427,4053716,3119670,13948753,5928552
263,000767,2018-01-04,0.010000000000000009,0.0033333333333331883,0.1173695295943336,8970.0,111554.33040005149,654,8452814,16775840,536922,685737,2060598,2561174,1386186,2353355,1705710,1791327,874967,1437870,1324486,1158755,0,420095,563945,6367527
264,000776,2018-01-04,-0.005199306759098743,-0.0005777007510108234,0.3217765980231945,34500.0,206744.57012436804,2895,129994215,142801187,630481,1880587,11755090,17924059,15033179,18311911,22400749,25440876,11581474,14327324,9262247,12672276,8539540,5604862,50791455,46639292
265,000777,2018-01-04,0.008381689232753065,0.013539651837524147,0.40055294044976864,15750.0,108521.64296901459,1499,35732814,35606808,2087007,704892,8554675,5271060,5990699,4036193,8255255,8237229,3454719,4524432,1689540,3027452,2282849,4119908,3418070,5685642
266,000778,2018-01-04,-0.008928571428571397,-0.0017857142857142794,0.0973798424288691,29679.0,312334.722848596,3321,205999502,130467364,2329024,791594,19151423,12953254,23277327,12834209,33735624,18088709,22051018,15402197,15248342,7944007,7563317,5665520,82643427,56787874
267,000779,2018-01-04,0.0,0.0,0.812828314704242,12798.0,38254.17747860239,303,4943434,2546487,312216,234330,1940731,1036132,1070083,335079,1170893,453646,449511,487300,0,0,0,0,0,0
268,000780,2018-01-04,0.005940594059405946,0.001980198019801982,0.17634630597540715,2023.0,46541.39383668234,820,5911544,6707154,375042,867079,1423636,1553070,1189278,1277419,1164969,1554682,470736,742854,322828,0,460055,0,505000,712050
269,000782,2018-01-04,-0.013546798029556606,-0.01231527093596052,0.451185111745626,12030.0,48044.00621607533,323,6208849,3308144,202900,382576,1411542,1263701,1756189,925161,1767034,413097,426379,0,644805,323609,0,0,0,0
270,000783,2018-01-04,-0.0024968789013731785,-0.0024968789013731785,0.1861480005077954,12768.0,123021.25034064984,1853,45246600,35247407,2015118,1328797,8919827,8137083,6444623,5310442,3523441,5843670,3567344,3207313,3760156,3128629,2253175,2940595,14762916,5350878
271,000785,2018-01-04,0.0029940119760480943,0.001996007984031989,0.5655446360232291,13065.0,46952.02557771674,313,4513905,4978745,203767,179755,1927326,1429963,989053,595546,483006,1958966,910753,426675,0,387840,0,0,0,0
272,000786,2018-01-04,0.011900039666798978,0.00634668782229264,0.42804027613957113,117547.0,456753.0200795303,3473,402606111,437045526,509574,486546,9869694,10543158,21105743,19087205,50499561,44929490,48610922,38487251,34561490,32121869,30986463,30137194,206462664,261252813
273,000788,2018-01-04,0.0045351473922901064,0.0045351473922901064,0.46555465620810166,8860.0,41918.03074617988,358,4895487,3264918,421159,470367,1461767,1358625,1132426,924344,752751,159840,783897,0,343487,351742,0,0,0,0
274,000789,2018-01-04,0.08956386292834884,0.08956386292834884,0.23022443749468974,92773.5,1608530.6243993957,3126,522783953,619585642,1093741,679203,10392322,8858258,16262389,14030453,31262740,31539931,27566539,27135737,25917131,23954365,28703710,29664467,381585381,483723228
275,000790,2018-01-04,0.015602836879432758,0.014184397163120588,0.17218496066397573,12879.0,117719.02967542,1680,34534046,29851872,1245520,1590146,7822984,7569843,6205977,5124122,6761779,5163398,4269814,2409614,1660462,1477838,877987,839550,5689523,5677361
276,000791,2018-01-04,0.022332506203473823,0.02481389578163773,0.176898596013548,20675.0,215536.94508280235,2079,93674353,94332880,1792716,1530161,11120530,6684674,10295911,6321753,14318887,9487942,8498317,10436080,5053443,10059106,6094940,7955394,36499609,41857770
277,000792,2018-01-04,0.01564722617354186,0.010668563300142209,0.24592323134218938,77165.0,404181.10531299317,3272,346528780,288258382,1349838,723504,14453524,9854373,22467350,17720262,44983436,36464442,36450747,30376737,26520735,30541916,18907499,25315248,181395651,137261900
278,000795,2018-01-04,0.008000000000000007,-0.0048000000000000265,0.15825363328465344,12460.0,67538.7859764347,1561,31782394,21950955,1401577,1437213,8708562,6084404,6218914,5057917,7183640,4474743,2580653,1399710,1728064,928143,435157,1372793,3525827,1196032
279,000796,2018-01-04,-0.010000000000000009,-0.007857142857142785,0.4297109697933548,13890.0,60628.36727129956,1061,21108807,15274757,831594,822359,6184236,5036584,4779170,2665809,5335700,3270287,1265343,973408,1727724,680880,430280,0,554760,1825430
280,000797,2018-01-04,-0.019981834695731227,-0.016348773841961872,0.30463313566413225,16290.0,152581.46599687642,1307,56883083,31569540,943741,928210,4469758,5219913,5322667,4630714,7730023,6811392,8906149,2959470,5158329,1378344,4526100,451410,19826316,9190087
281,000798,2018-01-04,0.001168224299065379,0.003504672897196137,0.4045148610626606,4305.0,32245.674273048673,447,3948643,2990629,404885,481639,1521343,1216508,840555,685280,598243,607202,221106,0,362511,0,0,0,0,0
282,000799,2018-01-04,0.021376811594202794,0.024275362318840532,0.4809207039613377,53827.0,197424.23226611974,3294,167085742,196683710,1353547,886639,16170496,12733211,22552782,23317960,40309938,40762390,20971942,27522617,15670869,18176734,12316752,12432086,37739416,60852073
283,000800,2018-01-04,-0.007407407407407418,-0.0064814814814815325,0.2601395279453999,20482.0,161975.87572420735,1724,62501161,36079666,1156972,1088385,9467741,6975503,8164659,7401715,13260177,7203025,6327967,3972682,3951789,2328272,928800,2708853,19243056,4401231
284,000801,2018-01-04,0.0016949152542371504,0.0,0.19601262057411825,7392.0,43422.1317110662,906,10267332,9124978,934060,776404,3618549,3372256,1585640,2079917,1927148,1427264,1003482,1124053,639958,345084,0,0,558495,0
285,000802,2018-01-04,-0.013258897418004123,-0.011165387299371998,0.3707235437368407,14290.0,86600.97637363542,1494,30213377,22882644,1020009,1652027,10051601,6556582,5459923,4219976,5287043,4373759,1789634,2500986,975812,325941,1331990,941438,4297365,2311935
286,000803,2018-01-04,-0.0077619663648124115,-0.0077619663648124115,2.5770090433242565,10372.0,26012.20915560314,80,687448,822838,92203,55053,496000,357905,99245,147110,0,262770,0,0,0,0,0,0,0,0
287,000807,2018-01-04,0.03010348071495761,0.0319849482596426,0.17939581247922343,125541.0,544216.4646299573,3518,453261904,459295638,388859,406247,9734290,8950457,24320491,23980684,56800776,56192206,45582797,44953785,35370424,47652819,34711813,25679492,246352454,251479948
288,000809,2018-01-04,-0.012722646310432628,-0.012722646310432628,0.17249497185679705,19500.0,146831.20401862403,519,15960523,13508901,331819,356435,1734727,2758897,2385354,2372056,4512176,2702870,1814601,1427972,2119668,692846,400530,456904,2661648,2740921
289,000810,2018-01-04,0.0240452616690241,0.018387553041018467,0.21310156190641333,7909.0,74354.56302529173,1101,12893586,17190597,1340815,809483,4641946,3043835,2487561,2671020,2312897,2114717,833731,1483308,749816,665596,0,843891,526820,5558747
290,000811,2018-01-04,-0.008663366336633671,-0.007425742574257432,0.30223702694542603,9708.0,95307.66104528279,714,18563853,9169337,825027,659430,3175035,2418516,2549171,1617510,2239354,2106946,2089275,684108,1421404,396728,853690,405500,5410897,880599
291,000813,2018-01-04,-0.02285092491838947,-0.028291621327529937,0.20642026940189653,9080.0,85974.36200520466,1984,49782476,24870305,2199637,1483133,8021022,5644632,7547540,5204789,6563138,5852325,9814866,2679611,2107477,1473282,7164656,1810133,6364140,722400
292,000815,2018-01-04,-0.0006493506493506773,-0.001948051948052032,0.656219999644848,10745.0,58035.467927663936,550,8407935,7181104,708208,375378,2309833,2510810,1544764,1559184,1646451,1997582,292064,738150,617630,0,460500,0,828485,0
293,000816,2018-01-04,0.06707317073170738,0.07012195121951215,0.06145006105806949,22907.0,194442.90841391473,2879,78691603,170598157,1344998,2239519,8695034,14092815,10239617,19257832,15341233,19322101,11372286,18078272,8489466,16602652,4380425,13893309,18828544,67111657
294,000818,2018-01-04,0.0015209125475283969,-0.0038022813688213253,0.34377791310931516,23598.0,116949.64106126237,1463,34398628,34066573,914266,895459,9721604,9735118,6369210,5545583,7265386,7144694,3913793,1974559,2702467,2483279,472263,408032,3039639,5879849
295,000819,2018-01-04,0.032761310452418035,0.03978159126365055,0.32520152605303604,17550.0,77842.69072388943,1555,29222504,38376550,1140687,1142213,6635905,7793741,7348778,8450078,5863775,10674066,3137961,4806563,1411660,2433358,0,1439481,3683738,1637050
296,000821,2018-01-04,-0.011084718923198733,-0.01187648456057011,0.449453685726313,12480.0,80524.82738265258,789,17418923,7056070,674317,700573,4307431,3350135,2395661,1665809,2717436,693153,1613200,0,1050129,0,891115,0,3769634,646400
297,000822,2018-01-04,0.03510638297872348,0.042553191489361764,0.17351569741736722,34650.0,176726.75093449815,2939,108706426,151429540,1284777,1805256,11743385,15181278,17369763,17199370,20135704,28233752,16131354,17761972,10065793,10156997,10050769,7927547,21924881,53163368
298,000823,2018-01-04,0.0007147962830593713,-0.0007147962830592602,0.3838855241483781,19642.0,151598.82538349406,1328,53518365,43422185,1112497,746521,5537940,5223710,6338588,4120665,11689746,7336906,6233682,6676101,2293949,4516512,5748380,3791741,14563583,11010029
299,000825,2018-01-04,0.015810276679841806,0.015810276679841806,0.0939760595667387,19532.0,238036.11782832968,2912,109705549,146532829,1698770,2023019,7877091,11148475,12908315,17134653,14887323,19849621,10032458,16829734,7174770,8681448,5453611,7832482,49673211,63033397
300,000826,2018-01-04,-0.006824925816023897,-0.007418397626112738,0.7132660001122425,26796.0,245867.71503190987,2232,121692532,75712347,1902525,854195,11589190,9915651,11149140,8802959,20310342,12088925,12251464,4381246,10308914,8592930,5343482,3265843,48837475,27810598
301,000828,2018-01-04,0.0,0.0,0.5316624794912327,14676.0,85660.9226633231,450,14548806,6990515,422287,265148,2464659,1304585,2055602,1203216,2868113,2120096,2129795,956881,2441887,339000,2166463,0,0,801589
302,000829,2018-01-04,-0.0031347962382446415,-0.0052246603970742544,0.3086816847309289,5766.0,59367.331261595595,961,10641486,8363419,1183262,905792,2999198,3089506,1892699,1258675,1779691,1063546,742200,1175673,693152,391822,0,478405,1351284,0
303,000831,2018-01-04,0.009661835748792313,-0.0024154589371979673,0.2704150361286143,23503.0,157130.00168533047,2111,68596728,63496755,1294447,1354856,9746884,10209843,10297297,10991173,17188916,14919783,7843438,6904239,4211467,6980061,4548147,1747721,13466132,10389079
304,000833,2018-01-04,0.0014430014430015792,0.005772005772005873,0.23385783281036415,10470.0,51141.162327376136,878,11775859,12105802,844833,908332,3912839,3385076,2157713,3298628,2829138,2454789,527411,890875,372060,747811,417865,420291,714000,0
305,000835,2018-01-04,-0.001203369434416346,-0.001203369434416346,0.41769043996390154,11605.0,67398.05986309436,395,7344224,6500967,368908,430022,1913399,1574051,1574909,1318320,1225178,1518123,1524239,418651,737591,0,0,0,0,1241800
306,000836,2018-01-04,0.1011764705882352,0.1011764705882352,0.0928077341863851,24859.0,315053.3358860571,2111,120906720,75526188,1574944,1161265,9215421,8594474,13510460,8824360,14471827,13141652,12144844,12183112,7514635,4307154,4831824,5067625,57642765,22246546
307,000837,2018-01-04,0.0015974440894568342,0.0015974440894568342,0.23502198565343527,6875.0,49315.57411368087,709,10326216,6871179,697589,596723,2760806,2492467,1967966,1199688,2184861,1481831,1149630,719254,312500,381216,1252864,0,0,0
308,000838,2018-01-04,0.00836120401337781,-0.0050167224080267525,0.19735543283222143,8947.5,59857.84781830968,918,13709837,10477883,1096630,796188,4075650,2969894,3099336,1875144,2230552,1704708,730346,1585379,649087,0,0,807580,1828236,738990
309,000839,2018-01-04,0.010471204188481575,0.010471204188481575,0.1628571714295224,84825.0,507446.435778761,3445,402243037,394757011,913933,658325,15735463,11289054,27334538,21309400,50074231,35821425,40553531,32046531,31201697,19870042,26643771,21047041,209785873,252715193
310,000848,2018-01-04,0.004259850905218299,0.0031948881789136685,0.25453419528048743,5646.0,83492.52177753978,1361,19441960,17184594,1463863,1153555,4868090,3366865,3142032,3920022,3203908,3225214,991269,1204918,1083254,725808,2335016,422912,2354528,3165300
311,000850,2018-01-04,0.0,-0.004310344827586077,0.24878545761686666,6975.0,36821.46456906157,347,4345627,2978638,307420,356153,1179623,1336586,1112373,702338,1092455,373369,653756,210192,0,0,0,0,0,0
312,000851,2018-01-04,0.0,-0.001138952164009055,0.37343190267464116,10524.0,83396.80084905136,552,12814998,6898782,628274,601073,2474530,2034861,2122141,1505578,1774173,1653626,1929056,467972,361736,635672,929120,0,2595968,0
313,000852,2018-01-04,0.04692082111436946,0.06549364613880737,0.19849866928127657,30716.0,228946.54116344877,2663,122185233,115144152,1115535,1784969,12188543,13509178,12708823,13731257,19778868,19838414,16525696,15072646,8660978,10297243,9180863,7822190,42025927,33088255
314,000856,2018-01-04,0.01647909967845651,-0.007234726688102877,0.5019464335454394,105693.0,2889942.0842364063,2461,791903360,568089501,1182610,264901,9701239,4534758,14344201,9775964,24838060,22232284,20372662,26627110,21141034,25798406,17182742,15111672,683140812,463744406
315,000858,2018-01-04,0.027231092957048952,0.02834509221438286,1.3496382967455434,316692.0,1088277.5153340606,3584,1057352733,1249039205,66343,99456,4766584,3367473,13031420,11844855,43164976,34626569,63061346,50493230,51035664,44921037,52708581,44140427,829517819,1059546158
316,000859,2018-01-04,0.009345794392523477,0.007009345794392274,0.19877692345831688,11610.0,53341.68268712367,463,6108517,7411544,287015,677155,2007684,2385976,1508476,1374792,1149361,1255735,671969,807577,0,388800,484012,0,0,521509
317,000860,2018-01-04,-0.004164497657470179,-0.0005205622071838834,0.4056089159008456,9600.0,127633.53071820782,2244,49707518,37258115,3393302,944924,7759934,6897703,10111102,6055398,7359783,6851014,2713882,2563250,3749009,1917319,2148418,931398,12472088,11097109
318,000861,2018-01-04,0.009836065573770592,0.009836065573770592,0.12476155488238916,4920.0,73564.53150446994,598,5173560,7666280,561042,570251,1718667,2125733,1128876,746255,374549,1405365,212100,671402,661031,700200,0,0,517295,1447074
319,000862,2018-01-04,-0.005813953488372103,-0.00387596899224818,0.18662557172001226,7680.0,52582.300754173986,765,9704390,8165011,828534,611786,2475799,2762685,1973857,2214669,2215332,1476535,414155,414296,337845,685040,0,0,1458868,0
320,000863,2018-01-04,-0.013084112149532645,-0.005607476635513864,0.29637769921455964,8528.0,61069.84315561116,325,6202937,3453627,246341,401646,1212460,1150745,755299,759088,1143779,595252,1579351,241528,734707,305368,0,0,531000,0
321,000868,2018-01-04,0.017045454545454364,0.02954545454545454,0.14973753916347507,77604.0,408498.5243230751,3465,311987996,311531171,956727,936101,14322331,11685558,24950650,21615466,42998961,40986709,33223174,36562958,31408570,31265818,23704964,25197929,140422619,143280632
322,000869,2018-01-04,0.014905857740585837,0.014905857740585837,0.9111956131446716,31080.0,158037.02999217407,1761,52677241,65013723,1112200,684567,10065370,8792321,8616456,14331684,11044256,10514287,5331399,7731381,5287245,5013798,3247197,3025495,7973118,14920190
323,000875,2018-01-04,0.015151515151515138,0.012626262626262541,0.12461293130111188,11850.0,91882.33137449637,1011,17134667,28079183,731693,1071900,3168196,5112507,2105635,4234784,2729709,5479231,1824430,5477300,2043676,1439608,1302633,2175842,3228695,3088011
324,000876,2018-01-04,0.003942181340341522,0.003942181340341522,0.15874868270311257,8404.0,131572.71632108834,2301,38333606,62078595,2271258,2705661,7903925,9263478,5472566,7417608,5566444,8156037,3037739,5068310,3193956,3617355,1376121,2778840,9511597,23071306
325,000877,2018-01-04,0.029657089898053712,0.048192771084337505,0.20138248001657838,44583.5,255441.97623120554,2874,165358403,204445193,1580595,883975,14334001,9666029,18000681,13782252,27920399,26630452,19547333,25033975,18228084,20090387,10619912,12571665,55127398,95786458
326,000878,2018-01-04,0.02838892831795592,0.0035486160397446564,0.26777113162371147,39186.0,240529.81677093531,2770,172526153,146767404,1583392,1235415,14478347,11166988,17208752,14107799,29123660,22744015,22078177,17412374,18400143,12014847,8808944,8880437,60844738,59205529
327,000880,2018-01-04,0.0118534482758621,0.0053879310344828735,0.4669828736997672,11206.5,33087.65296688399,394,4712696,4399915,379793,342774,2210132,1858209,1477118,1040748,645653,410520,0,747664,0,0,0,0,0,0
328,000881,2018-01-04,-0.005319148936170248,-0.0007598784194529085,0.4281965029187619,14415.5,71911.08859484846,944,23561768,12755432,750943,783911,5358987,3869983,4852058,2721469,4181577,2733902,1389662,1776815,3320313,368512,1329768,0,2378460,500840
329,000882,2018-01-04,0.0032573289902280145,0.006514657980456029,0.10314288411747607,8596.0,100648.1701314628,888,15321887,17193720,964194,851776,2570343,3484441,2159951,2361148,2561455,3019780,2111419,2023610,2014087,1725742,0,400953,2940438,3326270
330,000883,2018-01-04,0.006342494714587588,0.006342494714587588,0.1224473436579444,5723.0,95615.04452618131,1496,19085289,27160507,1286793,2023995,3181911,4997323,2836717,3385342,2830496,2981324,2866722,3368183,643949,2069488,1777701,1834478,3661000,6500374
331,000885,2018-01-04,0.043890865954923086,0.07710557532621598,0.31076331174112776,58615.0,285285.6784317476,2947,186012902,239462302,1049535,753270,12609752,11023758,18850631,19358742,32874310,32354390,21625088,25076244,19008782,19216511,18353338,18766869,61641466,112912518
332,000886,2018-01-04,-0.009497964721845387,-0.012211668928086783,0.2677939351112842,11744.0,85473.84631495325,757,23046682,9087634,583678,672336,3340448,2405828,3429267,1545325,4148925,1490310,5061338,1946154,2472124,1027681,1711060,0,2299842,0
333,000887,2018-01-04,-0.014407684098185713,-0.012806830309498363,0.4587945867062282,18510.0,125986.94234000809,1669,47580750,36448400,1572023,876194,9143922,7313425,7860113,5548332,7917635,7643941,4941032,3531954,2019574,2949622,3583898,875298,10542553,7709634
334,000888,2018-01-04,-0.008888888888888835,-0.009777777777777774,0.26225492959647395,12254.0,50714.19053646304,1842,30635357,13369066,1567651,703874,14282394,5016174,4201767,1916828,4722924,2622537,3301860,2203483,1032369,339750,449600,0,1076792,566420
335,000889,2018-01-04,0.002965159377316562,-0.001482579688658281,0.6523252946721068,26800.0,95618.71015719499,427,5522262,18220793,277429,247934,1149470,2321832,1009494,3974309,1780633,3436779,625528,3464280,0,338750,0,2424600,679708,2012309
336,000890,2018-01-04,0.0014727540500736325,-0.0014727540500736325,0.3342322974725327,6760.0,49323.0452275663,412,4245608,4128118,435566,231861,1554641,1259302,1282395,704535,354051,634630,618955,554461,0,0,0,0,0,743329
337,000892,2018-01-04,-0.01278772378516635,-0.007672634271099765,0.360057053361845,5432.0,67979.96659210252,471,6657064,3347866,773499,401992,1050105,1254754,955198,672351,1178776,746673,504998,272096,0,0,0,0,2194488,0
338,000893,2018-01-04,-0.045064377682403456,-0.02896995708154504,0.3065553285571205,14640.0,80453.2379232584,925,25044039,14211032,620740,982068,3951989,3532070,3407801,2687486,8289903,3367780,4874675,1692062,688558,340922,0,436645,3210373,1171999
339,000895,2018-01-04,0.02551950419249005,0.017499088589135958,0.4900711580724513,38549.0,257037.95486700963,3136,123877070,152793061,1323453,727726,18244822,19727435,20725822,20701535,26085690,25051773,12444215,14495576,8220058,8579579,7914056,6702182,28918954,56807255
340,000897,2018-01-04,-0.019444444444444486,-0.01666666666666672,0.09522051128004039,6802.0,79219.78147060165,1435,24744840,11629207,1915465,1036702,6005885,3143969,3641054,2335985,4629906,2134587,1752364,1163211,698004,1291313,915842,0,5186320,523440
341,000898,2018-01-04,0.00920245398773023,0.010736196319018454,0.13554065459015538,18284.0,211909.72179359288,2319,95932176,99086998,2608451,1047495,11827511,6850584,11651556,7940492,13133696,13596527,7479748,7760671,5858826,8044840,5705813,7138858,37666575,46707531
342,000899,2018-01-04,0.006745362563237878,0.001686340640809636,0.24888524454733904,13024.0,92308.32580829809,567,13058528,11437089,436956,423846,1775390,2793307,1783740,1929721,3328215,2442544,2119692,1012800,719280,1069881,416500,0,2478755,1764990
343,000901,2018-01-04,-0.005437055625261311,-0.0058552906733584376,0.5853785813325031,26460.5,99874.14523769604,1668,52452256,45578651,1001419,1075034,9930253,8053604,10745974,9125417,12639984,11363014,6661767,4452779,4874732,1732094,1282292,2670762,5315835,7105947
344,000902,2018-01-04,0.0028818443804032867,-0.0009606147934677622,0.3064656149414366,8320.0,56146.35217313748,1155,15986157,15803990,1418086,878851,3817089,3936300,2947366,4180277,3281849,3272171,1890266,1378176,616125,1297120,1394976,861095,620400,0
345,000903,2018-01-04,0.0028328611898018607,0.0,0.13923430180753818,8072.0,62816.267617193174,643,9958688,7894150,603818,580792,3035206,2055472,1622838,1523310,2191718,1688493,675368,745759,0,353000,413478,417824,1416262,529500
346,000905,2018-01-04,0.007359705611775569,-0.004599816007359592,0.3794364061574324,10830.0,47466.916728018434,820,12510345,11305946,651045,803207,4011286,3669158,2105344,1830203,3101467,3541121,1831285,1083207,364004,379050,445914,0,0,0
347,000906,2018-01-04,0.010652463382157196,0.017310252996005415,0.29833341437389754,12112.0,58178.361258751334,633,7976197,12889135,630003,547790,2392122,3166143,2485157,2561121,1409561,2169203,736769,1689442,322585,1797494,0,957942,0,0
348,000908,2018-01-04,-0.0031847133757962887,-0.006369426751592355,0.25188020358434016,8778.0,42787.403257691745,621,7980031,6976814,326879,875302,1766752,2840367,1393871,1824283,2863344,1221175,872959,215687,756226,0,0,0,0,0
349,000909,2018-01-04,-0.006422018348623881,0.0009174311926605228,0.42223802960811224,10830.0,87633.82997540255,666,14166956,9308273,492160,718556,1830849,3494770,1184213,2098229,1956788,1504902,2006468,1112766,1334908,379050,479520,0,4882050,0
350,000910,2018-01-04,0.04865771812080544,0.057046979865771785,0.5421086277832593,24800.0,172697.01708133222,1935,62964280,102412456,1536512,915807,10114171,7161557,7903508,9031138,14222425,15045230,9705476,13521183,3425717,6511898,3572248,9088468,12484223,41137175
351,000911,2018-01-04,0.006349206349206327,0.010582010582010692,0.24924586871140658,14445.0,70963.07921247497,1439,28965360,24710210,1394128,1474426,6919721,5981054,4925107,5280521,7712323,5929385,1369112,3300368,1984030,1848493,2237723,895963,2423216,0
352,000912,2018-01-04,0.012924071082390798,0.008077544426494221,0.13127853384958776,12643.5,274525.0242211161,2230,60902923,53813632,2079102,1751643,9296328,9222449,8711434,8251993,7753042,10564376,4221428,4601079,2983598,4137510,3919370,1758380,21938621,13526202
353,000913,2018-01-04,0.011011011011010874,0.0045045045045044585,0.7980581881758511,20080.0,100191.92011628994,626,20251192,8592377,407436,274621,4707299,2108846,3354251,995951,4725111,708179,2427517,1217791,0,1739135,0,0,4629578,1547854
354,000915,2018-01-04,0.016097875080489432,0.005151320025756689,0.8235565581331545,15550.0,132304.7247056675,1422,36770909,24270404,1638245,1139999,7844924,4373461,5521302,3358256,5234220,4115273,3258661,1161413,1695444,1348186,883668,871170,10694445,7902646
355,000917,2018-01-04,0.0022123893805310324,0.004424778761062065,0.22632420390300434,15444.5,127444.25425176712,1596,40897609,47939486,1250130,1802483,6522861,6532169,7522115,6375995,6696604,8422003,4675559,5713879,3849561,2456785,1808516,5182193,8572263,11453979
356,000918,2018-01-04,0.0014265335235377208,0.0014265335235377208,0.2717038805386425,7689.0,133825.8984473791,665,17692348,11086176,836647,700530,3346431,1445513,2490042,1036793,2741516,1334528,951771,741276,708332,0,860913,0,5756696,5827536
357,000919,2018-01-04,0.005592841163311046,0.003355704697986628,0.40066997925443204,17960.0,51910.8365357008,497,10207014,7699106,414695,411281,3023241,1969743,3606118,1676757,2240269,1746137,922691,731570,0,748802,0,414816,0,0
358,000920,2018-01-04,0.0,-0.006000000000000005,0.40936852284470865,9990.0,63930.121294924415,596,12163068,7705763,606146,639229,2698497,2135071,2310218,2348793,1803538,1714538,2060375,527814,1064936,340318,450450,0,1168908,0
359,000921,2018-01-04,0.03076923076923066,0.020979020979020824,0.2942373999758141,27806.5,187152.15093882638,2364,47187871,91125708,1107167,1236439,9380594,17854936,9950437,22040751,12065412,15744329,4470199,5712635,2120454,4640589,1805693,1797370,6287915,22098659
360,000922,2018-01-04,0.008313539192399189,0.0071258907363420665,0.38843371699304574,10152.0,41622.365802076834,469,6637096,5083461,576094,425941,2175128,1674498,1828594,1188738,1364906,810042,692374,277860,0,706382,0,0,0,0
361,000923,2018-01-04,-0.014475743348982717,-0.017214397496087552,0.4815182976087676,45198.0,450758.5025673135,2820,176966833,192018378,821934,1089308,11511106,13929133,15583762,16630717,29049200,25984426,24839640,18932941,15083059,12556945,10893103,6993248,69185029,95901660
362,000925,2018-01-04,0.0038071065989848663,0.0019035532994924331,0.5723044842317766,15830.0,74030.64400380566,758,17296032,12125919,565931,764634,3004440,3700229,4633449,3289404,5049621,2902705,434270,487362,0,341280,0,0,3608321,640305
363,000927,2018-01-04,0.004395604395604602,0.004395604395604602,0.1417070030142938,9080.0,78146.85254047155,1032,19098216,17150833,1124904,953260,3753130,3106459,3115909,3141732,4502608,2661746,1908345,1647782,1685576,1305458,1804945,1803463,1202799,2530933
364,000928,2018-01-04,-0.004484304932735439,-0.002989536621823663,0.1712937885363136,15318.0,111220.49956976727,1527,49457032,31108986,1338329,1047036,8719075,4673790,7234203,5954404,9724988,4855382,4982373,2630917,4819911,2719132,3204876,1753071,9433277,7475254
365,000929,2018-01-04,0.011854360711261558,0.008467400508044065,0.7382194608098184,10665.0,46108.006466595674,255,2492985,3474456,257241,230765,1307340,956404,394178,447465,534226,653035,0,764387,0,0,0,422400,0,0
366,000931,2018-01-04,-0.009957325746799417,-0.007112375533428139,0.23187410146987772,11184.0,78621.7672757575,919,16769922,14510085,961491,863450,4702200,3712273,2722590,2157266,2826719,1621829,654211,933017,2418514,1360598,922756,844936,1561441,3016716
367,000932,2018-01-04,0.05041031652989458,0.05041031652989458,0.15822353166002281,41280.0,594258.3745204548,2913,193263165,186830673,1850412,1459163,15826988,9575403,24448946,14651908,26414266,19133240,17189266,18110363,11200709,9466777,14148789,9354192,82183789,105079627
368,000933,2018-01-04,0.0404234841193456,0.015399422521655382,0.1751525821956849,129261.5,485847.50862129725,3526,447025167,441165405,465047,357386,9346943,9659609,23375744,20894142,55001985,55078363,53714064,46236588,46366997,48139637,32154546,28021413,226599841,232778267
369,000935,2018-01-04,0.04013761467889898,0.06594036697247696,0.3238425893551372,44312.5,188319.24680520064,2902,132437855,175582989,1143693,1277240,12824055,13186755,16286405,17615205,28361823,32526311,16844894,24614681,11311112,17171807,9419299,16901230,36246574,52289760
370,000936,2018-01-04,0.007374631268436627,0.007374631268436627,0.1890130045896432,15092.0,80348.86321554641,1287,27628969,29340061,1152917,955775,6719522,4647109,6126119,5279915,5569191,7398670,3122446,2909562,1677683,2484411,826361,2633421,2434730,3031198
371,000937,2018-01-04,0.02276422764227637,0.019512195121951015,0.12073730685175896,28999.0,299700.54379147995,2604,114146699,148583642,1978794,1283704,12153818,8211431,12958699,12709440,18519713,25087790,11764577,14025460,14829156,26328651,7888240,5607554,34053702,55329612
372,000938,2018-01-04,-0.007172413793103405,-0.00262068965517237,1.389595180700279,58440.0,199711.61034143262,2723,178389198,162550301,887055,980338,11676121,9751932,19818771,18059433,32607240,27938729,24775397,24488471,17844943,22542474,10960381,9877823,59819290,48911101
373,000948,2018-01-04,0.000954198473282375,0.000954198473282375,0.5247790090920432,10480.0,40261.51913584683,398,4860465,3758203,277938,391818,1766472,1617193,845882,509570,1273878,955110,209400,284512,0,0,486895,0,0,0
374,000949,2018-01-04,0.0,0.0,0.1662625619370417,9060.0,52652.70836992888,739,11206671,8225026,715418,683017,3178960,3554514,1737559,1193500,2491025,1431202,1952210,738416,0,624377,451999,0,679500,0
375,000951,2018-01-04,-0.008542141230068245,-0.009111617312072884,0.3961395308127956,22594.0,139773.8688431481,1967,82908277,44982665,1557491,1182684,9967525,7365424,13555562,9434001,13447663,11708316,10006156,4155841,8448744,2767387,3516809,443156,22408327,7925856
376,000952,2018-01-04,0.004794520547945158,0.008219178082191858,0.5580527164850909,14780.0,84977.74608459021,684,12529226,15779943,391529,630768,3822540,2847107,2259339,1653397,1561035,3711303,1230489,1849891,1329414,352047,1379220,2180375,555660,2555055
377,000953,2018-01-04,-0.003667481662591565,0.0012224938875304847,0.3102516676884303,9009.0,60150.91115307403,695,12617359,6920943,803045,748411,3543046,2087192,2923875,1107274,2439836,580279,739642,701686,1001783,682403,408182,434358,757950,579340
378,000955,2018-01-04,0.010401188707280795,0.004457652303120341,0.3240068641171115,6800.0,75805.59745608363,431,5443089,7767771,164903,554143,1772359,1359678,2200551,1111368,969776,728792,0,1264376,335500,0,0,0,0,2749414
379,000957,2018-01-04,0.0,0.0008771929824560321,0.24321188732764643,20394.0,108590.1133536242,2199,65047127,44885355,1368039,1198206,12742615,10465430,12396369,8310807,14766690,9394111,7474606,5270500,3018161,2895411,907381,2671370,12373266,4679520
380,000958,2018-01-04,-0.051724137931034475,-0.048275862068965614,0.11146230042420498,27700.0,389523.34858849744,2717,132425475,141430623,979285,2308874,9596414,12855004,12072971,14744043,20284990,22428117,15516208,15861201,12250472,7675573,5005997,12408720,56719138,53149091
381,000959,2018-01-04,-0.01273885350318471,-0.006369426751592355,0.1295188682172849,7416.0,154956.86089654933,2367,41300656,35990449,1806416,2478712,6933781,9610029,6213122,7260583,7409215,4905857,1090278,1973740,2334804,1464328,0,1350754,15513040,6946446
382,000960,2018-01-04,0.01909854851031323,0.009931245225363039,0.28978423032038453,27741.0,167039.56943978122,2041,75147156,80919040,1324766,1230426,8225279,12466798,9255837,9220002,12709775,11551439,10503352,10182513,8630659,9135309,4499908,4101112,19997580,23031441
383,000961,2018-01-04,0.03333333333333344,0.037878787878787845,0.12352201697683061,40040.5,388051.5570987049,2862,154745177,276474928,1776929,1239919,13012131,9716572,19305865,16271791,22572839,24315652,16249748,19283735,12843819,16041805,12652188,12261507,56331658,177343947
384,000962,2018-01-04,-0.0011587485515645035,-0.009269988412514474,0.2991012909258278,11128.0,70417.23156555288,832,15529875,11462672,828677,1019638,3738376,3508360,2829406,2231591,3000475,1691486,2385731,1513675,617460,307439,458280,410773,1671470,779710
385,000963,2018-01-04,-0.0037201062887510794,0.0038972542072630567,1.0819490657851893,39882.5,200397.07913998855,2724,134630530,131997864,1016546,658256,11332112,13837663,14401230,21648751,18743039,30120432,16521463,12978165,10791833,10632077,7271626,7962974,54552681,34159546
386,000965,2018-01-04,-0.006722689075630228,-0.006722689075630228,0.15397028059323184,13002.0,78292.53980116114,1495,35956115,21301575,1463526,966815,7513752,5604931,6489789,4303761,8156798,4774788,2567811,3186261,5256859,1372186,912217,461538,3595363,631295
387,000966,2018-01-04,0.0025316455696202667,0.0025316455696202667,0.1612361828705538,7900.0,65504.756251783394,600,6375927,9980665,408386,1029496,2174760,2414251,1337866,1761509,969789,1355438,451530,1123029,396000,397000,0,0,637596,1899942
388,000967,2018-01-04,-0.005291005291005124,-0.0010582010582009804,0.2645753706746381,12291.0,87322.33530858808,1276,28795874,18706950,1467681,1267895,6336292,4563555,6382610,3947173,4961382,3281505,1332228,1858801,1816656,2357623,484500,1430398,6014525,0
389,000968,2018-01-04,-0.02314540059347181,-0.037388724035608445,0.3725859399521054,22939.0,151469.52980985487,2048,88682008,46495307,1497275,1443119,12182178,9370025,10255766,8730874,14166796,11128800,7252439,3687039,7432911,1909144,7086360,3046105,28808283,7180201
390,000969,2018-01-04,-0.0011061946902655162,-0.00774336283185828,0.2577033127057204,10692.0,107711.40550455768,1231,30436571,22108978,1388753,1287841,4815283,4381587,4888472,3260106,3664815,4972845,3310407,1657715,2514733,1388793,2308113,1775775,7545995,3384316
391,000970,2018-01-04,0.011180992313067684,-0.004891684136967167,0.2802886930956823,32614.0,220301.43459662286,2608,130945225,92680817,1590263,1108836,16558253,10223280,16735268,12537496,26145175,17315414,15529744,14307144,10903083,9381203,6611646,5027478,36871793,22779966
392,000973,2018-01-04,-0.006430868167202619,-0.006430868167202619,0.19543329673919368,8666.0,65208.56438887901,1013,18218663,10744255,1286716,723798,4156877,3358808,3481737,1412760,3497765,2551741,1979756,960975,946627,612306,1349445,0,1519740,1123867
393,000975,2018-01-04,0.01091703056768556,0.008005822416302655,0.40777865356266957,19306.0,139637.97056511967,1135,33104013,34165864,989342,848133,5944399,5117560,6089457,3937994,5494478,4738156,2270918,4126443,1786998,2328086,1743346,3437517,8785075,9631975
394,000976,2018-01-04,0.0,0.001179245283018826,0.26632982008373696,12705.0,58668.444261514065,1014,17377884,12487417,2042055,448756,5159801,2730129,2952714,3775802,2725690,2689648,1317723,527000,1020948,1031276,922241,1284806,1236712,0
395,000977,2018-01-04,-0.012388503468780954,-0.004459861248761188,0.3753551490285654,60449.0,223394.96544679202,2891,197980246,179755648,725937,748188,12584814,10729452,17867954,17699831,35169965,33361410,30716320,30792300,18709314,17347268,20621366,11155738,61584576,57921461
396,000978,2018-01-04,-0.004750593824227933,-0.004750593824227933,0.3199370414338934,5034.0,43421.84158589354,692,8122863,4899018,947398,537857,2610779,1805876,1218516,1216466,1642650,288955,700320,733561,0,316303,418000,0,585200,0
397,000980,2018-01-04,-0.004145936981757914,-0.004145936981757914,0.2556033312736675,16828.0,123573.77078944049,2227,56804727,37864003,2107263,1626791,10852224,10857514,9959640,9007037,10297910,9298219,6273842,3915500,4256754,639710,2651835,861486,10405259,1657746
398,000981,2018-01-04,0.004571428571428449,0.0011428571428571122,0.36533347382573084,7008.0,47331.6008740988,573,6756758,4117112,924211,539506,1242743,1904579,1072342,919250,1278510,753777,1098542,0,0,0,0,0,1140410,0
399,000982,2018-01-04,0.0,0.0,0.12642089027821227,36405.0,527301.2143746685,1028,69308382,60655049,785396,355629,3626821,3598199,3134904,8070958,6066267,12816217,6383486,8228418,2771217,7382835,3550770,4763993,42989521,15438800
