,code,date,pchange_whole,pchange,change_std,amount_median,amount_std,length,sumsell,sumbuy,sell_vol_0,buy_vol_0,sell_vol_1,buy_vol_1,sell_vol_2,buy_vol_2,sell_vol_3,buy_vol_3,sell_vol_4,buy_vol_4,sell_vol_5,buy_vol_5,sell_vol_6,buy_vol_6,sell_vol_7,buy_vol_7
0,000001,2018-03-08,0.004979253112033177,0.0016597510373443924,0.21215319273475694,66949.5,464207.5281295671,3230,354024275,301695936,1196519,782067,14757719,10502063,18437389,15786411,38907847,35092818,34330679,27422031,24905202,19485301,20484234,17815520,201004686,174809725
1,000002,2018-03-08,0.007185628742514938,0.00359281437125758,0.5646906505726055,113526.0,395026.66582314845,3499,316075556,409985352,572978,335567,9811355,11480793,22986661,26723095,53832500,67375001,41456246,55019247,31042909,40419742,25881658,23530485,130491249,185101422
2,000004,2018-03-08,0.008645533141210304,0.005283381364072914,1.1885017142201242,10497.5,42033.84796108045,306,2348140,4023457,294592,230315,1215614,1927162,621738,885297,0,352183,216196,0,0,0,0,0,0,628500
3,000005,2018-03-08,-0.014184397163120699,-0.021276595744680993,0.1060830861908602,10738.0,176999.71937055656,1602,50820929,36797211,969952,1909543,3990730,8419495,3689834,5984147,6071171,5148308,5517059,2684475,3190874,954308,3929641,869478,23461668,10827457
4,000006,2018-03-08,0.0,0.0,0.2517894840214494,6208.0,290994.18245592975,1240,0,42340071,0,3258265,0,7747714,0,3708513,0,3319134,0,1545147,0,675006,0,1791736,0,20294556
5,000008,2018-03-08,-0.002670226969292422,-0.002670226969292422,0.25974334945146993,6750.0,97484.15072239346,831,14652799,12283543,515120,1567048,2204722,2584284,1449817,1514132,2489040,1196074,1737506,1063217,701140,0,908220,2557026,4647234,1801762
6,000009,2018-03-08,0.009868421052631415,0.0032894736842103978,0.15974276289480271,9172.5,79299.9818310652,1450,23529909,26042838,1822011,860574,5753426,4438065,4557855,5692424,4742493,4241562,975115,2064584,1292528,3727436,1283627,1299355,3102854,3718838
7,000010,2018-03-08,0.0021505376344086446,0.0021505376344086446,0.1714107667648147,7939.0,44880.52157990007,736,8947198,6952294,766776,690906,3114309,2468170,1320011,1859010,1494274,672689,977222,921543,351712,339976,922894,0,0,0
8,000011,2018-03-08,0.0048280024140010536,-0.0024140012070005268,0.3798440444503985,18469.0,102345.00173158347,1907,55169141,33474055,1282188,1334127,10891379,8320902,9865550,7856810,9619779,8155615,5172522,3166120,8292489,719592,4519609,497536,5525625,3423353
9,000012,2018-03-08,0.018656716417910557,0.01990049751243772,0.21146479080768882,16160.0,179983.40286130726,1446,41267496,61219311,1172371,1411108,6006199,5998214,4655093,5320978,8014457,11231446,3213837,4803962,2710743,5150910,2705815,6209955,12788981,21092738
10,000014,2018-03-08,-0.006956521739130417,-0.013913043478260834,0.2933938468784509,13668.0,89877.85177179538,1539,38949437,21590660,1455322,982799,8745024,6075929,5203827,4230760,7126531,4911880,3416268,2201360,4109904,977010,874063,841470,8018498,1369452
11,000016,2018-03-08,0.01754385964912286,0.012759170653907415,0.1617985881574346,14639.5,118060.78627286568,1504,45872852,41627098,1702649,791687,6704297,4417230,6211621,4792855,8775514,8741671,3106976,7263302,4098453,5734276,5377488,2743785,9895854,7142292
12,000017,2018-03-08,0.06333333333333324,0.06499999999999995,0.12991988030575044,15725.0,117239.58813925291,2154,48542634,69962245,1226733,2115941,6841041,10270771,7615209,8627816,10143118,14893960,8120060,6624765,5140802,10826734,897222,4424016,8558449,12178242
13,000018,2018-03-08,0.026086956521739202,0.013913043478260834,0.16022078341289922,6424.0,75497.41016270717,1289,19820204,20865589,1050732,959545,3860883,4502585,2730688,3556141,3917560,3624680,2257559,3301034,4245002,379600,1757780,2718364,0,1823640
14,000020,2018-03-08,0.014450867052023142,0.014450867052023142,0.7934628617770277,17550.0,837792.144695689,475,75137890,29287730,851209,3508,2751810,49140,2564316,140674,3565661,637430,1915574,1271432,2419424,2998033,2595727,2638622,58474169,21548891
15,000021,2018-03-08,0.01255707762557079,0.010273972602739656,0.1831549062021279,22075.0,147920.35706840793,2290,69621190,80251993,1522457,2088920,10096009,11357616,12615201,11995891,11732994,13472489,9681415,10327217,6639705,5597571,3569542,4051151,13763867,21361138
16,000023,2018-03-08,-0.02512315270935972,-0.02216748768472898,0.501980181784065,17928.0,90727.13824841105,1643,41243241,33460360,1552055,976418,8630739,5715654,7809452,7487231,8940913,7427878,5652113,4080731,4933086,1994711,0,1322254,3724883,4455483
17,000025,2018-03-08,-0.04025974025974022,-0.03246753246753242,0.8027711768602334,85405.0,733195.5009577909,3336,362837254,342692902,801441,1081987,10372225,13087189,18765425,23478803,35156631,40387489,33787947,40250550,25202917,29103032,23622159,23767152,215128509,171536700
18,000026,2018-03-08,0.014478764478764505,0.004826254826254983,0.3956945264211402,8312.0,46405.81966256827,685,9496042,5846160,884419,515196,2357855,2493488,1661891,1446394,1733390,1106182,1239989,284900,626228,0,421021,0,571249,0
19,000027,2018-03-08,-0.014802631578947345,-0.009868421052631637,0.1358211561216259,12080.0,237023.7604893738,2008,45761043,61628028,998725,2772331,7240137,9089555,5684802,8667954,5468234,10851400,4119680,5084884,3660826,3681572,1369230,1731815,17219409,19748517
20,000028,2018-03-08,0.001546391752577314,-0.0006872852233678062,2.545916853779016,11590.0,113056.56077029648,522,10215440,10313681,625205,405317,1677870,2295818,1877498,1719216,1191187,1674387,966742,1288288,0,697655,0,0,3876938,2233000
21,000030,2018-03-08,0.0066225165562914245,0.0013245033112583293,0.25878464812375807,6858.0,39893.05862604115,851,8536002,6187883,1174923,1188839,2404297,2683567,1353910,1096585,1533068,621325,439487,255446,1100417,342121,0,0,529900,0
22,000032,2018-03-08,-0.009771986970684265,-0.016286644951140072,0.24390220296931805,10860.0,53506.51776269079,1429,24857132,15473291,1401857,1364313,7082223,5366763,4721984,3116526,5544932,3172057,2477223,556346,1723921,999562,1313492,897724,591500,0
23,000036,2018-03-08,0.0,-0.0032644178454841466,0.2514449208255583,10098.0,143191.4794919304,1336,41080886,20450170,1188599,1301328,5024406,5132867,5638081,4109916,5394732,5664819,2339220,2296280,2090835,683561,2589338,1261399,16815675,0
24,000037,2018-03-08,0.055710306406685284,0.055710306406685284,0.3210155360726331,11370.0,405971.49389776384,500,27629189,28138128,685022,19078,1849909,576645,1799131,1572252,1660796,3346287,1584774,3428825,2213351,2118929,2175442,2672186,15660764,14403926
25,000040,2018-03-08,0.011290322580645107,0.0024193548387096975,0.43738215147149184,6175.0,32875.790841170136,804,4696828,8674795,789174,690743,1505749,3143504,642419,2346484,1070683,1950345,688803,219296,0,324423,0,0,0,0
26,000042,2018-03-08,-0.004467134652201721,-0.004467134652201721,0.9019692280933314,6248.0,37602.96594612874,301,3782554,1178500,639588,155086,1305760,732204,273121,158610,614640,132600,255258,0,694187,0,0,0,0,0
27,000043,2018-03-08,-0.00221483942414169,0.0,0.4157845705001,9050.0,113527.6890516014,471,9835753,8676003,396100,537937,1321937,2046335,1093789,1324158,2472178,995393,1245763,272400,723303,634725,903500,454608,1679183,2410447
28,000045,2018-03-08,0.0,-0.009122006841505104,0.19699643864274968,16587.0,77288.84307856704,1987,46539074,30782029,1835187,1628635,10658263,7624003,10584331,6238417,9808010,6960378,4351447,2652803,2730490,1707245,2217948,911583,4353398,3058965
29,000048,2018-03-08,0.010984540276647747,0.01830756712774617,0.9756250444799246,15072.0,50697.40568414459,635,10880596,7870983,552809,497992,3989462,2568559,3244098,1232184,1676902,1693603,985695,488960,0,358800,431630,0,0,1030885
30,000049,2018-03-08,0.0036516853932582194,-0.0025280898876405278,1.0193938419335293,17785.0,84202.43800037053,1219,29937050,19538577,735962,1066933,6697986,5499037,5465929,4084835,5551512,4860639,3168970,1612085,1423965,1344234,1245886,0,5646840,1070814
31,000050,2018-03-08,-0.017162471395881007,-0.021739130434782594,0.3281910721444905,43324.0,148522.49039037136,2840,134414708,104611812,1076192,1026900,13648480,13241958,26390041,15615779,35815693,22656021,15856514,10882889,12485262,12169926,9764014,5689663,19378512,23328676
32,000055,2018-03-08,0.012269938650306678,0.0024539877300613355,0.1848543209021255,17996.0,104299.03872504212,1946,46632173,45791078,1874361,1350942,10110454,9441514,9074451,8023212,9384432,9473139,4560908,4644654,3328697,2104757,3907131,2287108,4391739,8465752
33,000058,2018-03-08,0.006006006006006093,-0.0015015015015015232,0.2187830296537232,10065.0,42613.36920359326,927,13217077,9056219,836657,972792,4156522,3760119,3405495,1830220,2458690,1464510,1418913,696578,0,332000,940800,0,0,0
34,000059,2018-03-08,0.006329113924050445,-0.001054852320675037,0.2599344491570061,10455.5,137049.9863472965,1330,44734544,30627333,2586774,946253,3933914,4885793,5277970,4828257,7255157,6050843,5151308,4924086,3529484,2444643,6009300,1438569,10990637,5108889
35,000060,2018-03-08,0.008088978766430666,0.00707785642062686,0.20782594824202205,20979.0,188075.0033862573,2266,89023303,94023009,1473348,2609815,8931524,10364784,10552003,9848371,13599703,14008560,9836499,9742907,7105264,7974857,5402763,6408714,32122199,33065001
36,000061,2018-03-08,0.005847953216374213,-0.0014619883040934978,0.24613060441601936,10992.0,95772.12207027074,773,16507149,11668516,733860,561771,3843417,2071650,2400834,2532330,3258764,2981747,1412550,1194519,1357408,628888,418460,432003,3081856,1265608
37,000063,2018-03-08,0.00030609121518199167,-0.008876645240281533,0.5497318796624101,136752.0,563023.5711173791,3532,531908965,476154214,619701,362400,9486598,9109082,21762982,22379377,48596707,55235089,48274179,51675916,42712054,42352380,45054037,37739522,315402707,257300448
38,000065,2018-03-08,0.03725490196078418,0.018954248366013005,0.4235177046652388,9336.0,58427.57370853744,1305,13441422,18638204,1187873,1405075,3223116,6351736,2375215,2576878,2499861,3062185,1629843,1624185,0,1037872,1775168,880121,750346,1700152
39,000066,2018-03-08,-0.008510638297872242,-0.0099290780141843,0.14493857693536916,12663.0,123282.88456401625,2370,76351896,43085713,1829642,1214932,12490518,6887438,9229972,7884835,12137805,8798247,7771331,5488312,4327196,3867061,5934570,2269117,22630862,6675771
40,000068,2018-03-08,0.004347826086956719,-0.0021739130434782483,0.15705118994299203,4600.0,54282.21846259866,861,8188845,4730429,397186,611447,3608855,1355061,864736,1026318,1742498,257817,741107,231462,312800,0,0,0,521663,1248324
41,000069,2018-03-08,0.024822695035460862,0.027186761229314182,0.14976958538477841,26040.0,290551.7682878879,3197,128156432,195924896,2282339,1785950,14234754,11249413,12930245,16988458,18146037,34026319,14945143,24168649,9666819,10807833,9374869,14103086,46576226,82795188
42,000070,2018-03-08,-0.006521739130434634,-0.011956521739130421,0.2978044884650777,9155.0,62013.764780850164,954,12542701,10359930,745559,1168855,3931107,4251516,1942245,2028253,2901634,1205413,991777,1039587,656379,0,0,0,1374000,666306
43,000078,2018-03-08,0.006722689075630228,0.005042016806722671,0.1160945931476832,11400.0,142068.09768206358,2638,61301600,57397374,2133048,3748733,11461334,9630527,7050608,8122817,11906392,9654959,7162089,6344513,4095974,4757558,1342386,4111853,16149769,11026414
44,000088,2018-03-08,-0.013580246913580174,-0.022222222222222143,0.23760206659481795,15029.0,118040.31140682759,1163,33909776,23218899,835574,1113784,4146323,5147305,5486155,4188870,7112324,4899776,5007805,3157083,775052,2063989,4014201,0,6532342,2648092
45,000089,2018-03-08,0.0023148148148146586,0.0,0.3701519373816715,7803.0,88667.57277602181,544,11755120,6238968,555590,636630,1925949,1795732,1484092,748263,3062051,1605207,724870,702320,1007725,0,488160,0,2506683,750816
46,000090,2018-03-08,0.0,-0.0009823182711198308,0.21921276666793055,8072.0,74730.37753969994,2162,27624361,28138001,1827359,4537039,5686384,6750039,4263890,3351286,4168435,4633323,3079172,1726558,1999138,1692666,434300,438170,6165683,5008920
47,000096,2018-03-08,0.0037341299477220424,0.0022404779686333587,0.6232030747356018,29436.0,50391.858463631186,461,4296715,14679800,263262,216657,1267933,3757515,1245807,4588850,492586,5636195,244426,480583,381601,0,401100,0,0,0
48,000099,2018-03-08,0.004860267314702238,0.002430133657351119,0.27817756772190216,2478.0,33551.597570860446,875,5262372,5844426,683723,1118170,1448583,1836449,1281901,1354756,1263552,743946,233192,254925,351421,0,0,0,0,536180
49,000100,2018-03-08,0.015957446808510634,0.005319148936170137,0.06771663468494551,26390.0,373178.4362172176,3112,163538001,222889027,1563613,2056396,12857087,15007336,11694683,14157872,21483985,22499440,11517860,15997285,15090637,13349745,7403101,9774249,81927035,130046704
50,000150,2018-03-08,-0.0007089684509039573,0.00496277915632759,2.0318657339998145,11320.0,25030.76862099494,192,1593415,1807099,116081,257983,543695,844624,792639,446428,141000,258064,0,0,0,0,0,0,0,0
51,000151,2018-03-08,0.01036757775683328,0.0009425070688029447,0.4162556295409436,10670.0,60796.904771008354,649,10224257,7842242,431647,554020,3105190,2462345,1046500,1690334,2990121,2174181,1258105,239502,353979,721860,0,0,1038715,0
52,000153,2018-03-08,-0.022556390977443663,-0.018796992481203034,0.2429013145520442,8010.0,116586.50743799962,1080,17513375,13670305,1843584,1013739,3936679,3360885,3463847,2217004,3424011,2204899,991336,234900,1099918,0,0,445220,2754000,4193658
53,000155,2018-03-08,-0.00583941605839422,-0.020437956204379493,0.14464151251936294,20370.0,151643.68709642979,2247,85846779,53503126,1631974,1572589,11578618,9907625,11220228,9241828,15342565,9761450,13004835,7552885,6882014,4534660,5031503,1637993,21155042,9294096
54,000157,2018-03-08,0.0046511627906977715,0.0023255813953488857,0.09892642000252325,4320.0,100676.71373213598,1895,32491279,22381032,1905970,1022518,8371856,4034047,5989891,3138250,4729760,2502048,4221324,771669,1754065,740456,923610,2664875,4594803,7507169
55,000158,2018-03-08,0.03221649484536093,0.023195876288659933,0.2166063310845948,12496.0,70856.80368379559,1284,11526807,27259403,764720,1117567,3052765,7328394,2937305,4688392,1818322,4069712,1296431,3467578,0,3832075,0,0,1657264,2755685
56,000159,2018-03-08,0.00659340659340657,0.00219780219780219,0.19001933857111078,5979.0,48318.686837093126,573,7072492,6148163,457027,501875,1743815,2353386,2206424,795106,906373,1180757,1003903,489339,342750,365700,412200,462000,0,0
57,000166,2018-03-08,0.008016032064128265,0.002004008016031955,0.14665975979463222,10000.0,106506.54433801289,1159,25882294,18270926,1121142,1038070,4622246,4224362,3271572,2355071,3847070,1440850,3186619,4517043,1084417,727241,1389876,0,7359352,3968289
58,000301,2018-03-08,-0.007633587786259555,-0.009160305343511421,0.1708019086099546,11781.0,94333.97811578232,1472,38414855,21288257,2839242,1012128,6373601,5765081,5039305,4334127,6425567,3953491,5043639,2166603,4375214,0,454300,1852961,7863987,2203866
59,000333,2018-03-08,0.04044311587831895,0.02197995428169519,0.9613773862664389,167721.5,843993.0692062263,3500,484815500,765470620,296996,197826,8267024,5740502,19571596,18778409,50807968,51224926,45965274,51835463,48788603,48538288,36054898,36386587,275063141,552768619
60,000338,2018-03-08,-0.001210653753026647,-0.004842615012106477,0.14496129221043758,21424.0,265309.01137272344,3255,138994911,102249681,2293334,2919132,14779687,16310235,12164347,15835386,21675220,17057079,12699748,8973050,7861651,7908782,8244467,7431834,59276457,25814183
61,000400,2018-03-08,0.005208333333333481,-0.0008680555555555802,0.2907445297737114,11530.0,60943.00698886828,1571,21948744,22189504,1819831,1056198,7501221,7855139,2941734,3766538,3109619,3588994,2069824,2773863,1435406,1769522,876372,0,2194737,1379250
62,000401,2018-03-08,0.06429070580013985,0.057302585604472434,0.24906798874666924,110638.0,531921.0736864767,3306,406617874,571090798,854048,569906,10251577,10390676,15957465,17346710,37322668,38762602,37931199,30051198,37572067,28222979,24510195,28748630,242218655,416998097
63,000402,2018-03-08,0.00481695568400764,0.0009633911368014392,0.24401731887159644,8312.0,67239.49774657965,1810,28046726,22823189,3312813,1494941,6444357,5521770,3603202,2912437,4896880,4127614,3953928,3602974,660066,3046410,1306664,1275225,3868816,841818
64,000403,2018-03-08,0.010427177934746013,0.00908173562058523,2.0815950478341736,15040.0,70641.9687924975,203,2854975,5463125,141763,168144,950302,830707,629754,1132642,846980,1438442,286176,598900,0,308485,0,449700,0,536105
65,000404,2018-03-08,0.07705779334500873,0.08581436077057791,0.1167765008613764,30222.0,381104.98511446774,2406,147708597,120351769,1396505,1564856,8793135,10281971,12576268,12618327,17542427,20015728,11074344,13452871,11588482,12115857,9285102,8719109,75452334,41583050
66,000407,2018-03-08,0.02348993288590595,0.025167785234899487,0.18164275895218507,12120.0,58306.2562453617,1077,9567903,18421704,739423,811396,3349471,6053987,1848638,3194321,1944733,4012180,535193,1734691,0,986559,0,0,1150445,1628570
67,000408,2018-03-08,0.010493827160493963,0.007407407407407529,0.5993077597988792,11434.0,97618.71794005134,730,12353086,13129589,628958,682691,3133081,3298711,2228355,2221710,1998380,1487732,1440072,1182846,335780,306628,868929,485688,1719531,3463583
68,000409,2018-03-08,0.0,-0.0017825311942960553,0.22382198231617445,5590.0,35855.5900282642,628,5886855,4728437,516664,447570,2022499,2079994,1678520,1037740,1123402,406331,545770,279664,0,0,0,477138,0,0
69,000410,2018-03-08,0.02227934875749793,0.036846615252784876,0.1993036263696406,83673.5,417681.6255147983,3438,310218093,321282873,728286,618869,12710324,12377828,24434384,24071942,50224168,39444495,33660766,39155109,31134973,32210568,22500862,27067515,134824330,146336547
70,000411,2018-03-08,0.00691244239631339,0.008294930875575979,1.2430115379665652,2200.0,68078.68802656877,304,2871792,2657302,475366,159753,625346,432832,185345,323668,397434,604840,270692,427582,0,708627,0,0,917609,0
71,000413,2018-03-08,0.00363196125907983,0.0,0.15561180206539732,24011.0,145049.868307675,2822,112756329,74866148,1833089,2138490,15246171,12962963,15612296,13012993,22618377,13395186,10580256,7360304,6445779,6672104,8992515,3460428,31427846,15863680
72,000416,2018-03-08,-0.0036101083032491488,-0.005415162454873723,0.24935095320494904,5520.0,36802.715876115435,493,5227254,4417770,275161,503913,1615667,1790460,1457467,839518,1346565,756416,532394,208875,0,318588,0,0,0,0
73,000417,2018-03-08,0.0078125,0.0026041666666667407,0.29572380811138865,1546.0,33619.83674961691,674,4287230,3780881,473165,714790,821751,1657821,403656,684751,1233402,473840,970256,249679,385000,0,0,0,0,0
74,000418,2018-03-08,0.019968395345496326,0.021835943111621736,1.8679695201406863,21360.0,70232.5020647095,1389,25941492,27601860,1648227,847407,7426884,9812551,5671481,5886484,3343994,5472368,2480789,1331513,2445375,2131765,920538,899244,2004204,1220528
75,000419,2018-03-08,-0.00536672629695889,-0.008944543828264706,0.3508346306389749,11060.0,60433.663396014585,253,4306725,3964583,308681,150458,931499,869323,825713,953654,1366039,447535,535251,779724,339542,346875,0,417014,0,0
76,000420,2018-03-08,0.020134228187919545,0.020134228187919545,0.09935241717201121,11548.5,131360.75032019307,902,21649193,26213603,646584,759394,2850796,3264568,3086730,3210035,5171334,5605556,2520301,930298,1265903,1379745,489720,1795523,5617825,9268484
77,000421,2018-03-08,0.01862197392923637,0.014897579143389184,0.20695616726047428,3264.0,34359.654831337015,673,4918745,6024869,667356,438442,1564376,1857643,1762950,1214412,630883,2065145,293180,0,0,0,0,449227,0,0
78,000422,2018-03-08,0.009009009009008917,0.006006006006006093,0.0985554797317271,6740.0,64870.02342991511,1146,15802227,14298700,1245949,750675,4200604,3612411,2359853,2985484,2052877,3446561,1479706,1241893,1626522,997626,1299416,0,1537300,1264050
79,000423,2018-03-08,0.01263507896924354,0.00781379883624278,1.0247512352250512,30190.0,194933.58476983994,3445,158854437,114412016,519272,108890,38023192,10708205,20751860,11443315,20572717,18323930,12383218,13139147,11084600,10730111,7798012,7530247,47721566,42428171
80,000425,2018-03-08,0.004618937644341736,-0.002309468822170868,0.07771947426633959,19507.5,168499.70914650592,3126,99606200,91512965,1981024,2296447,14418731,13415008,16412359,13607580,18037609,17722959,10306716,11605937,5323238,5448315,3519910,3570917,29606613,23845802
81,000426,2018-03-08,0.010406811731314969,0.007568590350047311,0.2167217040811562,11836.0,121793.34041669399,2382,59028892,73142314,1381315,2647133,7335969,7492200,10793189,10403002,10198701,12961038,8382296,11883105,3620327,5245572,4894788,4412268,12422307,18097996
82,000428,2018-03-08,0.013297872340425565,0.013297872340425565,0.2469209500741887,7580.0,73085.1456363085,231,3095221,3969680,203680,139285,1230324,652326,351730,1022085,175560,883357,0,242060,383927,626707,0,403860,750000,0
83,000429,2018-03-08,0.0012437810945276073,0.003731343283582156,0.24119803316875527,3228.0,45037.028678994786,1111,8993584,9092281,833195,1333293,2287223,3121820,1636642,1571607,759209,1841213,1186837,923710,322800,300638,1254642,0,713036,0
84,000430,2018-03-08,-0.0024721878862793423,-0.0049443757725585735,0.41041870513450684,1612.0,21947.641181151776,388,2408423,1608544,263078,343357,563678,1060904,789289,204283,792378,0,0,0,0,0,0,0,0,0
85,000488,2018-03-08,0.04437049362174128,0.029395452024403745,0.3306331133577102,46000.0,368308.8059624539,2975,192523486,256105878,1690985,862364,14984599,12159547,18940650,14479658,29369051,26057882,23065244,21841469,18261014,15753229,9010566,13011971,77201377,151939758
86,000498,2018-03-08,0.006201550387596955,0.0015503875968991832,0.2200725311527172,4536.0,63580.358977059164,859,8083495,7937010,818765,765541,2333902,2245515,1156757,1305065,862575,779413,227097,561931,2112689,1017240,0,0,571710,1262305
87,000501,2018-03-08,0.003073140749846326,0.0018438844499077955,0.45014542657902773,6523.0,75239.2156546419,1306,15635058,17362393,763837,1907220,2834146,4743540,2867413,3157562,3370854,2010235,1036832,1785507,374900,655636,1774184,485000,2612892,2617693
88,000502,2018-03-08,-0.006644518272425071,-0.006644518272425071,0.40727305480167897,7208.0,24897.886676985814,491,4230491,3114695,734683,526452,2256661,1360832,722792,596624,300097,390432,216258,240355,0,0,0,0,0,0
89,000503,2018-03-08,0.0014634146341463428,0.0029268292682926855,0.825972683049021,44902.0,336486.5794363141,2466,193293909,180296130,973321,1994951,9870349,9471786,10836426,11565741,23094518,22084401,20701008,19353254,15255230,12906308,12853796,9743059,99709261,93176630
90,000504,2018-03-08,0.02899159663865536,0.01806722689075624,1.063575022459629,19340.0,54287.33343535691,500,7143993,11495666,353736,388561,2474133,2851296,1758297,2783084,1830367,2947733,727460,1711970,0,332636,0,480386,0,0
91,000505,2018-03-08,0.005952380952380931,0.008333333333333304,0.2545844526803962,12630.0,60538.59049607274,1089,20625431,14709529,931264,1146285,5068930,4949356,4562014,2985477,4492390,2696342,3293715,806221,1037254,706480,425195,865628,814669,553740
92,000507,2018-03-08,0.006217616580310947,-0.012435233160621895,0.19188352053441887,26027.5,231246.12484910415,2532,92658217,106693298,1753250,1956926,11577826,13107281,11980642,12395903,16415653,18235116,13321218,13585310,5882070,11095088,5797565,6764118,25929993,29553556
93,000510,2018-03-08,-0.005594405594405605,-0.009790209790209836,0.3292047115178453,8496.0,59288.81976691618,471,7592709,4566535,592139,550941,2310147,1248540,967984,605098,1129131,756788,1258075,674417,321417,730751,454664,0,559152,0
94,000513,2018-03-08,0.03119392684610056,0.02346445824706689,1.37207815367213,52219.0,268555.5678994487,2789,164015409,183638525,1214816,1355724,13361894,10421405,21170407,16098971,33754393,25318471,22529640,20203029,13768529,20791063,9717622,12094202,48498108,77355660
95,000514,2018-03-08,0.0014285714285713347,0.010000000000000009,0.14521373942395407,28638.5,244428.6985379096,2336,98915976,98296376,1266676,1769508,9106564,11338509,13322078,13292195,16254394,16085359,12599804,8045587,10108400,9427380,4907136,5805186,31350924,32532652
96,000517,2018-03-08,0.008888888888888946,0.011111111111111072,0.0855713205616539,18060.0,106718.45586896788,2782,69325466,69620444,2458671,1853074,13881501,11923946,12089869,12928848,17366956,15589348,7816307,7580453,2621630,4971392,2991115,3456895,10099417,11316488
97,000518,2018-03-08,0.06329113924050622,0.03164556962025311,0.14022908702322212,13303.5,165856.5734239673,2040,43789452,60506139,1240700,2480690,6173256,10216548,4549002,11550660,6583041,12756638,2597133,6194605,2739110,3405654,2813888,1813386,17093322,12087958
98,000519,2018-03-08,0.0012690355329949554,-0.006345177664974555,0.17937631570838816,15660.0,67030.04348896426,1932,40605078,26254765,1794961,1734265,11888043,8154317,7838232,5440641,7280610,5923309,3960244,1708516,3177005,2039660,937200,400113,3728783,853944
99,000520,2018-03-08,-0.0029325513196482023,-0.0058651026392961825,0.10658850902488125,8451.5,67362.40155672318,1026,17294790,10972020,1343041,614218,4556224,3427382,3559024,946358,2730347,1501188,1142103,1209189,678370,1033564,1356390,456258,1929291,1783863
100,000521,2018-03-08,0.027459954233409745,0.02517162471395884,0.16682921408500345,8920.0,59458.81648551226,686,7521670,10935535,656450,726736,2484259,3175465,1303365,2187820,1374712,1525691,1702884,971820,0,932083,0,442000,0,973920
101,000523,2018-03-08,-0.018543046357615833,-0.021192052980132492,0.25109386138343504,9607.0,79613.98428543138,905,19991703,10926256,893428,891919,3589437,2784407,3543628,2128428,3211254,2615921,2626027,854374,3724616,0,400140,0,2003173,1651207
102,000524,2018-03-08,0.0,0.002887391722810273,0.3891367057784774,5220.0,26362.18261247023,713,5717424,3607294,1165248,610659,2384906,1489735,858122,692774,1099270,399726,209878,0,0,0,0,414400,0,0
103,000525,2018-03-08,0.006509357200976451,0.0,0.5666860105807986,26768.0,144952.57430612601,1882,76813431,46759683,1460256,918413,8976125,8827990,10909362,7518153,18656335,13626032,9281421,6553563,6099795,3775599,4082796,1354128,17347341,4185805
104,000526,2018-03-08,0.0028797696184303945,0.0014398848092151972,2.5797694186318534,13885.0,40684.602851473865,115,1798640,1156330,91927,86326,397978,403876,661335,365132,374960,300996,272440,0,0,0,0,0,0,0
105,000528,2018-03-08,0.006036217303823088,-0.002012072434607548,0.18548454659395908,26595.0,146500.85945746425,2877,89695971,93172137,1326584,3505918,12053543,15903729,14060774,18496113,18625931,21025679,10238440,12176950,8875511,5032477,2608704,5756817,21906484,11274454
106,000529,2018-03-08,0.004702194357366851,0.0,0.2785757117725049,5152.0,50743.27022035796,524,6665704,3673345,548132,373627,1756804,1026327,1550267,789086,1118695,894136,521196,236802,0,353367,0,0,1170610,0
107,000530,2018-03-08,0.026530612244897833,0.014285714285714235,0.18309261911289954,7912.0,62906.342176489925,716,9085918,12070713,1055195,564943,2957536,2399372,1894873,1688031,1572624,2490890,546600,1942323,630676,1304464,428414,966060,0,714630
108,000531,2018-03-08,0.018181818181818077,0.01958041958041945,0.31544240186608496,10220.0,45920.842606318016,513,7057719,7021998,556249,468027,2011511,2076447,1422834,2255384,777840,1700433,1916766,521707,372519,0,0,0,0,0
109,000532,2018-03-08,0.00586510263929596,-0.00488758553274693,0.453972161655914,10310.0,40781.52951918173,507,8106034,4800385,410647,361832,3073769,1737513,1745361,673264,1992922,1001767,883335,680229,0,345780,0,0,0,0
110,000536,2018-03-08,0.011990407673860837,0.0023980815347721673,0.1385303872623712,5434.0,59815.95163204837,907,12128646,8716940,1339571,540530,3665585,2038367,1736619,1556964,2195378,1890611,1300981,429285,0,318021,1340006,0,550506,1943162
111,000537,2018-03-08,-0.015957446808510745,-0.006079027355623157,0.33411253786548306,19770.0,111133.62666104345,1553,49197436,37115978,768340,1318972,6094341,7326479,7176120,5491440,10830719,9117330,8044578,5103708,3895026,2341756,3094021,2625382,9294291,3790911
112,000538,2018-03-08,0.025484820793989282,0.015534572037770422,2.0634097441275845,40064.0,315056.3521132076,2280,119472719,154261050,553076,605618,14357428,9362401,14313650,10538851,17612585,16104376,12210961,11434379,9818274,8872211,5456713,7279952,45150032,90063262
113,000539,2018-03-08,0.015086206896551824,0.010775862068965747,0.1789643141982457,10821.5,57509.360704692066,672,8299660,11008262,498961,694160,2924258,3693936,1340190,1908421,2348902,986865,1187349,1200278,0,394842,0,449816,0,1679944
114,000541,2018-03-08,0.003409090909090917,0.0,0.2759188715393114,4405.0,46190.117590161586,1017,10722020,6608698,1367531,1106480,3048503,2144819,1674049,1484493,1438860,1227721,652396,297102,1418353,348083,441000,0,681328,0
115,000543,2018-03-08,0.03675048355899424,0.025145067698259194,0.09457914140313935,29204.0,580619.0554269978,3007,141299746,288194371,960891,2811628,8680062,13553358,11322866,17970288,16204277,28711879,11509652,24377195,13687210,15473457,7135808,15105558,71798980,170191008
116,000544,2018-03-08,0.04141104294478537,0.020705521472392796,0.4369254792118987,13230.0,73301.25968981328,890,14205527,18605634,816437,627598,3916019,3615480,3091112,3810233,3353263,3450932,1930085,1624572,1098611,1047042,0,1652619,0,2777158
117,000545,2018-03-08,0.0,-0.0021505376344087557,0.16492467784167517,9300.0,54816.048739136735,795,10973532,9918555,824348,759149,3846032,3325806,2233898,1721946,1290289,1578409,904676,1266475,372800,380370,838864,886400,662625,0
118,000546,2018-03-08,-0.004774897680764001,0.0020463847203273655,0.419588897138929,7320.0,25310.39561904252,1221,8128075,8685529,1303174,1456389,3611405,5040680,1373138,942051,888512,1246409,210240,0,301806,0,439800,0,0,0
119,000548,2018-03-08,0.004815409309791185,-0.0016051364365972098,0.2821294709858914,7512.0,40828.405618882316,487,6922375,4121367,434788,505899,1728747,1840966,1038017,1165245,2332872,374386,774160,234871,613791,0,0,0,0,0
120,000550,2018-03-08,-0.0005186721991702337,0.0015560165975101459,0.6172801076138392,19310.0,60259.21255572538,975,23319930,12163998,723055,1007134,8548633,3543533,4369063,2554531,3945229,2553689,2401219,882044,2168492,1041610,402149,0,762090,581457
121,000551,2018-03-08,0.012747875354107707,0.009915014164306069,0.34377237700747487,11360.0,35827.021993801405,421,3034875,5344700,277088,227645,998276,3217928,787056,907592,480373,499466,0,492069,0,0,492082,0,0,0
122,000552,2018-03-08,0.013698630136986356,0.008219178082191858,0.09662439162238741,8928.0,76212.62797912936,1432,17773447,26077652,905887,2298962,4500289,5799422,3079660,3658050,2814542,4299238,954249,3529349,1378023,2967683,432978,879490,3707819,2645458
123,000553,2018-03-08,0.015905947441217094,0.011756569847856113,0.41774759549876683,15988.0,55559.60999512826,1198,17262282,22203720,967488,886873,5016513,10234120,3681166,4826344,3882054,2391562,1636950,1146439,662411,1421618,0,1296764,1415700,0
124,000554,2018-03-08,0.0014534883720929148,-0.0029069767441859407,0.2581442954749392,11755.5,71272.3667054677,710,15187045,8619674,571297,726109,3317538,2732022,2793987,1987612,2503240,1747121,2672229,205500,687500,313045,447120,908265,2194134,0
125,000557,2018-03-08,0.013986013986013957,0.011655011655011593,0.18454307566637668,4320.0,43414.46846968634,540,4199447,4437235,612721,403386,1677002,1427732,712753,594409,722872,1067133,0,0,0,335575,474099,0,0,609000
126,000558,2018-03-08,0.011627906976744207,0.0,0.1332068953968683,9798.0,107431.20033929999,1043,18153509,18445843,1207770,805897,5211086,3395831,2833201,1438882,3934217,2959998,1049569,2963621,358700,993363,892001,833750,2666965,5054501
127,000559,2018-03-08,-0.0033444816053512794,-0.010033444816053505,0.2532952172230294,8960.0,65566.83148103867,1254,21120591,13583363,1001979,1941453,4847737,5521630,3956880,3335460,3720204,1194068,3221807,1206479,1038834,384273,0,0,3333150,0
128,000560,2018-03-08,0.0,-0.004689331770222682,0.3515764177871986,6864.0,44827.105914085165,588,6755866,5037131,469698,889035,2144066,1464192,1530951,809956,1212792,1616248,716759,257700,0,0,0,0,681600,0
129,000561,2018-03-08,0.008450704225352101,0.004225352112676051,0.27441992254693387,2145.0,23477.20182537627,669,4262181,3054484,788954,385677,1623089,1326364,932926,1019028,471222,323415,445990,0,0,0,0,0,0,0
130,000563,2018-03-08,0.0,-0.004878048780487698,0.10900041999316483,4499.0,54777.15066036196,1419,14722417,10832942,837267,2329558,3358652,4167450,1931294,1473387,2748974,1314896,1061856,406712,1062588,707570,1310845,433369,2410941,0
131,000565,2018-03-08,0.020967741935483897,0.008064516129032251,0.25657388371382817,6270.0,42286.51934281619,584,4545412,6957870,500564,739329,1466760,2171163,1059120,1581966,742468,1177055,468115,471750,308385,312500,0,0,0,504107
132,000567,2018-03-08,-0.00579150579150578,-0.00617760617760621,0.8504651165231674,12945.0,64463.81084749335,927,16096485,13039259,788520,806783,4714821,3688952,3390919,2405079,3961414,3126118,2306821,1430969,0,1061358,416990,0,517000,520000
133,000568,2018-03-08,0.022750775594622574,0.01206480523957243,1.156035083980718,35163.0,217067.5108651619,2520,113311040,126575016,777078,1597130,11758197,10469449,13738430,13260940,27472944,19179171,14944719,13429862,9662596,11687394,7441888,5210465,27515188,51740605
134,000570,2018-03-08,-0.02757352941176472,-0.02757352941176472,0.19201835009990983,9648.0,498381.48349027854,803,16029564,22450798,698225,549813,3553097,2278556,2604222,1772748,4970569,2176456,1276589,941765,1085462,761540,0,0,1841400,13969920
135,000571,2018-03-08,0.0040000000000000036,0.0040000000000000036,0.1452895921045632,8031.0,58589.553542210386,1186,15587527,15889757,970523,1268839,4595507,3849907,3001997,3277726,1703163,3478579,3106798,997430,1092739,1361934,400800,483787,716000,1171555
136,000572,2018-03-08,-0.010178117048346036,-0.0178117048346057,0.1387241503455651,8211.0,104504.23621589706,803,19766781,6946059,881329,612814,4082816,2470774,1929619,1735617,2052398,713869,1254542,483336,2030076,365194,425408,0,7110593,564455
137,000573,2018-03-08,0.004132231404958775,0.006198347107438051,0.27364165866212387,5335.0,43490.26298264092,312,3748435,3492081,321700,309214,1263853,995530,540613,402369,1142166,1568659,480103,216309,0,0,0,0,0,0
138,000576,2018-03-08,-0.009546539379474916,-0.01288782816229117,0.767555506638616,16540.0,237983.99113422824,746,10629384,41415046,628687,424211,3573324,2500106,1788243,3842387,1202244,5497279,738454,1919363,1062006,2395219,0,1732815,1636426,23103666
139,000581,2018-03-08,0.018723404255319265,0.013191489361702002,0.5167593386029055,23700.0,117518.044930905,2068,43606030,73113105,1148552,1987269,10282520,11761850,7741367,17388406,7966440,17341651,3892824,6897091,1662722,2124655,949200,5168351,9962405,10443832
140,000582,2018-03-08,0.009060022650056565,0.00679501698754259,0.38006168996198275,8960.0,56875.4861921095,539,8796749,6363404,524727,698364,2419107,1868923,1925386,1377012,963767,1575133,458598,533700,691056,310272,1814108,0,0,0
141,000584,2018-03-08,-0.0032981530343008103,-0.0006596306068601399,0.5135428639994694,27324.0,125541.53255227974,871,31332506,21606726,481763,574900,7084449,2859560,5660372,4049649,4239529,3775044,2815923,723080,2647849,1984782,2292853,1333468,6109768,6306243
142,000585,2018-03-08,0.02083333333333348,0.0,0.1470513008575403,4704.0,36205.26617855977,522,3704786,5002760,390594,515136,1557264,1703318,597709,756599,623219,1614427,536000,0,0,0,0,413280,0,0
143,000586,2018-03-08,-0.0006385696040868138,-0.004469987228607919,0.6908755385739073,7795.0,40425.23116554452,513,6394599,3265685,513990,679877,2156493,1294861,1127673,393236,1188103,897711,509835,0,0,0,898505,0,0,0
144,000587,2018-03-08,-0.0057636887608069065,-0.007204610951008772,0.1816628417144171,15939.0,144774.86692557365,1462,42856216,49586844,762048,1189117,5864129,4313391,10121931,4065906,10173935,8708889,6040071,3399083,4879147,2814808,1300250,442715,3714705,24652935
145,000589,2018-03-08,0.011737089201877993,0.011737089201877993,0.2727776280005089,11583.0,43491.04868909374,243,2411561,3346204,179077,197828,924885,1256273,659344,448788,445295,549666,202960,499339,0,394310,0,0,0,0
146,000590,2018-03-08,0.0024077046548955927,0.013643659711075395,0.41370074942950325,11376.0,45370.9208949699,909,9825288,11669488,889628,800518,3827409,4394356,2783633,2726356,1435716,1655325,249704,745931,0,725822,0,0,639198,621180
147,000591,2018-03-08,0.01391650099403563,0.011928429423459175,0.13612795335996114,8192.0,150588.56850150586,1368,26234116,36844258,1126615,1012421,4356987,4074909,3292666,4401113,5635786,5003625,2445895,2552685,1713852,3050451,457469,1860343,7204846,14888711
148,000592,2018-03-08,0.006711409395973256,-0.004474272930648726,0.1315139706385099,8493.0,105774.74712750762,1157,25652890,14740098,1153143,829470,4743406,2839448,4427381,2355602,3479413,3820030,3577603,2464729,1066740,1134574,2243891,492590,4961313,803655
149,000593,2018-03-08,0.025034770514603677,0.027816411682892728,0.22458203977109434,12631.0,49832.48173948956,1025,13195320,17440846,822924,914730,4945699,4809547,3440104,3707468,2864377,4563654,479448,2138595,642768,624403,0,0,0,682449
150,000595,2018-03-08,0.0023201856148493682,0.0023201856148493682,0.21917563292024125,4978.0,31394.94441048032,386,3749520,2453253,450282,441170,1249479,983214,1028982,395333,368856,382544,651921,250992,0,0,0,0,0,0
151,000596,2018-03-08,0.01854261548471059,0.009759271307742345,1.603895106024587,18688.5,111253.40730355869,1470,34311107,38436766,979262,966646,8639433,6933652,6996501,7104428,5908020,7632619,5367288,3541583,2777791,3830191,1845941,2661364,1796871,5766283
152,000597,2018-03-08,0.00995024875621886,0.00995024875621886,0.2929627322728079,8080.0,132069.1870300981,1177,27736869,16729182,765127,858038,3704083,4301675,2800535,2902326,3394525,3310591,2626404,1579229,1596530,1015324,1743592,0,11106073,2761999
153,000598,2018-03-08,0.005940594059405946,0.0,0.15808514435901677,6577.0,97072.20788378202,1021,14782702,14406012,1104255,1185046,2438306,2857039,2129419,1820151,1933718,2393679,1104566,992563,718802,1080814,424027,891971,4929609,3184749
154,000599,2018-03-08,0.004769475357710773,0.0,0.2317764115072522,10693.0,51880.52040977589,736,12967713,7661824,480352,909250,2946982,3170638,2446126,1961302,3686736,1405074,1283979,215560,1071200,0,427040,0,625298,0
155,000600,2018-03-08,0.10434782608695659,0.07536231884057965,0.12474361533152159,29804.0,197846.33197496316,3068,96027376,178262495,1299211,3068380,11081877,14761873,14254646,20397183,19888864,31076267,12045518,20631901,9042422,14912696,5401097,13794886,23013741,59619309
156,000601,2018-03-08,0.004411764705882337,0.0014705882352941124,0.30001851224758685,5400.0,113549.39557976618,513,8990657,10671041,227357,516516,1190308,1583666,677308,1240359,1010237,1966189,644307,612900,2007540,2022251,837160,0,2396440,2729160
157,000603,2018-03-08,0.011608623548921893,0.0066334991708125735,0.4390279477571259,12170.0,57911.9709982817,754,13651640,9686776,562025,936598,3312667,3462343,2787130,2597990,1924722,1531826,2303450,1158019,1402698,0,0,0,1358948,0
158,000605,2018-03-08,0.10248447204968936,0.05403726708074519,0.3897829553480864,20004.0,83408.22506327389,1707,35553432,46127149,1168032,1497993,7385443,8515348,8471469,8863445,8732000,12174582,4017522,5725503,1698514,4831811,1378505,913663,2701947,3604804
159,000607,2018-03-08,0.020754716981132182,0.007547169811320753,0.21848700548866165,1602.0,28696.6119590154,588,2046081,4546696,290988,436659,672448,1742974,530108,769649,552537,1012390,0,225234,0,359790,0,0,0,0
160,000608,2018-03-08,0.007092198581560183,0.0028368794326241176,0.2306948422768778,14130.0,64302.03344867632,934,13546858,18487059,752156,966927,2893742,5742975,2619669,3522757,2962040,4147497,1452355,1354949,1091159,1377582,1775737,0,0,1374372
161,000609,2018-03-08,-0.005319148936170248,-0.013829787234042601,0.35193230773352485,7464.0,40605.02860673207,713,10207622,4001402,768700,622146,2652012,1900536,3046996,899029,2498676,107410,217332,472281,0,0,0,0,1023906,0
162,000610,2018-03-08,-0.008000000000000007,-0.009000000000000008,0.49953173009829915,5982.0,59311.9587175828,400,5759680,5242063,477625,263775,1565635,822007,1313113,731820,912597,1169175,1185859,1076189,304851,664683,0,0,0,514414
163,000611,2018-03-08,0.03748125937031488,0.029985007496251992,0.3344110809847777,11611.0,46964.09116134428,397,4289150,7715924,271483,228827,1301788,1858262,1121740,1529069,1594139,2653934,0,1445832,0,0,0,0,0,0
164,000612,2018-03-08,0.007653061224489832,0.0063775510204080454,0.18944151079151542,3172.0,30605.360377769015,1717,8240950,9373744,1581603,1815289,2772619,4809497,967472,1387053,1002421,1102129,296250,259776,315200,0,0,0,1305385,0
165,000613,2018-03-08,-0.00893854748603351,-0.004469273743016644,0.34122366650198416,10764.0,66141.89657687169,688,14097514,8194083,660493,743704,3395748,2111393,2938690,1256515,3678281,839571,1827689,1186638,1141693,716762,454920,446500,0,893000
166,000615,2018-03-08,0.0700431034482758,0.05818965517241392,0.1879106386772157,39270.0,233936.7310596484,2443,114663657,158509029,1324300,1580654,9635720,9394210,14005176,13033657,21730180,23225655,17617766,18629826,12614315,19960578,9887133,13884359,27849067,58800090
167,000617,2018-03-08,0.0035919540229885083,0.0,0.7059062356726166,6985.0,45491.5646010446,388,4308902,4157522,328022,431488,981803,1163894,1231524,858800,1536481,583376,231072,256864,0,0,0,863100,0,0
168,000619,2018-03-08,0.011235955056179803,0.012640449438202195,0.35216865942592496,5040.0,47762.922557162485,408,4003445,3100039,239446,647841,1225758,1214887,569703,639957,629355,331185,212400,266169,0,0,444199,0,682584,0
169,000620,2018-03-08,-0.011475409836065431,-0.013114754098360715,0.2689216590869863,6030.0,71488.37699217026,514,8513052,4801747,631639,468929,1179091,1650801,1791104,715291,1846970,1166639,446599,461161,0,338926,912776,0,1704873,0
170,000622,2018-03-08,0.051162790697674376,0.0046511627906977715,0.23063761929384094,4350.0,27050.556600568358,347,2386305,2157068,551378,151852,905066,1104499,372513,318949,353620,324968,203728,256800,0,0,0,0,0,0
171,000623,2018-03-08,0.01687560270009647,0.014464802314368308,0.483819868713866,20990.0,112502.30410279268,1837,46614397,59877350,1429652,859198,9069846,9076800,6848330,7915314,10460472,11931144,6474887,8597053,2419154,4432873,2143194,7002457,7768862,10062511
172,000625,2018-03-08,0.006666666666666599,0.007500000000000062,0.2733083452666387,13266.0,99821.47068491811,1928,34747611,47492607,1104159,1694434,7868512,10465262,5641286,7309979,7435776,8921790,3083242,5575095,1369075,2360998,1741721,3069160,6503840,8095889
173,000626,2018-03-08,0.10488245931283902,0.10488245931283902,0.28615224902197417,24440.0,850971.16755923,1499,133110656,51904097,1190257,531847,9364394,4327575,6739863,5740716,11959709,9781252,8940187,7373624,3485646,2771672,5007501,3071522,86423099,18305889
174,000627,2018-03-08,0.019354838709677358,0.015483870967741842,0.1875026387192777,7920.0,117093.85990132639,1710,30232060,32403482,1799373,1460235,6306834,6212628,5516033,4652089,5523691,5775701,2872864,2767534,2749353,2475217,1312853,1342786,4151059,7717292
175,000628,2018-03-08,0.01404853128991057,-0.003831417624521105,0.29201182763131267,11820.0,47592.440987422066,719,11716212,6962893,714624,666515,3700536,2615745,2796406,1711324,2979264,1360289,0,234900,0,374120,908402,0,616980,0
176,000630,2018-03-08,0.0036496350364962904,0.0036496350364962904,0.06156751883095502,5196.5,193692.95450892675,2000,35314752,50505694,1833753,1295822,6110753,5705080,3831273,4385332,4882075,5290406,2669594,2532705,1657340,1764019,904474,0,13425490,29532330
177,000631,2018-03-08,0.004807692307692291,0.0,0.14381168460073768,9141.0,41683.92984113554,838,9471412,7369462,719385,405512,5414873,2038591,1201047,1128744,992899,1505180,1143208,417000,0,1020199,0,854236,0,0
178,000632,2018-03-08,0.022413793103448265,0.020689655172413834,0.33838699755411406,3522.0,29185.84298744859,293,1594611,2674147,219826,237243,767019,1114429,180016,759829,427750,269646,0,293000,0,0,0,0,0,0
179,000633,2018-03-08,-0.005931198102016477,-0.02016607354685651,0.43178541907033025,20575.0,35218.556272232396,381,6940341,4566062,375256,197809,2882880,1928885,2101909,1686448,868989,523288,711307,229632,0,0,0,0,0,0
180,000635,2018-03-08,0.01807228915662651,0.01807228915662651,0.4577955386497547,9303.0,50008.99289645807,841,9336743,10504611,881964,681421,3497455,2921478,2354221,2115990,1854662,2458075,200361,502511,0,669120,0,0,548080,1156016
181,000636,2018-03-08,0.0016142050040355294,-0.0016142050040356404,0.22858079627848213,29748.0,188636.7650419101,2942,143835387,112900433,1518265,1225042,14699534,13185300,16038862,15376951,24625096,19855776,19020056,15834069,12377163,8896987,8282333,7643335,47274078,30882973
182,000637,2018-03-08,0.007476635514018781,0.005607476635514086,0.2716596911109671,8055.0,38274.946364404204,387,4068536,4261538,259608,352004,1081619,1719123,1384130,834636,1111627,760642,231552,214400,0,380733,0,0,0,0
183,000638,2018-03-08,0.02872928176795586,0.008839779005524795,0.26462528706156246,18030.0,108806.649137191,1170,24130875,31042265,953218,1006783,5269699,5944531,4955248,5128823,5817051,6606808,2011712,3037178,626620,1635998,452500,1323032,4044827,6359112
184,000639,2018-03-08,0.022727272727272707,0.02209595959595978,0.5335544388902685,9696.0,75648.46514981745,881,10851820,13820531,1381410,646956,4451465,1790134,1700294,825333,1644211,1786720,0,1994977,960500,2903504,0,931788,713940,2941119
185,000650,2018-03-08,0.050916496945010215,0.05702647657841142,0.13260842855823754,12766.0,199169.5284483285,1377,42571699,59915472,1220756,1146012,4424781,4119485,4007724,6590997,6761241,8212462,5759849,4895771,4017019,4346282,907954,4469270,15472375,26135193
186,000651,2018-03-08,0.0318322981366459,0.012228260869565188,0.860309659676803,207660.0,636536.5934479263,3586,593408439,748101311,62108,46761,4755166,5240045,17533407,20855322,55015232,61384836,55787862,65502182,52991233,56638353,47469831,51064008,359793600,487369804
187,000652,2018-03-08,0.0181818181818183,0.015909090909090873,0.1626127338612552,8960.0,68724.66822819476,732,8244661,12864819,647633,810654,2727097,3564810,1508256,1442579,1453391,2028538,928564,1843947,312200,1016355,0,0,667520,2157936
188,000655,2018-03-08,0.0018691588785046953,-0.0018691588785045843,0.21425906736406375,5360.0,48805.39812691828,623,5545740,5533261,862023,398068,2389049,2037110,707802,985491,789941,593274,445073,0,351852,612747,0,0,0,906571
189,000656,2018-03-08,0.005780346820809079,-0.003853564547206201,0.12499220319798321,6721.0,110446.5938222037,1728,37227732,23337389,5525780,580547,4246598,2738525,5462910,2566510,3729650,6045174,4813289,5008617,335780,1626367,1430724,490560,11683001,4281089
190,000657,2018-03-08,-0.0034632034632035014,-0.007792207792207795,0.38348745281488894,6948.0,83764.987114236,907,9734832,16977287,667335,861735,3165568,2993754,1407228,2285384,2083731,1493127,523729,2232872,352885,300300,451130,2145201,1083226,4664914
191,000659,2018-03-08,0.008379888268156277,0.013966480446927276,0.19746508277623137,7270.0,47456.641179867,328,4044394,4616152,280117,251443,1043949,1196576,1298123,1018709,863445,1260638,232960,482926,325800,0,0,405860,0,0
192,000661,2018-03-08,0.038018018018018074,0.03663663663663663,3.5037158055304256,69008.0,360395.0437143641,2260,134146658,265953800,9743,1167,10384369,8222786,12656639,18498624,21363445,31350808,16154432,24275427,12522503,18591745,8907208,17241088,52148319,147772155
193,000662,2018-03-08,-0.01111111111111096,-0.007936507936507908,0.3633765137607143,15156.0,97403.00845279128,1203,33715087,22919815,953265,735326,6497625,4609389,5410928,4491058,7681292,5350275,5566776,3078057,1036750,1411205,1859646,453960,4708805,2790545
194,000665,2018-03-08,0.0010427528675702735,-0.002085505735140769,0.48075561735545935,11460.0,93822.35633152668,397,10175034,7304704,466760,362235,1337730,1959783,1589242,1823853,1306422,1419208,1159470,259347,1008720,0,1417642,431040,1889048,1049238
195,000666,2018-03-08,0.015597920277296229,0.0046216060080879195,0.3859067938845807,8705.0,55597.7149241965,2012,20397664,34498955,753074,5465812,4435859,12642476,3437173,3980341,6461154,5940042,1834405,2750573,1402703,1661300,0,849550,2073296,1208861
196,000667,2018-03-08,0.0066225165562914245,0.0033112582781456013,0.11747617596744887,4832.0,103157.8405131108,662,6783958,8474877,503711,686114,1642007,2099913,932879,508926,1137397,1025760,414646,215433,362400,364514,400754,439653,1390164,3134564
197,000668,2018-03-08,0.012830188679245236,0.01584905660377367,1.0611270665687436,10744.0,57871.19500888089,155,1308699,3232214,129342,135904,334056,779159,585957,556351,259344,552080,0,437060,0,310960,0,460700,0,0
198,000669,2018-03-08,0.00337268128161905,-0.000843170320404707,0.41224266831657813,4740.0,45431.16073712515,827,9606334,6261334,1669115,334067,2463881,2373047,1488776,1109250,1476892,2120280,697221,0,706548,324690,411241,0,692660,0
199,000670,2018-03-08,-0.005376344086021501,-0.02508960573476693,0.10701966257068962,16470.0,81143.34571777598,2728,74490917,38408275,2362446,1891447,15141837,11318014,16397645,8645365,15888520,8762604,8091543,3015890,3932780,1062999,3786514,2260620,8889632,1451336
200,000671,2018-03-08,0.03850641773628949,0.03033838973162184,0.15786715880285954,30914.0,255399.1584580116,2954,128528176,178337824,1934048,1433287,15596534,10613855,19483185,15069821,21234451,23190461,13412725,15400484,12806624,13329967,9857778,12581363,34202831,86718586
201,000672,2018-03-08,0.012195121951219301,0.001626016260162677,0.22686118202306918,38099.0,163469.54385839077,2943,128592235,121591035,1240626,1325172,14094383,15862121,18451824,19170969,25645631,26064826,16668006,17830812,11638198,12089539,9473329,5646819,31380238,23600777
202,000673,2018-03-08,0.00799467021985345,0.0159893404397069,0.4413451847665197,22875.0,75414.44222196296,1156,18512595,34067724,620680,735412,6732241,7694327,5066695,7020752,3840837,8623519,949562,2196498,606600,2220666,0,1345750,695980,4230800
203,000676,2018-03-08,0.02086956521739136,0.018260869565217552,0.3276100983068495,9280.0,96184.64672150642,1233,15147647,24574723,743177,1495246,4129982,4910365,2833482,4025343,1748731,3403923,947809,2316457,1371269,1009922,466400,449064,2906797,6964403
204,000677,2018-03-08,0.0,-0.006042296072507614,0.16888507124841318,3128.5,58759.397816278564,384,4442493,2960885,317097,269926,843887,944550,1453523,639977,947786,608432,0,0,0,0,0,498000,880200,0
205,000678,2018-03-08,0.033950617283950546,0.0015432098765431057,0.28341922346992016,7122.5,42902.42148695969,522,5213875,5193222,635253,627378,1990137,1621669,1122170,1081780,729125,446272,737190,506723,0,328394,0,0,0,581006
206,000679,2018-03-08,0.014610389610389518,0.0016233766233766378,0.2668591399903999,1228.0,21090.56136436491,532,2158932,2076514,512623,116384,786967,683025,470201,584598,389141,474353,0,218154,0,0,0,0,0,0
207,000680,2018-03-08,0.013333333333333197,0.004444444444444251,0.14661010352833725,4530.0,63366.368537304195,943,13053045,8931546,942811,1104612,2625883,2448970,1738707,1909092,2435155,1190979,1476186,1910870,1008627,367023,0,0,2825676,0
208,000681,2018-03-08,-0.028941355674029,-0.01256664127951268,0.5008591492963188,28699.0,153398.8401818278,2753,122395596,80520263,1716028,743292,16792974,12979099,15243737,13810376,20180800,15589754,18707320,10896903,9723867,6881538,6439390,5408487,33591480,14210814
209,000682,2018-03-08,0.0,-0.004415011037527727,0.25777683841455884,4530.0,29884.18708000654,308,3369726,1508761,455336,236274,1415574,639404,630732,459201,385493,173882,482591,0,0,0,0,0,0,0
210,000683,2018-03-08,0.003472222222222321,0.0,0.07342078801254405,7514.0,89038.72752564799,1550,23113401,17180614,1418261,1135827,6186759,4333097,2894428,2624464,3082192,2228151,1332403,2007027,940695,344810,457198,0,6801465,4507238
211,000685,2018-03-08,0.010288065843621297,0.0092592592592593,0.35834837784702595,7872.0,62957.54786088339,735,7854454,11141696,891958,1304855,2217907,2523019,2009885,1811285,1010284,1606067,405979,514781,306981,1124311,422260,987932,589200,1269446
212,000686,2018-03-08,0.0012437810945276073,0.0,0.2587627274254813,9660.0,92293.14664699502,965,22506307,15438753,729860,823947,3185265,3410574,5023691,2780929,3539043,2861353,3113649,1683158,1419800,1388199,1284596,1283093,4210403,1207500
213,000687,2018-03-08,0.01896207584830356,0.012974051896207595,0.3207300588588006,12030.0,95381.3279124142,976,13819892,25171421,633628,855085,3398937,4927962,2718010,3422703,3118850,3774418,701799,3470200,715948,3199169,1330900,0,1201820,5521884
214,000688,2018-03-08,0.0,-0.001029866117404854,0.29578003344430015,4850.0,64900.10907385083,1077,22065677,6739073,2001518,339923,5462056,1005509,5614887,1832425,3308125,939928,1930005,1489102,776400,643773,0,488413,2972686,0
215,000690,2018-03-08,0.006211180124223503,0.011180124223602483,0.2557801911267554,12135.0,94146.09305158889,990,17020427,29424943,804359,800539,2836004,4436010,4126844,4200529,2761861,8119961,2177737,2760411,1901059,1009433,1210072,2214707,1202491,5883353
216,000691,2018-03-08,0.008403361344537785,0.006722689075630228,0.35311493836615965,8985.0,45170.61062036329,283,4400017,2505737,338098,258981,1101291,682169,1508498,820729,771367,372778,290515,0,390248,371080,0,0,0,0
217,000692,2018-03-08,0.024752475247524774,0.01980198019801982,0.1798661353801448,6746.5,35374.474991759824,504,4065443,5813322,452509,405672,1150232,2191188,1385695,1493243,461779,587172,615228,1136047,0,0,0,0,0,0
218,000695,2018-03-08,0.0,0.005482456140351033,0.7145871324423333,6422.5,21820.982226099004,162,1409139,833814,101572,153574,766089,332970,383066,347270,158412,0,0,0,0,0,0,0,0,0
219,000697,2018-03-08,0.00261369576581294,0.006795608991113644,0.7263116433646406,13412.0,74876.3231218939,693,15558259,10246652,475946,916723,3372030,2544897,2825150,1923841,3586525,1762269,1211178,1553284,3056323,1111718,0,433920,1031107,0
220,000698,2018-03-08,0.009090909090909038,0.0072727272727273196,0.2674784444078833,11020.0,100664.0849759818,422,7229190,8398999,401585,429527,1416899,1563749,1196844,1750434,1785131,1819562,1227327,744390,330600,379358,870804,0,0,1711979
221,000700,2018-03-08,0.007952286282306265,0.00397614314115291,0.22733607837787792,5060.0,40735.47777641267,489,4962243,4404350,539349,572394,1509827,949672,1134637,1150394,619860,595918,489350,1135972,669220,0,0,0,0,0
222,000701,2018-03-08,0.008333333333333304,-0.0035714285714286698,0.28088533844355723,5866.0,45956.08075299546,894,8149826,7967970,1435751,416602,2700175,2495551,2579860,1834944,990447,1718097,443593,456766,0,0,0,0,0,1046010
223,000702,2018-03-08,0.02411575562700974,0.012861736334405238,0.21559091333995484,9427.5,64188.382581670856,832,12351195,12874728,1051025,403668,3279585,2593513,3005661,3528665,2391609,3887279,287453,1277463,625110,312976,0,871164,1710752,0
224,000705,2018-03-08,-0.005340453938584733,-0.005340453938584733,0.2874558516870458,5215.0,23579.59602204534,679,5831269,3298791,497320,895257,3367225,1098919,1219277,515571,537921,565844,209526,223200,0,0,0,0,0,0
225,000707,2018-03-08,0.013986013986013957,0.00932400932400923,0.1393033959452664,5642.0,32625.432385403343,950,7306190,6584421,1372485,1098652,2863186,2694590,1132272,941352,922041,862202,215634,673354,319500,314271,481072,0,0,0
226,000708,2018-03-08,0.01787310098302064,0.022341376228775633,0.29813343615734184,21413.0,115747.01384093902,1409,41357990,39001531,905102,795321,7802905,5700684,7218544,5983572,7733957,7332649,4726613,3968005,3102491,5659170,1759575,3083792,8108803,6478338
227,000709,2018-03-08,0.01832460732984309,0.015706806282722585,0.07878043592030536,12705.0,297873.2392509061,2365,70569293,107681338,2091861,1307503,12499969,7636393,9271892,7065279,13018263,9490706,3642421,6872121,4711019,5015713,2260780,3056411,23073088,67237212
228,000710,2018-03-08,0.008882149046793852,0.004766031195840625,1.2674648705399476,22900.0,90200.67577200125,1327,33011274,31482139,914908,1165724,8399522,6375950,6448091,4855317,7665830,7846449,4097156,3535320,1683456,2048732,934183,446690,2868128,5207957
229,000711,2018-03-08,0.013556618819776878,0.004784688995215447,0.5203060701728739,13739.0,46170.98397028992,580,9076634,8140478,323410,475109,2755193,3436113,2196813,1960731,2032806,1674426,701953,272592,649730,321507,416729,0,0,0
230,000712,2018-03-08,0.015851137146795313,0.012405237767057153,0.32558019600132654,19110.0,94675.95894245958,1987,48724344,53738334,1562206,1108832,10416948,8711965,7436013,9123769,11929696,12163721,6328308,6239074,4206994,4582458,1774814,6061546,5069365,5746969
231,000713,2018-03-08,0.01060606060606073,0.0060606060606061,0.3176089028727419,7304.0,67317.57396199481,431,5598693,3479837,566814,448532,1921152,1024791,1042892,484590,928957,156780,224757,225720,389025,0,0,0,525096,1139424
232,000715,2018-03-08,-0.03516483516483515,-0.03406593406593417,0.3491738808852811,4470.0,469675.9001871509,679,8163023,19592486,689572,473554,2202207,1743235,1884565,1263021,1493719,1212217,491160,663951,352000,339966,478824,0,570976,13896542
233,000716,2018-03-08,0.005769230769230749,0.0019230769230769162,0.23997700429170826,8857.0,40368.12632780898,469,5625241,4389209,928949,317826,1693593,1446762,1713836,970804,860823,747112,0,220080,0,686625,428040,0,0,0
234,000717,2018-03-08,0.0,-0.002739726027397249,0.14318497928132198,19723.5,139891.38314022374,2604,79818229,70035189,1521345,1967841,11996553,12974987,10594953,11774403,13291468,16866577,8428125,7129549,6592616,5229141,4024057,3074339,23369112,11018352
235,000718,2018-03-08,0.0023474178403755097,0.0,0.14590030550004968,6800.0,63669.03649879365,853,11924125,10545274,755164,806193,2603925,2795734,2247995,1826911,2010540,1651708,1362286,435364,1025316,1069448,1279274,1375444,639625,584472
236,000719,2018-03-08,0.008177570093457875,0.002336448598130758,0.2470483609661567,2583.0,24057.172226297636,1201,5348242,4445334,2276914,368586,1041429,2078395,939069,729536,324204,452833,451500,446620,315126,369364,0,0,0,0
237,000720,2018-03-08,-0.004672897196261738,-0.004672897196261738,0.19608390198450898,7471.5,73227.80422276646,476,9234372,3309791,660755,406508,1765673,1409165,1154971,944704,1360292,549414,1075523,0,640500,0,426999,0,2149659,0
238,000721,2018-03-08,-0.004098360655737654,-0.004098360655737654,0.21512573226493287,3405.5,39574.388094856884,514,6197250,2821752,531366,504669,1398273,1074879,423196,414178,2449247,625111,1395168,202915,0,0,0,0,0,0
239,000722,2018-03-08,-0.009868421052631526,-0.00877192982456143,0.37686449299555247,5466.0,26514.80030155907,585,4956211,4026960,473693,725793,2127983,2082086,1257857,555985,888762,445606,207916,217490,0,0,0,0,0,0
240,000723,2018-03-08,0.02716468590831922,-0.011884550084889534,0.13116772091245824,20916.0,110950.79552221762,2023,61832271,65905482,833761,1912173,5064689,10753530,8758957,9161392,19768467,11763160,9156422,7924466,9904509,11144521,2156134,2636583,6189332,10609657
241,000725,2018-03-08,0.010619469026548645,0.001769911504424737,0.09447245217945546,160744.0,1031387.3160772065,3593,709565494,850389995,266191,413350,8559771,9149983,19824223,23992744,52609470,61240093,49199693,54809518,45282260,48967934,32063197,33775224,501760689,618041149
242,000726,2018-03-08,0.007532956685499137,0.007532956685499137,0.38179376581940466,8568.0,63396.84309570099,773,8115569,10996456,645775,960980,2038178,3066568,1352722,1668890,1689446,2532993,1287728,506583,0,720783,0,468659,1101720,1071000
243,000727,2018-03-08,0.015503875968992276,0.023255813953488413,0.0456466124649777,26471.0,355911.5285878501,3261,154221094,175010359,1982222,1792418,14319330,14273418,18178531,15105482,21615136,23904062,13099308,15529698,12172555,14269524,10603240,11412478,62250772,78723279
244,000728,2018-03-08,-0.0021208907741251393,-0.0042417815482501675,0.24470820230444662,18760.0,114721.73652035212,1485,46883585,29158086,1304657,1283346,8126396,6352064,8440130,5582375,8465083,5366966,3449886,1737334,2559930,2098224,3160460,2256899,11377043,4480878
245,000729,2018-03-08,0.0027816411682892728,0.0055632823365785455,0.19808843541303858,11536.0,77844.50992418705,1318,23193396,12293370,962221,1178150,9100297,4197006,2738629,2267833,2726361,1779722,996411,1013346,664528,745603,472903,410400,5532046,701310
246,000731,2018-03-08,-0.0026525198938992522,-0.006631299734747964,0.30167798886243946,11295.0,127101.2161246,624,21046782,7208099,727959,555786,2894824,1848087,2437260,1942066,3427813,1738298,957229,770236,0,353626,911235,0,9690462,0
247,000732,2018-03-08,0.01800643086816711,0.009003215434083556,0.5246980958315649,157633.0,556103.348316704,3519,485345503,518379774,305348,411998,6794676,7133982,19836150,20017334,56057281,53210422,57247640,49527051,41965359,43341157,40770933,37547413,262368116,307190417
248,000733,2018-03-08,0.0015612802498048417,-0.004683840749414525,0.3990547962593233,12825.0,47380.34808015312,1030,18249098,12535367,1018193,877123,4534565,4743871,3799474,3442529,5975916,2148150,1358885,1323694,1050065,0,0,0,512000,0
249,000735,2018-03-08,0.002239641657334701,-0.00895856662933936,0.16545548473392951,33896.0,264011.6042719038,2921,158786853,105234821,2016105,1443710,15448291,11346446,20327507,15625194,29027701,19758448,19682243,18369462,12250675,7296012,8997515,3584295,51036816,27811254
250,000736,2018-03-08,0.021590909090908994,0.015340909090909127,0.6125417350840482,14336.0,54448.181106873606,826,14202812,10696106,730847,739258,4458519,3064328,3946349,2349907,2229222,1970954,827829,773711,1429114,1317156,0,480792,580932,0
251,000737,2018-03-08,0.016666666666666607,0.00952380952380949,0.18307482551181745,8520.0,42029.21927120421,526,7643729,3399423,463298,505790,2364195,1982495,1778149,505689,1652937,405449,747030,0,0,0,0,0,638120,0
252,000738,2018-03-08,0.037130270610446825,0.017621145374449476,0.29697565063804193,45360.0,265252.16576426046,2868,196101359,168250928,1332063,1202928,13620033,11197858,17656243,15923868,31625714,25340972,20162013,18194162,13897140,16196692,17649336,13531832,80158817,66662616
253,000739,2018-03-08,0.03571428571428581,0.028571428571428692,0.18374201141794053,10242.0,78416.10751217636,929,12043271,19563138,683522,953709,2870999,3805836,2356096,3188740,2494421,3290636,1201086,2793334,0,2077089,1354808,0,1082339,3453794
254,000750,2018-03-08,0.0,0.0,0.1517997338596536,5471.0,96133.51527607995,903,14417475,12755543,659738,918131,3056886,3130563,1461086,2817755,1388350,1851625,547200,1093657,711814,0,1383835,917017,5208566,2026795
255,000751,2018-03-08,0.0062893081761006275,0.0,0.13739633951377703,9540.0,73632.37364239138,1207,18671917,14297604,1367939,1147936,4674702,5181626,2604463,2402576,2885088,1673280,1364632,1515608,652279,384960,1779171,1454341,3343643,537277
256,000752,2018-03-08,0.012099644128113818,0.00782918149466183,0.42454562319763495,14080.0,64155.82403712963,1095,19214870,16706658,1252517,896059,6352831,4189252,4315793,3442611,4393238,2820798,1751540,2602995,0,337099,0,1709844,1148951,708000
257,000753,2018-03-08,0.0028571428571428914,0.0,0.1092834980012831,3132.0,78662.25874032886,1028,14363720,9379704,965336,695259,2917664,2449546,1936759,1179545,2000549,1423051,1172531,0,988698,1624347,880263,0,3501920,2007956
258,000755,2018-03-08,-0.004491017964071808,-0.013473053892215536,0.40298613153163276,6660.0,66922.47374522597,274,4522208,2139342,298047,283405,916708,933905,542642,501760,379223,420272,416148,0,339900,0,867900,0,761640,0
259,000756,2018-03-08,0.0032284100080710587,0.012913640032284013,0.3769719317970846,15090.0,76670.92354674135,1080,21204807,21142306,848762,697917,4556258,5458764,4477800,4324157,5804415,4505233,2473076,1682400,1964397,1063780,460464,922200,619635,2487855
260,000758,2018-03-08,0.0016025641025640969,-0.0016025641025640969,0.18550573835539136,8125.0,132566.90014426413,1132,32216268,14348756,939407,1058145,4207008,3497210,3319741,1722054,4235683,2616127,1481836,489360,1692910,2316750,906603,978793,15433080,1670317
261,000759,2018-03-08,-0.008599508599508643,-0.009828009828009798,0.327775708300556,8492.5,54310.59351130465,616,9587497,5500219,672018,775438,2614908,2682330,1697427,578583,1741011,233384,928679,539954,0,690530,1254879,0,678575,0
262,000760,2018-03-08,0.0,-0.0039999999999998925,0.15673515794675583,5988.0,87043.27327156336,1019,15922369,10017584,1092015,1049555,3811364,3051656,2883761,1688158,2577828,791164,770904,0,325872,648680,1410306,0,3050319,2788371
263,000761,2018-03-08,0.0059055118110236116,0.0019685039370078705,0.15526823701339032,5110.0,78721.1349742688,1071,15435362,13851902,1033376,701673,3849962,3394365,1976565,1884135,2107287,2862838,1892894,944479,364650,1020884,0,418428,4210628,2625100
264,000762,2018-03-08,-0.012221423436376666,-0.016534867002156783,0.33791848653548606,16380.0,169042.9673475144,1695,56989145,32178633,1203757,1637628,7706551,7633152,7688303,6278443,11476655,6675857,6999622,3775946,1336816,1273940,882224,883038,19695217,4020629
265,000767,2018-03-08,0.007194244604316502,0.003597122302158251,0.08542724914104911,7050.0,70011.35794976373,1063,14697323,17435198,953142,792992,3528785,3987873,2435619,2854042,2384983,3511996,1733978,2109042,2157109,1325812,851095,916786,652612,1936655
266,000768,2018-03-08,0.005211726384364734,0.0013029315960910726,0.3416227661852201,15490.0,112209.12579653286,2020,54029994,43521483,2078477,1429061,10850820,8641374,8436219,5895542,10729560,9240152,3508197,3954651,5253818,2009892,3584946,3612409,9587957,8738402
267,000776,2018-03-08,0.006658595641646503,0.001210653753026536,0.34411325497777767,24900.0,162374.2444425036,2305,92066938,84676631,1337717,1905677,9489006,9860619,9223505,9491507,28499741,20272077,10451893,8993608,9689849,8102749,5835072,1305011,17540155,24745383
268,000777,2018-03-08,0.005116959064327409,0.005116959064327409,0.559500872915149,9632.0,48111.3820287735,597,8306403,6334439,562893,664800,2582823,2839811,1684112,967244,2005945,1208639,771420,239945,0,0,0,414000,699210,0
269,000778,2018-03-08,0.043052837573385405,0.02544031311154593,0.10654542741984664,17612.0,199474.0336134409,2307,59816869,105430949,1189150,1879931,8992544,10538191,8641161,9211497,13063319,15182213,5577226,12522240,3592254,6166168,2616463,4349979,16144752,45580730
270,000779,2018-03-08,0.016587677725118377,0.0031595576619272148,0.7513175016183805,12680.0,59934.67634261298,283,3893434,3917964,245024,228678,1318146,1460841,738391,601018,848338,826051,743535,0,0,0,0,0,0,801376
271,000780,2018-03-08,0.009803921568627638,0.00588235294117645,0.22907779343568577,10340.0,73729.52598191494,495,8941945,8646059,415236,350456,1904646,2201791,1517308,1904466,1137526,783118,1478127,1251744,1165211,1071233,815422,452320,508469,630931
272,000782,2018-03-08,-0.00877192982456132,-0.005847953216374324,0.3318819386732504,4767.0,32943.02229354246,424,4719581,2206675,396656,300886,1146718,1237628,1471202,294852,965152,373309,406277,0,333576,0,0,0,0,0
273,000783,2018-03-08,0.0,-0.002670226969292422,0.2184127385629862,8976.0,75557.98197535954,1176,19598867,17156203,1630854,1253076,4866854,3922591,3634079,2622646,3770024,2773739,922086,1358046,2068079,700315,448200,1389096,2258691,3136694
274,000785,2018-03-08,0.0021459227467810482,-0.0010729613733905241,0.47755904842945035,8820.5,46604.03555901406,380,3925596,4341514,412037,363324,1489349,931326,887404,1231404,904306,377980,232500,564210,0,357120,0,0,0,516150
275,000786,2018-03-08,0.05879752431476559,0.03801945181255517,0.3982282932615241,60112.0,265412.7931727122,3229,179638434,278933488,515497,1422300,10356702,16548935,20606043,21886321,31176664,36697380,24033335,33387836,24054524,24289176,16022950,21021848,52872719,123679692
276,000788,2018-03-08,0.020565552699228773,0.005141388174807249,0.30411624306917,9342.0,63860.70876951499,654,9568056,9219395,606376,746701,2666929,3040762,1662227,1887300,1909898,1994641,478749,211165,349771,767184,409506,0,1484600,571642
277,000789,2018-03-08,0.016965127238454336,0.011310084825636224,0.2247192521465828,21440.0,104343.54576223002,2231,55196151,66905257,1164235,1798436,9377990,11913014,10141420,12446013,13387124,12996769,7275010,8215768,5184594,3936153,1775446,4341444,6890332,11257660
278,000790,2018-03-08,0.023837902264600697,0.023837902264600697,0.3194689114189239,8590.0,862351.7689299076,689,39360280,52890638,1503309,0,4547546,0,3649891,0,3138794,0,759356,0,1857921,397100,1282487,465095,22620976,52028443
279,000791,2018-03-08,0.01571428571428579,0.011428571428571344,0.18695547224156492,14380.0,96136.81704711441,1404,29594665,24708623,1347408,1212388,7307480,6221743,5975410,5905990,6290567,3680397,2885205,3298821,1353077,943274,1287518,0,3148000,3446010
280,000792,2018-03-08,-0.006269592476489061,-0.016457680250783646,0.25320932222159925,25600.0,251738.42788011514,2541,157079526,79096324,1462104,1197487,10552892,10894285,14484445,10737514,20226008,17692485,13915887,10079527,12071565,4905067,9936320,4798808,74430305,18791151
281,000795,2018-03-08,0.0034662045060658286,-0.0034662045060658286,0.14003665795403095,12138.0,97430.03607381173,1700,33583394,32237231,1376045,1600483,6608519,8589846,6178780,6401748,4732880,6724238,4660190,3830588,1339192,1955539,1417621,1919970,7270167,1214819
282,000797,2018-03-08,0.007726269315673218,0.0055187637969094094,0.3789203826933985,4560.0,49288.63293834612,571,7106821,3498081,746025,381010,1749690,1947310,1292335,781520,1398975,388241,272100,0,351528,0,0,0,1296168,0
283,000798,2018-03-08,0.00242424242424244,0.00121212121212122,0.5166822817952641,8285.0,31412.396178302875,254,2302779,2756625,278681,215069,1141925,936269,533042,750803,349131,608804,0,245680,0,0,0,0,0,0
284,000799,2018-03-08,-0.0012515644555693983,-0.007092198581560183,0.4760898450580103,23890.0,101751.79560355627,2537,77479477,64066656,1354167,1567323,14039313,13256458,12640824,10589176,18792746,12727098,10719278,8183834,6905116,5448052,3784986,3456521,9243047,8838194
285,000800,2018-03-08,-0.006487488415199083,-0.011121408711770031,0.2893947968246325,20387.0,111806.41940788434,1390,46827020,26848842,895245,923541,6924353,5705309,7298784,5821562,10697889,5465435,5624033,2481274,5196353,1446116,1835274,905643,8355089,4099962
286,000801,2018-03-08,-0.005154639175257825,-0.010309278350515538,0.15820094346719027,9945.0,77886.06545174448,1355,27550332,19008246,1540373,1012093,5128220,4681395,4376968,3180240,6196968,6009750,3209073,2323035,2032600,1081585,909564,0,4156566,720148
287,000802,2018-03-08,0.002586206896551868,0.006896551724137945,0.390691273780693,8176.0,72440.2789227701,881,12136734,11205560,858795,621521,3497753,3306387,1899357,2002243,2280891,1787671,727939,625496,1035731,1033710,0,421006,1836268,1407526
288,000803,2018-03-08,0.04065420560747679,0.04065420560747679,1.4841243490464398,11100.0,43190.10967241704,207,2766041,2311231,199210,139616,865216,996368,554007,396460,810708,303877,0,474910,336900,0,0,0,0,0
289,000806,2018-03-08,0.010835913312693624,0.010835913312693624,0.13780575287058555,18792.0,117308.04344751697,2201,47136542,71716809,1494347,2154779,8934096,11341580,8128926,12480809,9582157,16612831,5050313,6796263,5877108,3144249,2400543,4483253,5669052,14703045
290,000807,2018-03-08,0.020000000000000018,0.014117647058823346,0.14538584412197225,79830.0,413546.33236751374,3426,295864580,379903625,787037,604058,10524943,15440606,21118826,21823968,40842737,47853861,35957992,37168736,23876531,33414505,21540566,26976019,141215948,196621872
291,000809,2018-03-08,0.002958579881656931,-0.00591715976331364,0.21300563479392048,13520.0,107091.15569862223,251,7923373,3259790,154998,218560,1198517,708081,1011459,608760,1530005,509221,731432,209560,1067458,0,881504,0,1348000,1005608
292,000811,2018-03-08,0.005427408412483015,0.0027137042062415073,0.351449646318791,7380.0,36364.36476828942,439,3495670,4589234,437017,648931,1262086,1466826,703636,860354,501231,1099150,221700,513973,370000,0,0,0,0,0
293,000813,2018-03-08,0.020023557126030544,0.02355712603062421,0.3400714832709346,6944.0,57776.99297852928,623,6445565,8884655,741492,558974,2208091,2527433,1121222,1735560,1658165,1595131,716595,720777,0,327940,0,434000,0,984840
294,000815,2018-03-08,-0.017345399698340924,-0.019607843137254832,0.34893118563173176,13050.0,62269.7417001549,1445,28682223,17904943,1962629,908768,7454860,5749897,6266266,5183364,6420641,3031924,2414856,1778410,627417,721100,908386,0,2627168,531480
295,000816,2018-03-08,0.002450980392156854,0.014705882352941124,0.07035769410632405,44405.0,267851.4731210452,3391,180145920,186703932,1609769,1349323,16482289,14814379,25072239,20965990,36992759,32116611,22109015,24911564,16346048,15610742,12248604,13404966,49285197,63530357
296,000818,2018-03-08,-0.0024291497975708065,-0.004048582995951344,0.3899453684061888,17136.0,124948.92148994398,1003,29573226,20256619,808020,656799,4920586,4932417,3479093,3064612,6489732,3177694,4006221,956592,2425569,2105008,909836,888785,6534169,4474712
297,000819,2018-03-08,0.019128586609989284,0.0031880977683313994,0.4159952802338064,6671.0,30039.728380096585,511,3490218,4925009,372322,958445,2128854,1688025,608678,576216,380364,1084818,0,257834,0,359671,0,0,0,0
298,000821,2018-03-08,0.009909165978530199,0.0156895127993395,0.3264468723007932,14880.0,85492.3027898709,1377,16561508,34182472,785163,1189766,5609931,9972342,3448870,4797409,3047662,6095908,756619,3028012,998158,1416813,1248523,941460,666582,6740762
299,000822,2018-03-08,-0.007092198581560294,-0.010638297872340607,0.18144905997683727,13841.0,82904.4782524977,2176,45834872,43766510,1741462,1633752,8360294,10355318,8847139,9010101,9412460,7888300,6463340,5602786,5144573,3033148,2620156,1709052,3245448,4534053
300,000823,2018-03-08,-0.009569377990430561,-0.014354066985645786,0.23130961103539574,20920.0,124641.60231584475,2042,66595601,49151468,1297006,1077736,11446575,8820244,10751699,8565926,12175315,9771948,9466745,4352224,6646493,3864254,3550797,1352845,11260971,11346291
301,000825,2018-03-08,0.005961251862891315,-0.0014903129657227732,0.11602880388436067,60788.0,438924.2159843922,3357,280271263,336147616,1067749,1364405,13104857,14918742,21132632,21730926,33973342,40086394,26913434,34758631,21530262,25882209,14005488,15509334,148543499,181896975
302,000826,2018-03-08,0.02604716649067229,0.01689545934530101,0.6641853178338446,20139.0,122023.41731207668,1829,35045713,63583768,979569,1811563,7383530,10477472,6115737,9850670,8335661,13370617,3543533,7516427,1653881,4384278,908165,3209823,6125637,12962918
303,000828,2018-03-08,0.007393715341959428,0.004621072088724532,0.4714508532750131,10935.0,56219.622844313395,526,8774578,6874850,458018,476825,2479552,1796431,1268675,1626356,2460659,1619385,423555,729423,1684119,0,0,0,0,626430
304,000829,2018-03-08,0.003278688524590123,-0.005464480874317057,0.27157793057743096,10054.0,62996.47821712878,1135,20550543,13010822,802089,1459398,4039264,4754513,4022977,2917295,6128294,1720429,1283591,1411477,1396467,346940,433741,400770,2444120,0
305,000830,2018-03-08,0.024428274428274666,0.007796257796257811,0.3226609217169332,105710.0,576683.8387558034,3558,427496739,449984617,506030,713096,8035548,14838153,18994298,30368468,43751343,54245092,37019979,45542264,35006125,38989853,35775460,34693607,248407956,230594084
306,000831,2018-03-08,0.0055299539170508005,0.0036866359447005337,0.2793316720223609,19782.0,125289.40523618921,1509,44438167,43290521,1105962,970915,7474353,5460877,7406436,7191118,9262263,9341934,3620495,6230931,4764447,5739100,932875,1912080,9871336,6443566
307,000833,2018-03-08,0.0031948881789138905,0.0,0.3195095887475651,7536.0,36580.18581708964,383,4300557,3820535,367233,392861,1688521,1263578,850058,1134609,942379,656455,452366,0,0,373032,0,0,0,0
308,000835,2018-03-08,0.006613756613756738,0.002645502645502784,0.40299769375990496,7610.0,43305.950672930805,351,4753497,3496267,378481,428926,1541454,1320659,587751,594989,1531294,673515,0,478178,714517,0,0,0,0,0
309,000836,2018-03-08,-0.016949152542372836,-0.022598870056497078,0.11153776452840747,19388.0,136457.0154507654,2273,87926787,53362987,1411639,1620876,9701426,9592501,11572103,9626974,17153029,9761074,12923024,7929603,8169511,3122404,3387407,2778632,23608648,8930923
310,000837,2018-03-08,0.008818342151675429,0.012345679012345734,0.18141736056970625,9152.0,48372.195707661645,977,12571867,13374377,1124475,758349,4057942,3443928,3276241,2214069,2370515,3725652,986946,1908215,332808,1324164,422940,0,0,0
311,000838,2018-03-08,0.007575757575757569,0.0037878787878786735,0.19125341670198534,10540.0,68100.1633618889,762,7885680,10494021,563337,665472,3207707,3703154,2021485,1223848,1632555,1356020,460596,525852,0,0,0,406146,0,2613529
312,000839,2018-03-08,0.015894039735099286,0.01059602649006619,0.15529834836960366,16002.0,193991.49366549737,2367,69770405,81520892,1880277,2468423,8954242,8573572,11216180,10338053,12994814,14008821,4709436,8526304,5938228,5655570,6310462,3957265,17766766,27992884
313,000848,2018-03-08,0.003121748178980255,-0.002081165452653466,0.29680638589074215,3836.0,59611.309122452345,1048,10730815,7788890,739058,1222900,3139925,2942154,2150259,1517211,937328,933808,779708,206928,694664,0,478500,0,1811373,965889
314,000850,2018-03-08,0.0046948356807512415,0.0023474178403755097,0.2370842296464907,7507.0,28565.1241840017,322,2095980,3458822,206185,468194,913427,1635929,542758,339631,433610,800568,0,214500,0,0,0,0,0,0
315,000851,2018-03-08,0.01122194513715713,0.008728179551122262,0.20205569771384885,17930.0,100563.12870039146,1577,43270085,39121615,1113197,1368836,6779257,8297574,6926181,6985253,9144935,8462859,5670736,6305434,4113810,1715956,3061403,2578275,6460566,3407428
316,000852,2018-03-08,0.050000000000000044,0.03658536585365857,0.20395312318350656,19055.5,92602.85466057959,1618,33992602,47237881,1376063,1287608,6998740,7093739,7234686,8369317,8627220,13222957,3592265,7525117,2725307,2339047,951623,3114780,2486698,4285316
317,000856,2018-03-08,0.10196687370600399,0.07453416149068337,0.3476961321498502,61719.0,311742.8261711612,3094,213607465,279123658,974923,1071709,12844006,12756502,17364021,19112072,32334529,34193621,29172598,27724139,15706348,27287388,17840517,19343065,87370523,137635162
318,000858,2018-03-08,0.04214663233500482,0.032795771784794425,1.2318608275117864,338932.5,1047960.9005445307,3588,998947752,1273604366,30163,37661,1781132,2334743,12348510,11053459,46307602,42546625,66175650,57783912,63765167,58072923,56916584,50867328,751622944,1050907715
319,000859,2018-03-08,0.01319261213720302,0.01055408970976246,0.16724988980390396,7620.0,60750.56934645648,513,6291383,9348994,483987,373632,1621654,2182972,1210642,1788053,2011580,2341199,203520,1176820,760000,0,0,447755,0,1038563
320,000860,2018-03-08,0.01061678463094018,0.016177957532861553,0.49686239778733704,14000.0,79242.69918122988,1585,21901954,32086817,1627352,1339403,6063371,11326305,2981374,4860979,4669116,2522466,1990151,2043471,2200276,3265860,0,2620567,2370314,4107766
321,000861,2018-03-08,0.0033783783783785104,-0.0033783783783782884,0.14252209976135963,3267.0,57138.0556044294,431,4942191,3831562,373155,422315,902026,906579,812227,687518,970209,1221150,0,594000,324771,0,477873,0,1081930,0
322,000862,2018-03-08,0.0,-0.012499999999999956,0.1289822707831366,11970.0,37241.99713286857,964,14549352,6388865,916622,533486,7378343,2191101,2424296,874074,2267887,1456436,940563,1022560,621641,311208,0,0,0,0
323,000863,2018-03-08,-0.009765625,-0.009765625,0.23330161903823488,5070.0,38654.96450337113,481,4259654,1748262,798606,266102,1006073,570270,790707,436484,534644,0,538312,475406,0,0,0,0,591312,0
324,000868,2018-03-08,0.004497751124437732,-0.0029985007496251548,0.1385992689076648,15479.0,92337.46156290281,2321,58329542,41203513,2017429,1799449,13150008,9822761,8834783,8680884,11066558,9701950,6633419,3882691,3091193,2781090,2589998,2113702,10946154,2420986
325,000869,2018-03-08,0.012668686312310662,0.011567061415587832,1.2000306378283998,18365.0,106194.4888753072,915,27101653,21126561,835581,644755,4052548,4251537,3627053,3181625,4024375,5023342,2349159,2507825,4992827,2625193,964039,491780,6256071,2400504
326,000875,2018-03-08,0.024316109422492405,0.012158054711246313,0.08754801181780561,10886.0,102424.56623388555,1418,26741085,29954933,1251951,1063535,5873665,5745643,4430913,4513059,5141365,5539566,2866349,3356879,1348809,1782476,822358,845477,5005675,7108298
327,000876,2018-03-08,-0.0013140604467806183,0.0,0.19192848659873776,12920.0,94111.8279005457,1573,31527230,25488987,1641152,1018084,5191141,8318099,3302554,4243113,4184401,3004414,3943566,2168043,5212179,1682819,457361,0,7594876,5054415
328,000877,2018-03-08,0.014842300556586308,0.010204081632653184,0.24347541509750448,20634.0,91634.94364731794,1961,45810074,51474716,1454927,1356190,10215508,8685549,9561242,9295056,12125238,9221333,6842647,7000242,2700772,4322507,837855,1674195,2071885,9919644
329,000878,2018-03-08,0.0024154589371980784,-0.0016103059581320522,0.2658135940656695,13717.0,117037.16126557296,2184,63066834,50009105,4051411,914798,9840744,8099562,7486081,8590258,10956536,11022491,7886752,6299584,5377425,4529979,2221251,1808766,15246634,8743667
330,000880,2018-03-08,-0.003250270855904791,-0.003250270855904791,0.49415544348441026,5974.5,28942.36543218217,348,3158089,2450980,415738,348486,1453097,966251,409303,618449,613686,517794,266265,0,0,0,0,0,0,0
331,000881,2018-03-08,0.005691056910569037,-0.0024390243902440156,0.3700346725000157,12450.0,57394.577153231075,1105,20582838,14128903,1121656,851336,5420448,5280354,4057871,3479520,5126766,2679026,2141745,1266887,723960,0,499317,0,1491075,571780
332,000882,2018-03-08,-0.0062893081761006275,-0.009433962264151052,0.07828016794175152,11042.5,93980.03344565758,1660,40253487,27891494,1527238,1323262,8068048,5202982,6850924,4601825,7833763,4710294,3524185,3570937,3705890,2296346,3682435,2251090,5061004,3934758
333,000883,2018-03-08,0.01091703056768556,0.0065502183406114245,0.1272529693715215,5532.0,104729.08919581717,1298,22677428,27186550,1401416,845333,2904906,4249155,2541562,3417700,4342087,3835408,3595740,6855831,1799664,1028116,1399631,449573,4692422,6505434
334,000885,2018-03-08,0.021825396825396748,0.010582010582010692,0.3581107755564298,18048.0,59332.812139935886,1783,26955154,41059004,1282813,1323445,7485664,9012630,6390395,11557283,6010684,12660873,1861228,3093873,1321999,1386780,1300831,879860,1301540,1144260
335,000886,2018-03-08,0.007575757575757791,-0.003030303030302939,0.15142908023177634,9296.0,86610.13206979971,1903,41702476,29003088,2231432,1604831,7591962,6043819,6078378,5297744,8537686,6124710,3030244,3783060,4065653,1755590,2234233,887224,7932888,3506110
336,000887,2018-03-08,0.017344497607655773,0.017344497607655773,0.466932103699324,16775.0,237637.94837427762,1282,32068620,49170790,821980,1366989,4983054,5217362,4882935,5886411,6459119,7106467,2022914,3262271,3587644,2653206,0,3156734,9310974,20521350
337,000888,2018-03-08,0.0060422960725075026,0.0030211480362538623,0.3301720249482423,9965.0,65037.15110385956,904,12740583,10702024,730864,906495,3802741,3258329,2176635,1734926,2023544,2267702,503136,927456,1362682,0,497499,412758,1643482,1194358
338,000889,2018-03-08,0.0,0.008955223880596996,0.38072827960741235,18893.0,94748.36764312965,1240,27390101,33036919,578430,1105897,5084512,5946985,5576085,6660461,6332045,7538288,1915253,3831419,1049892,695186,2217295,1710503,4636589,5548180
339,000890,2018-03-08,0.006329113924050667,0.0,0.3398534421023284,1256.0,38205.71989920316,345,1687508,2291434,341392,120873,664986,663579,235599,208443,445531,367059,0,425880,0,0,0,0,0,505600
340,000892,2018-03-08,-0.007566204287515754,-0.011349306431273631,0.46100789372960976,8657.0,41490.259396769165,295,3569215,2758410,304724,266977,1692483,986747,508398,520789,820260,253758,243350,256139,0,0,0,474000,0,0
341,000893,2018-03-08,0.016759776536312776,0.009310986964618184,0.16899796253808885,12972.0,65676.18793480111,1010,16948554,18214589,860065,721364,4316704,4734079,3657921,3695936,2720835,3865095,2642277,3133113,1705424,728958,400928,485814,644400,850230
342,000895,2018-03-08,0.02071973827699014,0.018902217375499797,0.5287130554025616,21944.0,123037.82789949213,2709,63417677,70943340,1912330,1328925,17883316,12858746,10372316,13710942,12963270,13242390,5551751,5672553,3422764,6119018,2115158,2696854,9196772,15313912
343,000897,2018-03-08,0.024390243902439046,0.021341463414634276,0.10650009633508525,5328.0,78172.93988892555,951,10301305,18083127,754356,1022768,2401533,3355663,2054675,2248749,1779391,1552889,1010318,3668763,1730090,1990456,0,447440,570942,3796399
344,000898,2018-03-08,-0.002949852507374673,-0.008849557522124019,0.13798965845763592,21856.0,211226.17750722988,2419,99278510,70593565,1485767,1626140,17077792,8489956,11149892,8668986,13017746,8450865,6226324,7957891,6984573,4531534,4480881,2219972,38855535,28648221
345,000899,2018-03-08,0.027504911591355707,0.025540275049115824,0.129292365799252,7377.0,46667.77046669565,1554,12116408,19501841,1150055,5336176,3284788,4330770,2570473,3125996,2156299,3058107,1434247,1914444,393974,0,0,421538,1126572,1314810
346,000901,2018-03-08,0.001985111662531125,-0.0009925558312654514,0.5569038452972788,20150.0,105859.72592006254,1309,29387213,28177860,1017235,582364,7237697,6502621,3871151,7775929,5123367,6597652,1660989,2573249,1384090,1092443,854358,1251395,8238326,1802207
347,000902,2018-03-08,0.01098901098901095,0.0009990009990010762,0.320846153843339,6060.0,40541.578664475244,973,9134344,9162707,620500,953558,3293127,4022001,1710294,1520652,2229907,1138535,728976,0,0,1067825,0,460136,551540,0
348,000903,2018-03-08,0.0,-0.0032573289902279035,0.12951139213989438,9824.0,103162.6861628182,562,13565439,7077515,332307,660498,2314271,2086847,1593868,1462554,1681739,1436075,523566,763816,2006748,667725,1362601,0,3750339,0
349,000905,2018-03-08,0.0,-0.002912621359223433,0.4118037267631268,10290.0,65537.27748004622,625,10190424,9947850,448652,525720,3075785,1853312,1196260,1311419,1816923,2341308,2255762,1430166,383350,1653071,463177,832854,550515,0
350,000906,2018-03-08,0.04081632653061229,0.02168367346938771,0.2914658866473881,7850.0,71568.92963609079,723,12009935,9645083,524438,784337,2373030,2487372,1943687,2059410,2954774,1687147,2874133,440654,703073,0,0,413463,636800,1772700
351,000908,2018-03-08,0.02402957486136792,0.031423290203327126,0.17688464604902696,5480.0,65377.15693045121,936,7211216,14745114,707917,955824,2172451,3039424,1764777,3431952,1639076,2224145,926995,1447014,0,0,0,0,0,3646755
352,000910,2018-03-08,0.01927597555242122,0.0004701457451810054,0.5266571230841758,6480.0,63888.316461600385,1633,22848367,25900335,1052598,1745050,4961815,6300744,5904714,4115143,3871614,5067853,3861788,3010301,2627928,0,0,3071094,567910,2590150
353,000911,2018-03-08,0.0039215686274509665,-0.002614379084967422,0.2906872749346759,2289.0,34367.07889242807,692,5584726,2995994,794229,472132,1164374,1506821,1297756,872261,802318,144780,988134,0,0,0,0,0,537915,0
354,000913,2018-03-08,-0.010989010989010839,-0.012724117987275796,0.603976766852687,13856.0,48827.111708644516,819,16221458,7545475,659840,760277,4375328,2816719,4136284,2057413,4106570,1472092,1609475,438974,618233,0,0,0,715728,0
355,000915,2018-03-08,0.03677973028197812,0.040049039640376094,0.5313284561605327,27093.0,193515.1095790435,2122,58415633,115048183,947877,1222930,9262683,10242631,7611576,16462644,10123673,20441854,7453212,10890695,2810679,8296520,2262851,6273386,17943082,41217523
356,000917,2018-03-08,-0.014760147601476148,-0.006150061500615145,0.183481633415713,23955.0,244813.6765926768,1966,100307467,82619357,1280557,1597020,7744489,9098942,9530234,9176817,11058893,13135542,10723967,7417373,5943076,5405321,7754735,6614821,46271516,30173521
357,000918,2018-03-08,0.019033674963396807,0.030746705710102518,0.2040788098071404,14080.0,156040.97018019765,1121,26974589,35423232,1111875,868526,4503109,3934372,4046691,3859480,4593603,7937782,3906744,3951739,1372477,2505886,463512,1252518,6976578,11112929
358,000919,2018-03-08,0.01831501831501825,0.014652014652014822,0.3715914958263073,15846.0,70188.43463759263,485,9493004,9699830,409759,511249,1969936,2046224,1816487,1691750,3393856,1754150,476760,2448244,328800,696288,411000,0,686406,551925
359,000920,2018-03-08,0.01831501831501825,0.003663003663003872,0.4571967873287715,8230.0,49131.35457483942,320,4593975,2499669,270237,617693,1337317,1099204,833493,326888,729592,222975,478986,232909,370350,0,0,0,574000,0
360,000921,2018-03-08,0.015671641791044744,-0.00223880597014936,0.3059775977705829,8052.0,54415.272892268054,1920,20931638,24932400,673954,5639801,7799420,7750985,3295930,2927874,3885444,3924639,1131381,888948,309089,1972279,1778568,402300,2057852,1425574
361,000922,2018-03-08,0.004392386530014614,-0.004392386530014725,0.2692685995076378,10771.0,80323.66776324382,643,13554581,7941622,435250,594426,2356855,2524586,2539510,1967148,2894980,1357913,1484282,782781,981102,714768,956002,0,1906600,0
362,000923,2018-03-08,0.10591016548463372,0.08132387706855804,0.46000904566566786,31611.0,136696.23618052457,2115,70348635,87733477,874968,1021278,8725487,12106464,10348728,11931640,16452380,18415824,13274690,12140710,6076961,7615578,4050637,8454300,10544784,16047683
363,000925,2018-03-08,0.0174825174825175,0.011363636363636465,0.4405800859655849,10368.0,41574.72318633081,674,6466606,6188118,644500,335054,1850250,3109012,1346197,1358993,1681411,745531,227700,285180,0,354348,0,0,716548,0
364,000926,2018-03-08,0.01032863849765242,0.00657276995305156,0.2753655602464718,10700.0,105814.37772424845,1496,21994218,26573898,1037712,1176469,5514826,6651194,3152271,5403660,4860798,5600001,2373569,1808036,1419399,744720,407943,2083410,3227700,3106408
365,000927,2018-03-08,-0.004784688995215225,-0.0023923444976076125,0.1590216796441701,5016.0,49893.05293334878,691,8888793,6221227,541811,906934,2452706,1875602,1622730,1040358,1078916,1260504,1156366,1137829,1039335,0,459799,0,537130,0
366,000928,2018-03-08,0.003273322422258529,0.003273322422258529,0.20896109044720515,6180.0,66112.72050697009,855,11950257,11081803,537651,765363,2885009,2367677,4303100,1390151,2682405,1672496,261375,1015321,307500,0,472396,1820569,500821,2050226
367,000929,2018-03-08,0.010739856801909253,0.007159904534606021,0.3352812720594753,8430.0,50284.31154704412,624,5475008,10271792,479060,814103,1521580,3045206,1663825,2404543,911300,2335191,256428,474935,0,692014,0,0,642815,505800
368,000931,2018-03-08,0.01700154559505407,0.015455950540958385,0.29730090352606847,13040.0,88899.19866167179,473,6840666,8426233,373293,406469,1908549,2244820,1122576,1793271,1208355,1586913,412287,205954,333606,974013,0,0,1482000,1214793
369,000933,2018-03-08,0.0072202166064980755,0.002406738868832692,0.1403726624980186,85359.0,383732.6284559647,3518,334044651,322914154,476518,403041,16830053,9092406,30963799,32633160,49435910,45409064,38064647,34410534,28930811,28035006,21738606,18220805,147604307,154710138
370,000935,2018-03-08,0.005777007510109788,0.0034662045060660507,0.35577160017363707,24444.0,121419.00345254036,2368,70930035,67012554,1280609,1679726,11792238,12190373,14121537,13144614,15738722,13777824,7911130,7112578,6149395,3957062,3524434,1750429,10411970,13399948
371,000936,2018-03-08,-0.0070224719101122934,0.002808988764044784,0.15366693983038127,21210.0,108507.92895671859,2151,65230006,54433655,1671988,1517985,10951445,9040549,12125766,8902621,15166312,13016074,10387768,7371672,4199366,4729132,4386671,979297,6340690,8876325
372,000937,2018-03-08,0.008896797153024938,0.005338078291815096,0.14129752911478305,10754.0,98366.35374174493,1584,28007019,35950297,1004767,1754624,3490093,7773158,3771971,7772442,3823817,7868447,3378238,3208044,1774982,3205112,950583,1399305,9812568,2969165
373,000938,2018-03-08,0.005110476476777537,-0.0030061626333984792,1.4407232765987448,33690.0,158029.2624382946,2133,93753289,94008968,1074374,1306352,10042973,9247243,10828577,13651019,18239354,18348508,15871777,13194781,9735608,10792731,5236339,5752604,22724287,21715730
374,000949,2018-03-08,0.030379746835442978,0.03544303797468351,0.14972261359062686,12390.0,131072.28043637777,700,12347556,19432528,666936,512352,3089136,3013193,2862239,2269013,2836132,2531914,951479,1420031,364949,1104522,937563,949111,639122,7632392
375,000951,2018-03-08,0.0038022813688212143,0.0012674271229404788,0.48119500156326994,6324.0,49050.04844214963,1075,12759606,10576498,816145,1378217,2827593,3910110,2945054,2805308,2823147,2277463,1432217,205400,337450,0,0,0,1578000,0
376,000952,2018-03-08,0.008245877061469287,0.011994002998500841,0.6705188008293747,10736.0,61072.70817704322,395,4626397,6858166,253112,492776,1368329,1377374,1380387,1210473,627007,463878,997562,1841056,0,0,0,887482,0,585127
377,000953,2018-03-08,0.007722007722007707,0.005148005148005064,0.2743240275392817,10913.0,55815.247798253076,802,11945310,9696400,830196,827157,3310645,3580319,2785774,2086206,2662385,1445352,1184632,211528,377301,0,0,401706,794377,1144132
378,000955,2018-03-08,-0.01851851851851849,-0.02136752136752129,0.2061165260983179,11136.0,85857.46505288943,1163,21728963,19815803,622041,1321335,4707943,4344645,3601221,4267789,4427408,4946301,3044270,1123958,1002589,714880,445136,1328615,3878355,1768280
379,000957,2018-03-08,-0.004264392324093924,-0.002132196162047073,0.33274535549542833,5658.0,42830.32343918935,794,10103530,5355586,1085873,598844,2835460,2395835,2474061,1091488,1124616,446350,778238,823069,1350872,0,454410,0,0,0
380,000958,2018-03-08,0.06382978723404253,0.042553191489361764,0.10289536674604392,18381.0,107964.46967064141,2094,44842671,62988066,1328153,1976856,8544702,10475036,7732336,11860429,9197546,10463982,7955327,8706746,2862666,4242681,2741966,2290708,4479975,12971628
381,000959,2018-03-08,-0.003472222222222099,-0.005208333333333259,0.18298929745317796,5730.0,43005.024337102506,992,9254084,8983019,1831066,626571,2418739,2680670,868244,2245580,2043793,1252650,1181419,942096,910823,730027,0,0,0,505425
382,000960,2018-03-08,0.03791469194312791,0.029113067027758843,0.26469350042013784,67230.0,299247.5483321215,3117,227317764,292152466,1060170,948619,10761790,12070980,19802403,18011320,33030565,32324921,28683264,33598313,24594714,26420522,15136294,21243969,94248564,147533822
383,000961,2018-03-08,0.011299435028248705,0.005649717514124353,0.1799692836950484,14380.0,79996.04372280717,1549,30241040,35274699,976254,1345577,4360147,9615435,5369664,6445631,7906902,8012996,4370826,3652975,3228486,3060554,1296098,1325363,2732663,1816168
384,000963,2018-03-08,0.0374723215806505,0.027933912451030496,1.1033859385316505,36072.0,364414.3479264656,2835,146283465,184974845,1824084,890628,13328477,13813766,10946520,16060053,21065886,29258041,14184815,17853302,13018690,16212389,6619336,7229513,65295657,83657153
385,000965,2018-03-08,0.031192660550458662,0.0183486238532109,0.167837382697775,11160.0,68292.38958074327,1055,14203412,22715106,710222,1197885,3478436,5473818,2778007,4671923,3532486,4473220,1431341,1450750,1727920,1659680,0,1839785,545000,1948045
386,000966,2018-03-08,0.005797101449275477,0.005797101449275477,0.10768794876911456,8675.0,76269.18592265192,1029,18103142,16564999,1062012,736802,4292423,3533576,2834669,2649382,3116495,3891927,1668482,1962365,1402263,1782440,476665,959722,3250133,1048785
387,000967,2018-03-08,0.0,-0.00996264009962633,0.35920096608278085,8843.0,99730.9818995557,499,13240546,4822287,373868,596917,1846021,1946459,1652434,1028792,2438424,797651,1616107,452468,1050462,0,1903398,0,2359832,0
388,000968,2018-03-08,0.028571428571428692,0.02285714285714291,0.3541376597520659,14440.0,107294.48405650907,1564,30769080,38768746,1121646,1420650,6371250,8176491,4335398,6323247,7884239,5337696,3509999,5093059,1491772,3121100,1763565,2245401,4291211,7051102
389,000969,2018-03-08,0.01025641025641022,0.0038461538461538325,0.2387778175813519,5495.0,39462.36289187527,1067,10194721,9688423,911981,1226817,2484540,4341950,2685679,1911568,2131914,1653143,1369867,203840,0,351105,0,0,610740,0
390,000970,2018-03-08,0.0023904382470119057,0.003984063745019917,0.24802689976724687,31450.0,241068.52644109752,2562,116828974,139030951,1035777,1283888,11187395,11527189,12361715,13426005,22012296,19715531,19207161,17914623,11550196,10923669,8099366,7482134,31375068,56757912
391,000971,2018-03-08,0.012864493996569415,0.0034305317324183626,0.343327014373679,12848.0,70331.67597130348,1153,16656006,23273827,876162,911977,4532934,6392835,3246692,4882286,3249859,4633178,2884643,2359251,1392577,1644132,473139,489942,0,1960226
392,000972,2018-03-08,-0.015873015873015817,-0.01851851851851849,0.17283329823412,7420.0,74040.07240724034,478,10887896,2794464,556181,301856,2619405,1036419,1611047,319435,2298868,345504,1308727,0,668968,0,409200,0,1415500,791250
393,000973,2018-03-08,-0.003809523809523707,-0.00952380952380949,0.14324620942137203,8336.0,83474.74168983122,1345,26705421,12303422,1625839,880006,6067030,3670576,4222844,2404096,4770885,2758243,4465530,894354,650394,342550,858128,0,4044771,1353597
394,000975,2018-03-08,-0.0060606060606061,-0.013468013468013407,0.3473933030711837,8895.0,118653.53406424572,1828,42577399,19176922,2802978,1078154,8423169,4239868,6588273,3640970,5757517,3967968,3727144,1747151,3048330,1697962,1780878,1732934,10449110,1071915
395,000976,2018-03-08,0.0023952095808381646,0.004790419161676773,0.2738957241388307,6688.0,68560.54865804473,929,10424237,12043515,3281413,331687,1806422,1449398,1464244,936007,1742107,2724555,1219177,1794383,395063,1025786,0,0,515811,3781699
396,000977,2018-03-08,0.032352941176470695,0.045098039215686336,0.3522967666088329,127568.5,878177.3677472688,3360,558070820,771763878,636713,454457,10240035,8364146,18687247,15856433,39409619,35841170,45452787,37633470,30731703,29474290,33018634,26896268,379894082,617243644
397,000978,2018-03-08,0.007751937984496138,0.0025839793281652312,0.30530869704459235,3890.0,50501.03234171141,642,7992802,3935986,679472,643182,1702016,1809807,1156265,703035,1216322,549674,1066611,230288,1016830,0,0,0,1155286,0
398,000979,2018-03-08,0.10204081632653073,0.020408163265306145,0.02883463113680383,7500.0,153565.68674693446,2735,42479086,64061126,1343567,3163183,8595779,11560170,4468088,6698154,4397201,9210835,2448987,4456385,1375373,4763800,1822026,896140,18028065,23312459
399,000980,2018-03-08,-0.010506208213944768,-0.01146131805157602,0.23455200915022162,8336.0,50399.66553021771,1996,22647591,23029996,1017572,4742853,9362308,9611544,3472592,3545023,3902226,2683671,729735,1008028,992083,0,414400,415359,2756675,1023518
400,000981,2018-03-08,0.0036057692307691624,0.0036057692307691624,0.3826828322287155,5852.0,34339.93388274575,472,4065193,2491642,1190322,328598,999962,580680,557282,718694,458862,529270,525565,0,333200,334400,0,0,0,0
401,000982,2018-03-08,0.0062893081761006275,0.0062893081761006275,0.12128740300029058,6858.0,80763.85028105458,688,10430949,9748078,537431,721203,2588653,2540459,1893941,1151451,2361744,1185589,1184870,951865,641600,681239,0,935308,1222710,1580964
402,000983,2018-03-08,0.008800880088008833,0.0033003300330032292,0.19366061810273544,18260.0,123469.99295481917,2205,63036378,62112792,1496583,1660953,9392878,11248540,8720329,10521932,8715580,11119366,9041278,5500351,4811728,3440648,6437410,3605763,14420592,15015239
403,000985,2018-03-08,0.016383495145630977,0.004854368932038833,0.9185639776618858,3320.0,23680.499961069785,321,2020694,1937349,362078,299673,1221246,738287,437370,288352,0,342263,0,268774,0,0,0,0,0,0
404,000987,2018-03-08,-0.00994035785288272,-0.007952286282306154,0.2587673347713996,12954.5,63695.54716547228,1512,29089701,22007748,1431592,1807278,7071430,7017186,4953206,5811230,6750337,4361107,3526512,1638717,706734,0,1265836,869230,3384054,503000
405,000988,2018-03-08,-0.0006317119393556281,-0.008212255211623498,0.3467922004906107,31870.0,134694.41036238757,2086,79459597,64851776,826432,1216074,12371946,12225804,13242380,10389791,19240276,13823535,6344175,5312633,5865189,5937598,6833575,1326278,14735624,14620063
406,000989,2018-03-08,0.04009661835748801,0.01304347826086949,0.6025112236055832,18720.0,156198.64542364868,1181,48696375,39364000,719177,898446,4856530,3671109,4609885,3518242,7551845,5274778,7637419,4725972,4709467,3066604,7317260,2711266,11294792,15497583
407,000990,2018-03-08,0.021820448877805543,0.01558603491271815,0.473059926903922,8145.0,32646.96830563464,1150,5605530,13936808,809622,1436378,1938566,6972604,1028718,2485702,397675,2208944,671406,201996,324600,631184,434943,0,0,0
