,code,date,pchange_whole,pchange,change_std,amount_median,amount_std,length,sumsell,sumbuy,sell_vol_0,buy_vol_0,sell_vol_1,buy_vol_1,sell_vol_2,buy_vol_2,sell_vol_3,buy_vol_3,sell_vol_4,buy_vol_4,sell_vol_5,buy_vol_5,sell_vol_6,buy_vol_6,sell_vol_7,buy_vol_7
0,000001,2017-11-06,-0.012259194395796924,-0.015761821366024442,0.19482086655329559,91430.0,610876.7656846219,3442,521317853,418146227,815426,634794,12457220,10433524,19931661,15603936,42611107,48337281,35452080,29614023,37532722,29772288,20902641,22789366,351614996,260961015
1,000002,2017-11-06,-0.026241134751773032,-0.02872340425531905,0.47866092165173035,108700.0,686607.0010944033,3474,567625642,470103220,394146,703436,10188132,12074157,17558935,24662646,30840134,50228449,36864146,47868610,25927237,40415800,34468892,31513937,411384020,262636185
2,000004,2017-11-06,0.0065047701647875655,0.006071118820468291,1.5767844078209876,11540.0,23430.637659033244,213,1832495,1847384,171144,224579,1180984,849337,194736,541836,285631,231632,0,0,0,0,0,0,0,0
3,000005,2017-11-06,0.00219780219780219,-0.00219780219780219,0.18096518088084068,4955.5,39570.95601525825,632,6713774,3434102,749232,762893,2082923,1488821,1129016,445235,966560,510153,524964,227000,362148,0,898931,0,0,0
4,000008,2017-11-06,-0.0010869565217390686,0.0,0.26760894101055643,9140.0,91391.39305450211,1182,23115492,16301276,1409427,955311,5234822,3095066,4656971,2677251,5919761,2014880,1091079,1307116,997016,667206,431408,2253100,3375008,3331346
5,000009,2017-11-06,0.007722007722007707,0.007722007722007707,0.19194339314862777,8596.5,97091.35022032513,1640,33252290,30649828,1276167,1738503,5164568,6541908,5426533,4512662,6398059,5485437,3184842,2552931,5116346,2725224,2771533,1748688,3914242,5344475
6,000010,2017-11-06,0.0033783783783785104,0.0016891891891892552,0.12604837698714877,15876.0,79946.410181877,2211,46035021,47041427,1678421,1824102,9741463,9029385,11360454,9089090,10540979,12993965,6390252,6289209,1148211,2571992,1823866,441342,3351375,4802342
7,000011,2017-11-06,0.005319148936170137,0.0026595744680850686,0.5401613725993019,18800.0,64679.48226125176,1211,26521648,19011789,900867,1307971,6138712,5820384,5797038,4229217,6198723,4373580,3123533,451439,2117713,1849278,923080,413820,1321982,566100
8,000012,2017-11-06,0.0011904761904761862,-0.004761904761904856,0.2332455372808659,12510.0,73501.91570098366,1297,30017252,19363241,2150439,861737,6365432,4326282,5808431,3596006,6697150,5970406,3382637,715316,1368382,982777,1346073,836436,2898708,2074281
9,000014,2017-11-06,0.0,-0.0024752475247524774,0.9474247315110134,8074.0,156925.75629715083,290,3001830,5306625,391425,298011,966435,1149019,889411,380723,352059,852962,0,0,0,0,402500,0,0,2625910
10,000016,2017-11-06,0.019966722129783676,-0.0033277870216305017,0.1686207066385546,12495.0,103075.08260637586,1271,29963126,33995701,1651832,625661,3636898,5302634,4075126,4477384,8039659,9227999,4852841,4305314,3064361,2617529,890221,2622484,3752188,4816696
11,000017,2017-11-06,0.0028050490883591017,-0.0014025245441794398,0.31250326388828065,7080.0,33045.99306344084,520,4657435,4507997,577417,602174,1841625,1810445,1319953,767555,643490,132396,274950,1195427,0,0,0,0,0,0
12,000018,2017-11-06,-0.002777777777777879,-0.002777777777777879,0.23733750684417634,7909.0,50195.479749653685,920,12594299,10677340,727948,873308,2970989,4407235,2561334,1861835,2377623,2763164,2219644,771798,1021761,0,0,0,715000,0
13,000020,2017-11-06,-0.032124352331606265,-0.031088082901554515,0.39774759172756663,20559.0,210891.7476379782,2360,63288449,79583835,1821974,2048287,11115064,11622658,10244087,12101359,12561478,16133789,7738951,8134594,3390214,4155521,4807113,4087540,11609568,21300087
14,000021,2017-11-06,0.04030501089324634,0.027233115468409563,0.1747877217410395,13020.0,183852.4692250592,2763,82826322,91201864,2912142,1094455,11433910,8168801,9712751,10335743,18332012,12764611,9768660,13828348,7231185,3314275,6301089,7796143,17134573,33899488
15,000022,2017-11-06,-0.009453349773941522,-0.012330456226880226,0.7338802579453679,16842.0,94329.67796202036,1099,25440567,16502643,773080,960925,5382891,6664843,4939706,3394783,3758078,2825852,3387206,1274291,1059906,334311,1324366,468048,4815334,579590
16,000023,2017-11-06,0.01137357830271224,0.012248468941382429,1.410071814895605,9062.0,35894.63815438223,262,2767247,2532668,212039,393353,815440,773073,718592,573773,801568,509692,219608,282777,0,0,0,0,0,0
17,000025,2017-11-06,0.004649000464900022,0.0034867503486750717,1.2160098331009244,12957.0,49186.4481750238,1251,20369103,15793655,1432189,1541006,6146549,6371126,4346283,3427522,3770250,2153351,2087152,1951783,1080582,348867,419040,0,1087058,0
18,000026,2017-11-06,0.00786713286713292,0.0034965034965035446,0.42498808735461463,8060.5,37114.74923029309,724,8161574,6772786,733087,612086,3240949,2330205,2283137,1682036,1206857,689973,697544,998086,0,0,0,460400,0,0
19,000027,2017-11-06,0.0015797788309637184,0.0015797788309637184,0.27323179231220573,6340.0,63485.2567037201,536,8485562,5316047,589545,416898,1891096,1566307,1713519,567087,1524889,640649,875426,542542,713391,695664,458292,886900,719404,0
20,000028,2017-11-06,0.04358199459201528,0.03944647685700642,1.403972368257573,12880.0,94415.1949132442,2005,17794918,51389777,922694,4020090,4874883,10506911,3826103,12690744,3134604,7336821,1699581,3510144,1253014,2335490,0,831420,2084039,10158157
21,000030,2017-11-06,-0.004761904761904856,-0.0071428571428572285,0.18573433837318049,1666.0,38659.638362286576,2049,17496981,9717329,2383277,1062248,5140834,1773979,3908364,1932010,3142502,1941922,1463150,1204467,1025594,389846,433260,1412857,0,0
22,000032,2017-11-06,0.00522648083623678,-0.0008710801393727596,0.47642358518529343,10336.5,34544.542404802276,580,6806034,5733513,670323,344429,2887951,2335400,1976048,875401,1062408,1196022,209304,982261,0,0,0,0,0,0
23,000036,2017-11-06,0.022727272727272707,0.006493506493506551,0.25131316084221805,12070.0,67262.6168154091,1352,24414273,21949979,1016995,1329814,5430620,6119422,7260422,5990189,4047047,4190224,2414556,1950704,761277,680604,0,953911,3483356,735111
24,000037,2017-11-06,0.06142506142506132,0.03071253071253066,0.35492267329742017,11710.5,95714.43357196024,526,10645774,13030910,640857,423035,1840954,2169219,2276370,1444275,1787120,2178164,708665,1387513,706088,2453555,2076500,1381663,609220,1593486
25,000039,2017-11-06,0.03290488431876604,0.008740359897172256,0.37490251606198677,29145.0,238631.776114776,2693,148149949,127730094,2159513,1405350,9428000,10569686,16335917,11194573,25936242,20478028,12874955,15253355,8706047,9528380,7388758,10325604,65320517,48975118
26,000040,2017-11-06,0.028474576271186436,0.01762711864406774,0.490247146616921,10472.0,132710.19717248378,905,16510296,25987957,347792,1222406,2819959,3684496,3091795,4032064,2907487,5366064,1604825,2723546,0,2675766,1877270,1307700,3861168,4975915
27,000042,2017-11-06,-0.013801756587201952,-0.013801756587201952,0.43204679863117035,1585.0,30058.213737401627,1362,8978581,1612317,2866681,422517,2555261,921419,963870,153990,909376,114391,487648,0,333345,0,0,0,862400,0
28,000043,2017-11-06,0.009505703422053147,-0.000950570342205248,0.458420788588857,9477.0,113505.07926921813,526,12716820,6556492,587445,240693,2262672,1537265,1615756,887111,2164944,728587,704840,442636,388188,0,1390195,490504,3602780,2229696
29,000045,2017-11-06,0.015311004784688942,0.010526315789473717,0.38073024747310413,10530.0,67063.88890790824,753,14391410,8554984,401233,654114,3136606,2846624,5450685,1320832,2086153,2211759,211696,254825,379014,375155,400235,891675,2325788,0
30,000046,2017-11-06,0.016774193548387162,0.002580645161290196,0.30815440107884573,1548.0,39364.29327367712,632,4846726,2797949,871097,183295,1485590,487909,825438,129091,1083087,466567,262626,669212,318888,374400,0,487475,0,0
31,000048,2017-11-06,0.00536968194960763,0.00330441966129702,1.0793812468208819,12165.0,113940.06848134467,503,9513557,4928166,599651,511568,2815516,1733033,1802567,619966,447919,733278,226872,894541,361754,0,0,435780,3259278,0
32,000049,2017-11-06,0.011017260374586835,0.009915534337128218,1.1573237422930247,54500.0,377315.7918986455,2215,182963287,162243142,740878,562662,11491318,8774275,13647631,13477560,24119290,20525993,14625692,14104859,10315997,8719564,9155829,12067578,98866652,84010651
33,000050,2017-11-06,0.027108433734939874,0.022805507745266906,0.4221482011164001,74144.0,378117.62586250674,3033,273921787,324367713,725359,972833,10034532,13577771,12915493,18853654,29621902,36307104,28433558,33216764,22597330,26461878,22217491,20239007,147376122,174738702
34,000055,2017-11-06,-0.0028571428571427804,-0.005714285714285672,0.1520221407274152,1392.0,56552.271833241284,2124,17418291,10324612,2151670,1069313,4343201,3764202,2638177,1990440,3009300,1902898,269880,422944,367290,690373,962545,484442,3676228,0
35,000058,2017-11-06,0.029748283752860427,0.021739130434782483,0.18534000332096034,23787.0,109511.89984397525,2227,57751947,65944345,1594552,1774767,10374005,11145388,11202876,14341405,13449210,12967426,7680139,6736293,5645559,2143173,2668518,6167845,5137088,10668048
36,000059,2017-11-06,0.019821605550049526,0.01189296333002976,0.24318488227405233,26311.0,104056.14622073832,1722,51530083,51327127,753710,758354,7735197,8478760,10933725,8288224,15178490,12489032,5944145,6444378,1938380,4517100,2188293,2565818,6858143,7785461
37,000060,2017-11-06,0.007366482504604033,0.0036832412523020164,0.21491247009466422,10880.0,94078.26738569885,2556,59421856,48008911,2320198,1706671,10043743,8228296,7896676,7312547,11571962,9376424,7710891,4736319,5695659,4426788,4529286,4354892,9653441,7866974
38,000061,2017-11-06,-0.0012300123001232066,-0.0012300123001232066,0.36512513198063645,8150.0,77187.13873175645,495,8671843,6100449,377497,671293,1264088,1980132,1456999,1802265,1382744,608044,1223405,521472,0,0,1216499,0,1750611,517243
39,000062,2017-11-06,0.012684124386251883,0.008183306055646433,0.774967258108784,9844.0,71549.08149924125,994,14430979,15805112,1326287,758590,4373968,3552418,3500815,2204142,2995074,3120294,1208124,1494852,1026711,329670,0,487550,0,3857596
40,000063,2017-11-06,0.03943748089269339,0.025680220116172325,0.5488714532400779,287143.5,1221747.0704912578,3554,902190127,1130996669,175233,294338,5132197,5396238,12700701,13135369,39454977,40590208,47448240,47906987,59281056,47600697,45601540,54279643,692396183,921793189
41,000065,2017-11-06,0.0163789287295264,0.0013280212483399723,0.4865268598610875,22125.0,125266.20426021583,2156,62115427,51279715,572180,2291034,6556095,14345582,9932041,11342026,12669169,9292885,9383253,6631033,6543353,3231419,4092448,1338048,12366888,2807688
42,000066,2017-11-06,0.00922266139657446,0.0039525691699604515,0.16866450809653574,13725.0,92044.97808350206,2028,46392674,35634953,1355548,2037857,6749840,11658007,8400712,8206438,8636162,5595548,6112076,3676177,4229745,1464636,1712059,975170,9196532,2021120
43,000068,2017-11-06,0.0314569536423841,0.04470198675496673,0.19872243700051923,5024.0,65322.54984961613,926,7899167,9885257,1083790,652111,2984353,2405870,2562962,1650079,804266,1118679,463796,1230992,0,623122,0,0,0,2204404
44,000069,2017-11-06,-0.03218390804597693,-0.03563218390804579,0.1685154367107579,30240.0,221609.65469720797,2675,148519312,98903825,1313652,1505137,9213591,10421897,17563483,13893225,28032458,18255957,19003174,12586460,15119048,8185431,9312411,9880349,48961495,24175369
45,000070,2017-11-06,0.02930056710775042,0.0198487712665405,0.3012213833417994,15022.0,65239.19930690318,1234,20086081,23904654,771853,986419,5426769,6465277,3523345,5819908,4552897,5284577,2282287,2475195,1956420,1303694,471868,0,1100642,1569584
46,000078,2017-11-06,0.025041736227044975,0.02003338898163598,0.1415846871412953,12060.0,89755.49719299201,1793,33256450,29784364,1837460,1582338,7716365,5901573,9500342,5365591,5726331,6101947,1611189,2194914,1944766,1997626,955164,433815,3964833,6206560
47,000088,2017-11-06,-0.014134275618374659,-0.01531213191990588,0.2740008332053431,10032.0,106584.06720310258,960,21357942,13755050,995052,1135997,4166740,3959914,2708417,2586800,2524716,2567912,2697320,941627,1073493,956371,966918,466460,6225286,1139969
48,000089,2017-11-06,0.006818181818181612,0.002272727272727204,0.22284193905762134,8810.0,89550.19294268309,1561,38290342,26952270,1326372,1077839,5785408,5865813,8267481,4011821,10441514,4168093,5284473,3791429,1346409,2387758,1717320,919196,4121365,4730321
49,000090,2017-11-06,-0.020947176684881663,-0.024590163934426146,0.2097938183493223,7525.0,106534.35219439928,2743,57113988,30964808,2750227,2314293,10979504,7875273,8024412,4993197,10540064,4970574,4485167,2530724,2385819,2698069,3122740,981784,14826055,4600894
50,000096,2017-11-06,-0.010463378176382654,-0.010463378176382654,0.7311658250569568,9257.5,20677.463976329145,334,2823868,2336697,312091,281523,1747068,1267013,643729,484701,120980,303460,0,0,0,0,0,0,0,0
51,000099,2017-11-06,-0.011538461538461608,-0.02019230769230773,0.26967114291121286,15299.0,90388.15630805356,1488,35450089,26509991,995608,1033149,6243681,6811742,6464665,4173643,8338379,6420371,3886300,2447882,1257674,980027,2119881,1314049,6143901,3329128
52,000100,2017-11-06,0.09601873536299776,0.07025761124121788,0.0720581221593654,127501.0,849705.6626821085,3540,554278363,748882086,713369,709509,10130687,9668566,21660652,19948874,44219984,39664268,40683432,39829194,37073007,33447408,32289816,42769339,367507416,562844928
53,000150,2017-11-06,0.0034429992348889993,0.005355776587605332,1.4830430074393233,10530.0,45834.45565608627,310,3163842,3505886,342229,210609,1313702,1182086,786872,732086,284459,0,0,705074,0,676031,436580,0,0,0
54,000151,2017-11-06,0.005095541401273884,0.005095541401273884,0.6559715884674595,10934.0,53430.63425556051,572,6960928,8308235,335016,738038,2028645,2623767,1794640,1801572,1358457,911381,750489,265272,693681,1041629,0,926576,0,0
55,000153,2017-11-06,-0.017278617710583144,-0.014038876889848728,0.20788985355369988,2755.5,65850.20427734879,1986,27920094,18109432,1871071,1166514,5723254,5338440,5429476,4601306,5654938,3039960,1691952,1971729,2111200,0,1284218,0,4153985,1991483
56,000156,2017-11-06,0.003615328994938549,0.001446131597975464,0.5031129985954746,6905.0,50548.19418941014,755,9668897,9241476,1028771,430743,2271456,2501670,1782877,1886491,1973750,1526704,1905633,2586567,706410,309301,0,0,0,0
57,000157,2017-11-06,0.01116071428571419,0.006696428571428381,0.08234566611865092,8118.0,75932.11978333168,2977,54195002,46878479,3330377,1352773,13293952,8750842,11969275,11254312,10329409,11795695,6161994,6453605,1308905,2435276,3239524,0,4561566,4835976
58,000158,2017-11-06,-0.002072538860103612,-0.025906735751295318,0.2465886361063354,15096.0,104771.84488429232,1532,40801852,23595135,1148317,1496601,6150962,7673539,8079402,5548928,9151953,4050685,2838541,2572324,2762783,1356672,1879416,896386,8790478,0
59,000159,2017-11-06,0.015025041736226985,0.005008347245408995,0.24730960654907028,7182.0,37380.25211294854,586,6740072,5803951,493636,713046,2211460,1699646,1698404,1899695,1669943,1189064,281312,0,385317,302500,0,0,0,0
60,000166,2017-11-06,0.0017953321364452268,0.0,0.12939857774398292,8912.0,99405.2780163761,1857,36874381,30755571,1466315,1755231,5602797,7766352,5123105,5505856,6302371,3631917,5686329,2280796,2776521,2004608,1854802,1674548,8062141,6136263
61,000301,2017-11-06,0.01426024955436711,0.01426024955436711,0.12920262129050833,16710.0,107386.4781115135,1890,49356029,47640326,1334607,1263845,8008107,8079316,8439429,8153385,9711139,11359058,5984827,6713362,3771508,3496808,2226664,2824863,9879748,5749689
62,000333,2017-11-06,0.037204724409448886,0.03543307086614189,0.8482404710033216,269512.0,953048.6840526653,3588,741326249,1047951297,31130,46759,4633256,3588256,17087868,12498236,45540220,48396009,56738760,60512980,58178896,71703814,42413521,58978113,516702598,792227130
63,000338,2017-11-06,0.06280193236715004,0.035024154589372136,0.13970842450926776,96408.0,459988.05656211823,3521,390226319,452856925,1102290,721549,11561718,10915735,24091601,20942322,43742784,48389143,41407559,39332599,28826717,38949605,26423105,33590273,213070545,260015699
64,000400,2017-11-06,0.00543847722637647,0.003399048266485405,0.3343351536449253,4449.0,139704.11808351948,1936,36596367,17247649,2699292,1053247,7882863,5007490,4804994,3770025,4427486,2447164,1711227,1588791,1077724,301555,891180,415318,13101601,2664059
65,000401,2017-11-06,0.009167842031029716,0.0,0.26007317175836425,42360.0,251119.58652691272,2975,180390737,177353196,1539738,1352627,12213642,14223474,14789004,18526754,25712444,31715072,21788924,22142249,18900774,15741516,13624537,13003803,71821674,60647701
66,000402,2017-11-06,-0.0008928571428571397,-0.0008928571428571397,0.23188370623397836,13368.0,195462.7949342111,2335,89200764,59289773,1847827,2132435,10354959,8034580,8234023,8441460,10428860,13379556,8673490,6619194,3811975,3902012,3099567,3523613,42750063,13256923
67,000403,2017-11-06,-0.02069781194559439,-0.015671200473092894,0.8107403511361198,56270.0,668294.0653742492,1741,198033210,174976805,555833,1126209,7171400,7258945,8930363,7657027,19518197,18787786,12665737,13944020,10351417,12392900,12241517,7686366,126598746,106123552
68,000404,2017-11-06,0.006153846153846176,0.0,0.2568109238057009,12930.0,67150.83996522707,640,14049527,9824460,584356,627012,2790567,2636503,1961878,1050800,3546982,3792495,758476,1413450,3104879,304200,1302389,0,0,0
69,000407,2017-11-06,0.006535947712418277,0.002614379084967311,0.2707762432381652,6032.0,56529.5618311149,798,9953649,11421567,1339706,511221,2496156,2568803,1808232,999747,2380781,3420523,707460,2055523,329498,1446100,891816,419650,0,0
70,000408,2017-11-06,-0.006648199445983383,-0.016620498614958512,0.4456223393468535,28288.0,155348.88592282168,1643,72422174,61451133,845037,761651,9281311,6393681,9198891,8921290,13497780,13613312,7328652,6271008,5177557,5931602,2525853,5037280,24567093,14521309
71,000409,2017-11-06,0.010385756676557722,0.011869436201780381,0.2917796037516429,11526.0,304470.2575032052,533,27483619,9887169,447675,455988,1709884,2479503,2087195,1499970,1754720,1849859,1727794,1533559,0,1057096,411876,422094,19344475,589100
72,000410,2017-11-06,0.009933774834437026,0.011037527593819041,0.31646349981545596,9220.0,80140.27151104521,819,16078307,15268899,1097514,801931,4015432,2422576,2793529,2475934,4034632,3205328,1701196,2270012,1422904,356964,460500,884754,552600,2851400
73,000411,2017-11-06,0.01344860710854956,0.009606147934678066,1.0922604255477388,4203.0,63823.7055500091,364,4593632,1532000,441098,116587,1293177,827145,847975,475624,251160,112644,711222,0,0,0,0,0,1049000,0
74,000413,2017-11-06,0.019175455417066223,0.014381591562799612,0.1870597064545281,50352.0,308148.4749658675,3112,193872615,216616847,1127323,949479,13826503,12846153,20033953,20144646,33863838,30024080,21780196,28843429,18194216,18455995,12064518,11101414,72982068,94251651
75,000415,2017-11-06,0.009538950715421324,0.007949125596184325,0.12259373490960997,2528.0,70508.05921290493,2641,28230802,31901356,2089843,1390968,6650819,9376956,5405853,6464272,3229646,5882096,2333532,2344286,994929,1888289,0,1719649,7526180,2834840
76,000416,2017-11-06,0.008298755186721962,0.0027662517289073207,0.31806840316038476,7964.0,38738.87189534494,516,6744146,3950004,376332,512433,2121774,1976277,1263702,737635,2018653,521219,214434,202440,749251,0,0,0,0,0
77,000417,2017-11-06,0.011627906976744207,0.011627906976744207,0.2875646713965831,10488.0,147698.23959416553,894,14258638,26232264,614426,886291,2840583,4244296,3246293,2877171,2244973,2256122,705952,2061465,1419567,2076581,1293733,3504911,1893111,8325427
78,000418,2017-11-06,0.051936619718309984,0.03257042253521125,1.2038962584518198,34506.0,170331.7268536754,2232,85810808,107892200,863189,1344885,9346637,9564301,12535485,9731405,27116992,17298883,10660757,12693322,7079250,8355542,4839527,6753650,13368971,42150212
79,000419,2017-11-06,0.003076923076922977,0.003076923076922977,0.3103074932921153,6440.0,34850.63451734722,438,4072957,2976490,612486,366174,1193385,1265386,679327,753399,722925,591531,444282,0,0,0,420552,0,0,0
80,000420,2017-11-06,0.012779552715654896,0.009584664536741228,0.14041837636692395,3140.0,36848.96132882608,497,3451008,3996232,390537,425102,1269044,1028686,559931,859553,375099,1118775,532035,564116,324362,0,0,0,0,0
81,000421,2017-11-06,0.0060882800608828,0.004566210045662045,0.3162033058972734,5264.0,40159.455822939395,431,3160140,4941344,344501,353484,1227304,1003787,516038,1509935,850252,1386948,222045,283370,0,0,0,403820,0,0
82,000422,2017-11-06,0.008830022075055233,0.008830022075055233,0.13900957576211614,10872.0,91507.06387862754,1063,17630399,19742824,791503,1203646,3591780,6116339,2891460,2353782,1786839,3387396,1965391,1095830,1355527,1037529,1385607,1423808,3862292,3124494
83,000423,2017-11-06,0.018358531317494764,0.01820425794507874,1.1545134366811576,71505.5,295604.53968608775,3152,240475090,257224568,864457,856609,11488549,11225396,25755370,21671445,42649938,42943239,25586851,21733887,19942227,25620366,16443606,16145756,97744092,117027870
84,000425,2017-11-06,0.011019283746556585,0.005509641873278293,0.06387511355970991,9733.5,135342.4414719167,3264,77117440,43888650,3512249,1969790,15041022,13509363,11247482,6633945,9886467,7214034,7687027,2740733,2198401,4445544,1363018,0,26181774,7375241
85,000426,2017-11-06,0.032660902977905915,0.004803073967339255,0.22796390727707863,13584.0,144779.3030233473,2092,54718918,44617164,1437006,1226800,11756799,6801660,7088992,5309509,7793237,7868647,5494274,4510641,2992313,3064705,851079,3447709,17305218,12387493
86,000428,2017-11-06,0.0,-0.008928571428571397,0.2141626704133881,8840.0,60130.53745974286,437,7538228,5538780,506217,492543,1451769,1712078,1070622,879489,1391787,1072950,1685529,618034,989304,763686,443000,0,0,0
87,000429,2017-11-06,-0.00363196125907983,-0.007263922518159882,0.18941937212763327,8189.0,42021.42890273551,1903,26782734,11345293,3410855,1175060,8921284,3343198,6638705,1716289,4060267,2841679,1737786,1499527,351388,325512,448121,444028,1214328,0
88,000430,2017-11-06,0.0010537407797681642,-0.0021074815595363283,0.5563633627754108,6622.0,20116.018919617847,290,2256718,1874169,398096,427612,1127698,866643,625532,579914,105392,0,0,0,0,0,0,0,0,0
89,000488,2017-11-06,0.03170731707317098,0.021341463414634276,0.2887578783489739,75240.0,325693.94454213034,3229,232234537,292789508,732255,983437,10614772,12219373,18347530,24522434,37894099,50070772,26124750,36092516,23183575,30889603,14302671,19880878,101034885,118130495
90,000498,2017-11-06,0.010884353741496655,0.010884353741496655,0.186676205301192,7360.0,34703.76687835961,1553,11829058,17016228,1238592,2710325,4988043,6275590,1744901,3810063,2084902,2537417,1772620,891379,0,356110,0,435344,0,0
91,000501,2017-11-06,0.022833723653395754,0.01756440281030458,0.37347651638916274,10287.0,76839.62867693043,2092,32739846,38323980,1441733,1750467,5821330,8866863,6767608,12530667,5400293,6587967,2856740,3156463,2010706,2065431,1707416,896229,6734020,2469893
92,000502,2017-11-06,0.04351464435146446,0.035983263598326376,0.35691471913248224,16003.0,100704.56987714152,1121,18254418,33367605,958838,831309,4983060,5938755,3472931,5132160,3737290,7267609,1426955,4631588,673329,1849327,494400,1458106,2507615,6258751
93,000505,2017-11-06,-0.016634050880626194,-0.020547945205479534,0.3660896889684628,11143.0,53242.59565094793,779,14604654,8444685,644751,508207,3767047,3200081,3590375,2243408,3293654,1965114,711140,527875,985060,0,410178,0,1202449,0
94,000506,2017-11-06,0.012658227848101111,0.005063291139240533,0.3338814538950944,9570.0,164723.30353406267,560,15328124,15147944,450929,443974,2027400,1736524,2664588,1085649,4120707,1167502,1174988,696350,0,2268600,924714,417600,3964798,7331745
95,000507,2017-11-06,-0.004960317460317554,-0.009920634920634885,0.22949436826387257,14932.0,80753.39271296233,1930,44629994,32021338,1716530,2406226,8711414,8826695,8914769,8244083,8463377,5452915,3438903,2351062,3744982,1300211,2273500,1298642,7366519,2141504
96,000510,2017-11-06,-0.001138952164009055,-0.005694760820045386,0.34476348911380666,8770.0,89598.3522525158,648,10092818,8602451,677933,947068,2645412,2305772,1507421,1045652,1981118,1071338,732215,1182223,368720,376704,440000,424177,1739999,1249517
97,000513,2017-11-06,0.06569978245105146,0.07005076142131972,1.2241143029101755,79123.0,289580.77522495535,3179,233488534,292874877,692178,1168978,7721079,14706741,20210073,24775659,34932717,45629111,28474288,34053940,25280419,24546526,16170190,19318811,100007590,128675111
98,000514,2017-11-06,0.007052186177715081,0.0028208744710860323,0.2703830808650148,7110.0,48042.37516281418,687,7386416,8282684,744977,780571,2691082,2283332,1382733,1124039,1123571,1883615,490985,921903,342220,1289224,0,0,610848,0
99,000516,2017-11-06,0.013944223107569709,0.013944223107569709,0.17280719332605238,9740.0,63644.73592680444,844,13708040,11181775,727839,764274,3066692,3261978,2767056,1595621,1940926,1292103,2573031,2339453,1310400,732105,1322096,433225,0,763016
100,000517,2017-11-06,0.01728395061728394,0.01728395061728394,0.10659574971176716,4110.0,126652.70958829467,1449,21840695,19346997,1355800,965547,3792533,4767356,2994237,2843986,2590135,2716714,1568145,1415766,2082088,328427,1275148,0,6182609,6309201
101,000518,2017-11-06,0.017832647462276974,0.021947873799725626,0.28848110579362185,7320.0,66726.45817188612,639,4723965,8234899,611194,694995,1628892,2004396,1697538,1470554,786341,1352592,0,555780,0,743452,0,0,0,1413130
102,000519,2017-11-06,0.008820286659316334,0.007717750826901959,0.2404558994517308,9150.0,63674.95995248075,1423,18948371,24596960,1446213,1823242,5677407,6538828,3306375,4799941,3750644,4775760,2176581,1194590,1091727,1986525,919392,886635,580032,2591439
103,000520,2017-11-06,0.0,-0.006185567010309145,0.1526595825434453,6272.5,60421.3718344532,1010,13365744,12843527,923421,1054998,3106529,3119539,2379249,3094822,3147527,2505833,1555145,1249130,0,664196,872880,485809,1380993,669200
104,000521,2017-11-06,0.01426024955436711,0.0053475935828875,0.2168122496454449,11200.0,54321.13419091194,669,7118916,12963268,446102,1082219,1389607,3378621,2244966,3199319,1251937,2116494,1147364,1248961,638940,675000,0,1262654,0,0
105,000523,2017-11-06,0.004362050163577047,0.0021810250817884125,0.47745760034912377,7336.0,42609.91030417886,368,3920889,4265681,445932,300435,1286564,1398870,942858,903766,662835,650295,273300,1012315,309400,0,0,0,0,0
106,000524,2017-11-06,-0.008675078864353258,-0.007097791798107211,0.4337338370642211,5020.0,22136.54018024779,855,2851485,6165517,410186,2001658,1352499,1834418,571672,929418,517128,1176277,0,223746,0,0,0,0,0,0
107,000525,2017-11-06,0.016673979815708728,-0.003510311540149136,0.48191461341711267,22340.0,124551.85024960157,2239,75511855,59708641,1243401,1533807,9494905,10155235,11166893,9905024,16472177,12700441,11170023,9150875,5162582,3351941,3601209,3054441,17200665,9856877
108,000528,2017-11-06,-0.015795868772782606,-0.017010935601458166,0.15521550552690142,18561.0,93884.57296626669,2816,71990950,35638170,2501701,1287156,21834932,8624373,19135893,7328435,10675361,7825648,5362448,5182292,1722378,2768208,1231767,496726,9526470,2125332
109,000529,2017-11-06,-0.0025031289111390187,-0.0025031289111390187,0.4127417717055901,7920.0,79672.10349422588,374,6696297,3628335,329717,354470,1365622,842111,1326017,838287,1507776,237631,747175,238278,316790,0,0,444800,1103200,672758
110,000530,2017-11-06,-0.0031152647975076775,-0.006230529595015577,0.1901485320050845,12740.0,85765.84280493474,1141,21177737,21419465,1193579,1015550,4826132,6072418,2745743,4744383,1934536,3161795,2076372,1424602,1355480,2026532,3589315,441998,3456580,2532187
111,000531,2017-11-06,-0.014755959137344066,-0.009080590238365494,0.2483117988068337,11309.0,60189.62911554355,1259,25437883,12764236,1453019,933120,6714609,4606147,5159402,3605367,5543278,2136167,2711873,1105486,1402250,377949,0,0,2453452,0
112,000532,2017-11-06,-0.004098360655737654,-0.004918032786885185,0.4514808361305404,12135.0,80318.58607186037,730,15507730,9789408,611698,648457,3279805,3249483,2101840,1924569,3235534,1790239,2349940,253680,630803,716400,889710,434320,2408400,772260
113,000533,2017-11-06,0.004950495049504955,-0.000990099009900991,0.5993522830817871,10090.0,144971.0371577275,283,8866037,2871630,177257,230195,1335612,1233130,770265,485144,1273106,483032,1207622,440129,0,0,0,0,4102175,0
114,000534,2017-11-06,0.006934812760055475,0.009708737864077666,0.8166572690094047,39474.0,47913.08365606856,311,5198602,7382634,132440,72817,1442291,2634314,1874800,2766689,1225271,1358885,0,233611,0,316318,0,0,523800,0
115,000536,2017-11-06,0.011049723756906271,-0.0018416206261510082,0.22384716047292902,10760.0,71102.82909516433,588,10315409,10234780,676136,329736,2095611,2729994,1347474,2408426,1481427,1878717,2052551,1408244,0,979560,0,0,2662210,500103
116,000537,2017-11-06,0.0037425149700598404,-0.014221556886227504,0.30236498511164456,22712.0,216290.4414222187,1959,100209360,56974554,1826010,682374,9799444,5931760,10061182,6226002,32031817,8628833,10196591,6874870,4779882,3307200,4386444,3188340,27127990,22135175
117,000538,2017-11-06,0.02130750605326881,0.028571428571428692,1.8458801111947964,85088.0,431780.1828828644,3133,326656372,358684720,0,1359,11509060,8719201,25016519,18412304,35239168,39806119,32353825,35098653,29071063,24593313,18154996,21650901,175311741,210402870
118,000539,2017-11-06,0.0019723865877712132,0.0,0.209739257403948,4064.0,19007.13370215717,584,1824620,3235184,289557,1108796,651497,1254093,425023,427056,458543,445239,0,0,0,0,0,0,0,0
119,000541,2017-11-06,0.009922822491730932,0.00330760749724357,0.20167442108201164,1824.5,49333.78991660522,2024,23308220,12751600,2014167,1153134,7362869,3774632,4732789,2971594,3993924,1435557,1955959,987808,759264,366428,448790,942350,2040458,1120097
120,000543,2017-11-06,0.003731343283581934,0.003731343283581934,0.20208102015704674,9095.0,93692.01598554004,703,12102397,9144221,976965,479792,2687303,1736173,1821514,919656,2752967,1195085,536000,2322489,336072,683936,0,0,2991576,1807090
121,000544,2017-11-06,0.0023201856148493682,-0.008120649651972012,0.4550592333961195,17050.0,110582.59882863356,1435,37544507,29894041,716996,1658689,5430058,8605867,6597943,6573625,8261609,5082506,4079614,2419581,1342610,1701708,2201010,896567,8914667,2955498
122,000545,2017-11-06,0.009328358208955168,0.003731343283581934,0.1185709408915829,1074.0,33677.34272835595,2046,13530867,5611342,2042512,647974,3477414,2171146,3255217,1829919,1569640,962303,250779,0,1059405,0,481499,0,1394401,0
123,000546,2017-11-06,0.0139616055846421,0.023851076207097144,0.41985228778308675,21312.0,140372.89803276694,1679,43587533,57472495,1013959,881380,6758450,11283205,7842647,6425584,12004915,8583874,4945206,6073573,5115156,2309722,470250,2154850,5436950,19760307
124,000548,2017-11-06,0.0,-0.0027932960893854997,0.271467761265592,7090.0,21207.0359822358,695,5924220,3379889,1001405,489050,3028770,1606229,1599168,651216,294877,433194,0,200200,0,0,0,0,0,0
125,000550,2017-11-06,0.006024096385542244,0.0021905805038333614,0.6637812795263472,12775.0,55905.30553604505,756,10602020,11423869,1037178,634956,3612504,3331925,2067026,2093811,2806986,2486784,713726,1194078,364600,329400,0,481290,0,871625
126,000551,2017-11-06,0.004618937644341736,0.0011547344110853786,0.38776094577942855,8640.0,44294.815629664394,498,6544752,6483261,528822,528617,1550539,2351942,1477515,2125447,1803194,1047618,703642,429637,0,0,481040,0,0,0
127,000552,2017-11-06,0.008174386920980936,0.0,0.07304278478363481,1089.0,41857.18426715206,2542,11796713,8526351,2596424,822775,2988154,2001471,1236192,1559013,1783701,1013161,1420539,446761,1771703,0,0,432525,0,2250645
128,000553,2017-11-06,0.020161290322580516,0.0033602150537632713,0.373787221641224,16159.0,62421.14548450298,1585,36185477,25304214,960234,977201,10607210,7359701,6587177,5609309,9524811,6642635,4203704,2431847,1783834,1459703,879000,823818,1639507,0
129,000554,2017-11-06,0.020971302428256067,0.013245033112582627,0.22109419165060093,18752.5,118838.87567930554,1680,38383542,48706408,1568879,1110886,9356058,7550770,7647547,7602690,8712935,11233061,3797353,4332650,988674,3089642,2229374,2261025,4082722,11525684
130,000557,2017-11-06,0.0,-0.001890359168241873,0.2031059759992828,7120.0,39404.75504647272,678,8267282,6287283,535907,650439,2354049,2133033,2016307,1361489,1931600,1435043,749504,707279,679915,0,0,0,0,0
131,000558,2017-11-06,0.005042016806722671,0.008403361344537785,0.2140903393758144,5990.0,33420.08154946329,772,7951774,6735052,576767,949748,2466467,2703151,1880084,1855969,2530441,768841,498015,457343,0,0,0,0,0,0
132,000559,2017-11-06,0.007005253940455258,0.0008756567425569628,0.26919934734525475,17160.0,97101.80165739014,1800,48013702,39983636,1287595,1044041,7992040,8357129,7811627,7186192,10430049,9157938,8389672,4139337,3360354,2134762,2225945,846950,6516420,7117287
133,000560,2017-11-06,0.03042198233562332,0.028459273797841078,0.2198528097296937,21140.0,161700.23146197302,2151,52327678,69759493,1447181,1182157,11133105,8831585,10760648,12019882,14847421,15041611,7573632,4994130,3130106,5902616,886994,4366030,2548591,17421482
134,000561,2017-11-06,0.007683863885839859,0.0,0.3310107556450542,8253.0,53405.761180204405,757,8771547,7818944,868685,1374846,2239521,2993028,911808,1256676,1201259,669953,1027948,293544,689114,760683,1833212,470214,0,0
135,000563,2017-11-06,0.003960396039603964,-0.001980198019801982,0.1406340739283775,4465.0,78304.1507893627,1291,21368104,14446744,1185082,766112,3426539,2634583,3018695,2195490,3501908,2152856,2883442,1881720,2326266,385056,916420,1785208,4109752,2645719
136,000564,2017-11-06,0.012773722627737127,0.007299270072992581,0.15551354317521804,8800.0,62761.72822285283,1243,17494956,18668486,758831,1358071,4015309,5494995,2982616,5605940,3693855,3453296,2660509,541260,720596,1056893,447370,0,2215870,1158031
137,000565,2017-11-06,0.01781170483460559,0.01653944020356235,0.3093316704231613,7890.0,52888.68679838692,645,5306300,9178608,354741,1128145,1864569,2863798,810869,2464114,1176856,1151739,717085,294297,382180,374775,0,0,0,901740
138,000566,2017-11-06,-0.009139375476009182,-0.008377760853008454,0.4772908648454347,22134.0,144054.73270738262,756,40554960,15996943,514826,447949,3005293,2919464,3877285,3000606,6943906,4373079,5815062,2881982,3612880,0,907900,478048,15877808,1895815
139,000567,2017-11-06,-0.08183421516754852,-0.0814814814814816,0.7085955410604073,26360.0,225142.06731714855,1604,83655625,63885953,562042,1263070,5487432,8258263,6815013,8504293,11190630,10490074,6585004,6173906,4683818,5737169,5427398,1743638,42904288,21715540
140,000568,2017-11-06,0.02215384615384619,0.020307692307692138,1.153581300393041,84695.0,717844.5168894209,3177,360817228,380418032,602712,767261,10121284,11018875,21376642,22208100,34362802,40011070,26499246,31313730,22163622,26944084,22560924,26570766,223129996,221584146
141,000570,2017-11-06,0.0015384615384614886,0.0015384615384614886,0.3183884629889407,6823.5,49444.529049151155,416,6094362,3699946,247063,580704,957429,1842874,850158,1276368,1822032,0,727168,0,976000,0,0,0,514512,0
142,000571,2017-11-06,0.0,-0.005970149253731294,0.23789678911652312,6605.0,79705.89332006156,794,14433697,13727096,476329,812993,1451281,2821956,2556624,2669241,3968008,2003389,1394241,1476525,3187677,1081990,855887,813054,543650,2047948
143,000572,2017-11-06,0.009861932938856066,0.0,0.13848269172336164,10150.0,83136.97670084302,1342,23222768,23969235,1028683,1114250,4604705,5189293,4220518,4517039,4221387,5500527,2224556,3532808,1678793,690557,940485,438048,4303641,2986713
144,000573,2017-11-06,0.009293680297397744,0.0074349442379182396,0.18445167618444394,7020.0,62862.77682469994,851,11428253,8700481,955525,750790,3362277,2076993,2231400,1956623,1809525,1410226,1639347,463638,358179,720920,0,0,1072000,1321291
145,000576,2017-11-06,0.0012217470983506562,0.004276114844227186,0.8702113845766631,16260.0,269144.6589420034,353,10613505,15883814,441765,236759,2151118,831259,1516882,742668,1982929,918573,244949,792797,671384,0,0,1466808,3604478,10894950
146,000581,2017-11-06,0.007676767676767726,-0.005252525252525175,0.5026229935323075,34370.0,300106.3296678114,2425,158525447,138147169,1460063,1789447,9386123,10825590,11237432,12564091,20678146,21193383,15200877,14175741,14401748,9818771,13275032,9343421,72886026,58436725
147,000582,2017-11-06,0.0037037037037037646,0.009629629629629655,0.2610347904059897,33887.5,165607.06911025333,2682,115243950,88612062,1294290,1642927,11814837,13779335,16238736,17323250,23748692,17918318,15072502,12448091,9884869,7043983,6517920,5497641,30672104,12958517
148,000584,2017-11-06,0.0033288948069241098,0.00998668442077233,0.3991496733540838,29860.0,290334.13317949325,1417,62634814,86940074,599577,642041,8073597,5384308,10532285,5612992,10739370,8481563,6028507,6316656,3817793,5474069,4083858,2649838,18759827,52378607
149,000587,2017-11-06,0.018320610687022842,0.004580152671755711,0.15111201665665194,17056.0,130347.2323041237,1883,54313757,49881904,1575143,1413608,8750803,7496813,8556300,6651694,11550293,9337244,6976622,5819764,3954388,3796565,3083873,4313919,9866335,11052297
150,000589,2017-11-06,0.0,-0.004016064257028162,0.20563734997691807,9840.0,44578.98566099902,586,7355408,5618777,448523,759004,2669269,2522523,1165229,1048878,1028788,794372,1684678,0,358921,0,0,494000,0,0
151,000590,2017-11-06,-0.0020993701889432392,-0.014695591322603119,0.6931373480433695,16812.0,79542.80084156238,425,11482748,6406761,188131,413309,1568431,1956348,2201212,1348302,3277885,666835,2178066,754367,341112,393400,1727911,0,0,874200
152,000591,2017-11-06,0.02076677316293929,0.007987220447284393,0.14573770115726736,18930.0,144575.2453422854,1848,49298761,59897609,1285364,1645891,6801564,11247763,6119393,8594673,7844320,8917058,6220490,4248376,7241405,7056580,1316160,4119237,12470065,14068031
153,000593,2017-11-06,0.02280701754385972,0.012280701754385781,0.4863612125845751,13920.0,95591.35327919648,549,5861827,15330023,319166,366542,2400429,3079453,1422085,2543308,1152631,3105609,211548,792846,355968,709038,0,0,0,4733227
154,000595,2017-11-06,-0.003372681281618828,0.0,0.16780361874524635,9970.5,72008.05345073655,1250,25870479,12648348,1235853,1223372,4773152,4779125,4613500,3549874,5435545,2251643,2333790,844334,2304001,0,1314567,0,3860071,0
155,000596,2017-11-06,0.05269886363636345,0.047443181818181746,1.5767489824207421,36785.0,200390.89728027015,1996,84027393,127436447,1561797,1133699,9177930,6884541,10585560,10131959,13480436,23188693,10206260,30515121,7844978,17740436,3488102,3443929,27682330,34398069
156,000597,2017-11-06,0.02254986990459673,0.013876843018213458,0.28424002492564415,11535.0,84931.73930069021,1646,32271845,28741366,2472450,498561,9074850,4690520,6177883,3676699,6087875,5763720,2417080,2762310,1643790,1829628,407404,1334885,3990513,8185043
157,000598,2017-11-06,0.010544815465729274,0.007029876977152849,0.149754997767452,6281.0,109917.76168303342,1445,31802014,18913970,1534884,790386,5878352,4083618,4497748,2948421,4960917,2349589,2486010,2077754,1087479,302100,1311999,1320901,10044625,5041201
158,000599,2017-11-06,0.01650165016501659,0.0066006600660066805,0.14526417778429648,1212.0,23945.993586501816,1741,7261627,4369749,1775161,493663,1785520,1621263,1334783,904453,1171983,986770,768580,0,0,363600,425600,0,0,0
159,000600,2017-11-06,0.01070663811563155,0.008565310492505418,0.2413454767149532,13020.0,89328.97292199153,1498,29932341,36131573,1323394,1530556,6564273,6567531,4810872,4767857,7176168,7072325,3492807,4051062,2056221,3062648,1835030,3888161,2673576,5191433
160,000601,2017-11-06,0.014869888475836257,0.0037174721189590088,0.269336265840868,9636.0,91477.17455059217,898,16613345,16517377,1257969,553247,3955851,2995979,3582234,3539028,1778440,1451000,1146423,2396679,775447,726423,403305,1344322,3713676,3510699
161,000603,2017-11-06,0.012830793905372895,0.006415396952686558,0.4383252937960123,10040.0,36882.52933454289,809,9931404,6291912,975410,433164,3918577,2521995,1758057,1668727,2129788,897722,1149572,215904,0,0,0,0,0,554400
162,000605,2017-11-06,0.0,-0.002338634237605275,0.597866795328227,16816.0,82430.86112018109,1279,26276752,23651802,769911,1026487,6143168,6935403,3405915,4378442,3428681,5009428,3655633,2735180,1535823,1367076,2179509,1674694,5158112,525092
163,000607,2017-11-06,0.012622720897615736,0.0028050490883591017,0.28060079594023024,6444.0,32643.83745284102,645,5135392,5165464,460515,793696,1638751,2259429,1441600,991785,702189,473794,270891,646760,621446,0,0,0,0,0
164,000609,2017-11-06,-0.004882017900732172,-0.01301871440195268,0.49883240911250026,13310.0,50041.72898814607,607,11074675,7877082,470483,578360,2657135,3479713,2568279,1753827,2078448,1254764,1621390,459518,1678940,350900,0,0,0,0
165,000610,2017-11-06,-0.002896451846488124,0.0,0.45819395052977546,14050.0,94101.45943309819,908,17624025,19925276,654120,833399,3722923,5087770,2860869,3943613,2148587,3966121,691744,1467976,651833,694180,1307500,1262160,5586449,2670057
166,000611,2017-11-06,-0.01293661060802076,-0.014230271668822847,0.3837560667831415,12240.0,87478.74327257331,405,9781780,4977861,333084,353491,1963061,1842529,2109768,983383,2103845,829245,227700,969213,655786,0,0,0,2388536,0
167,000612,2017-11-06,0.012440191387559807,0.022966507177033524,0.268318784514364,15885.0,237432.50522271154,1517,32341014,48863893,1299496,902642,6218212,6793817,5862872,5896473,6177607,10300903,4230281,5120166,2274862,2455539,1365494,2642933,4912190,14751420
168,000613,2017-11-06,-0.013349514563106735,-0.01456310679611661,0.3530908613347724,10555.0,37906.349900521964,544,7469259,5015641,490001,617449,3079603,2045092,2224645,849403,726599,984107,0,204500,948411,315090,0,0,0,0
169,000616,2017-11-06,0.0023696682464455776,-0.0023696682464454666,0.1637585971177997,5662.5,153708.51093188382,664,9305350,9923971,541030,673739,1967652,2505339,1023303,1498001,2256162,705376,1104099,455999,1327404,344418,458700,0,627000,3741099
170,000617,2017-11-06,-0.006565988181221227,-0.0032829940906107247,0.5745382745674538,6070.0,29443.179946354812,702,6046877,4294565,1012005,624507,2172155,1917546,929598,714530,1114867,1037982,491034,0,327218,0,0,0,0,0
171,000619,2017-11-06,-0.002277904328018221,-0.005694760820045386,0.4424227022258098,7812.0,36589.37798610715,393,4233224,3513487,330490,545524,1752955,1301013,999882,741502,912622,448048,237275,0,0,0,0,477400,0,0
172,000620,2017-11-06,0.004665629860031162,0.004665629860031162,0.2294275310589149,1923.0,40902.10384191519,785,7163284,3053891,964342,391836,1976129,1036932,1297646,783706,887035,536332,252160,0,707500,305085,439040,0,639432,0
173,000622,2017-11-06,0.00522648083623678,0.006968641114982521,0.29855052878896654,10925.0,51484.51111216891,369,4515925,4955172,296294,274131,1197842,1296094,1024472,1705590,973017,794775,1024300,284856,0,0,0,0,0,599726
174,000623,2017-11-06,0.021006564551422136,0.015317286652078765,0.453687924805108,38692.0,252989.53726032778,2537,118888222,148423806,1079883,1210465,9712630,14670724,14287414,15541200,22139007,23936920,17598062,18450209,13768210,10667441,7399408,8542782,32903608,55404065
175,000625,2017-11-06,0.002245508982035904,0.0029940119760478723,0.28544779058079955,21392.0,146366.9055074044,2191,71684978,65690383,1447587,1380867,10567493,10287983,10135150,10688552,13138428,14659359,6449518,7335141,6042929,7090575,5728943,1760119,18174930,12487787
176,000626,2017-11-06,0.029231815091774305,0.021074099252209377,0.45137222274936206,13554.0,61127.06166848335,1062,13015438,18810875,606289,1140116,4159912,6094985,3945085,3323961,1656646,3158322,687690,1710488,1064016,1323715,895800,958475,0,1100813
177,000627,2017-11-06,0.01030927835051565,0.0,0.17831462411680615,34271.0,248393.02764173015,2964,174400353,125479981,1945123,1780686,14578473,10961688,17732814,14716181,26913873,27703081,20677763,14807195,13634632,10897486,9851303,10134513,69066372,34479151
178,000628,2017-11-06,0.013468013468013407,0.012345679012345512,0.3546384091220665,8037.0,57591.86926619812,631,5700767,9261297,584368,924650,1646203,2228457,587296,1956261,1428268,1352283,526800,975473,0,670103,402160,447000,525672,707070
179,000630,2017-11-06,0.007117437722419906,0.003558718861209842,0.056884861552677336,8385.0,193824.764685564,2474,69807504,54020938,1963345,2059862,8943493,8487044,5940287,6597768,11103501,7479521,5561517,5460001,3355531,2487365,1344164,860255,31595666,20589122
180,000631,2017-11-06,0.0071770334928229484,0.0023923444976077235,0.11697750951329745,6232.5,69294.0159134855,1280,14578293,16871902,801239,2030540,3572132,4185376,2500244,3512966,1847275,2954396,1033094,1164230,0,3024394,1735304,0,3089005,0
181,000632,2017-11-06,0.0,-0.00727802037845704,0.3583487075836375,6810.0,52303.45865878541,367,4346971,3157721,555224,294474,1219197,1034191,868538,616052,160975,668202,455279,200802,0,344000,463078,0,624680,0
182,000633,2017-11-06,0.019821605550049526,0.01783944499504453,0.25101562895310336,17811.0,93621.59594031009,1618,37640288,34902943,1473605,1226832,7765581,6683890,7151939,7508332,10256532,6432953,4359571,5049541,2912059,639480,938758,857936,2782243,6503979
183,000635,2017-11-06,0.01041028781383968,-0.01102265768524191,0.47162237215522246,15840.0,64655.391436106744,1199,19330631,21267416,900193,1438527,5644143,6237411,4742236,4765738,3902801,4700319,1626370,1410684,317746,346060,0,447237,2197142,1921440
184,000636,2017-11-06,0.021119324181626098,0.01689545934530101,0.19199127284714038,28634.5,124478.33093724269,2438,59854364,85053468,1826988,1080141,10167482,15351486,12916364,18172447,13573305,18731857,7152717,8389061,4029675,5659821,4079290,4810328,6108543,12858327
185,000637,2017-11-06,0.009724473257698651,0.009724473257698651,0.14357392726805052,1236.0,21328.301791401755,1848,6940660,4940664,1898662,553946,2064507,1436245,1375436,1335481,1602055,461724,0,525143,0,628125,0,0,0,0
186,000639,2017-11-06,0.03558535327488377,0.028880866425992746,0.5165281182732974,1996.0,44686.153145655386,1410,8433426,13549947,551410,2460785,3213840,3911377,1418586,2213404,1566710,1443741,483652,1495350,350838,1427690,0,0,848390,597600
187,000650,2017-11-06,0.0068846815834768815,-0.005163511187607495,0.17529489281402458,4640.0,65581.9227737578,1099,18956922,8191463,1007502,937808,2727222,3003873,2740856,1391235,5196343,1443605,3129710,521297,615317,316645,843705,0,2696267,577000
188,000651,2017-11-06,0.039894887720974825,0.035355948399426795,0.6978121426937294,439416.0,1604313.5117437618,3599,1392713644,1644410789,30268,17374,1258555,924870,6071854,6496096,36645190,30267722,69049132,45556741,73282243,59262228,77675042,75528741,1128701360,1426357017
189,000652,2017-11-06,0.00988142292490135,0.007905138339920903,0.17605067127677232,10100.0,57151.41112369456,826,13373216,9428055,890184,627484,4044231,2087123,2687563,1554497,3463990,1476619,614315,1165322,303000,663872,1369933,1341068,0,512070
190,000655,2017-11-06,0.05156037991858886,0.037991858887381325,0.22553246121042206,14980.0,78915.86340889797,1068,17797951,25193887,1161661,757214,5285477,4020232,4457592,5320888,4170051,5331290,1444484,2092105,309264,3383831,455532,421850,513890,3866477
191,000656,2017-11-06,-0.0021551724137930384,-0.004310344827586077,0.13077477122171144,8298.0,92106.50431620024,1261,24062902,15326604,1870306,1256218,5240468,3048350,2585690,2497187,2353581,2099051,1618432,1713464,1780088,754111,4149024,902759,4465313,3055464
192,000657,2017-11-06,0.021788129226145703,0.018782870022539422,0.31768030984184686,5400.0,133382.17024105106,1756,26141600,23445055,2168855,636072,6888902,4238289,4779390,2679760,2707373,4307111,1450793,1474234,673575,1094155,1650572,451920,5822140,8563514
193,000659,2017-11-06,0.016000000000000014,0.005333333333333412,0.159146887622561,11310.0,80982.5589802616,555,12051793,8658171,582577,316313,2131154,2025803,1912243,2945425,2156479,2074537,450892,960429,1118244,335664,1319880,0,2380324,0
194,000661,2017-11-06,0.03850267379679129,0.039512774806892415,3.9425271407064986,52134.0,429421.05117211957,1825,114110112,225001283,16000,8506,7271720,8804751,10432977,14506483,11199258,23987699,11761419,23435434,9142698,12159889,9732408,5344120,54553632,136754401
195,000662,2017-11-06,0.01975308641975304,-0.01049382716049374,0.598893165487402,22400.0,126673.72214760925,731,29023484,13302702,455532,604371,4125872,3264607,2884063,2575070,4979641,2791147,3944694,735468,4460307,327012,3635548,0,4537827,3005027
196,000663,2017-11-06,0.01586294416243672,-0.0012690355329948444,0.6166358874083405,18997.0,80366.02389101461,653,16750422,12638111,363060,459242,2339645,3881155,3285897,4298101,2973841,2741463,2110472,471750,2018183,314200,875940,472200,2783384,0
197,000665,2017-11-06,-0.0026905829596413078,-0.007174887892376636,0.26801353867787625,1110.0,71004.3158187735,1731,17677339,7564728,2356763,381810,2316952,2324857,1001688,1489120,4352918,1112345,967263,886616,1050826,326860,443506,0,5187423,1043120
198,000666,2017-11-06,0.02244389027431426,0.02094763092269325,0.4316840576215184,16272.0,98022.5063103298,2158,42654479,49693320,903309,1179573,12768689,11341094,6462428,8474754,8225155,7979995,4524269,5194872,1699126,2410317,829185,3352714,7242318,9760001
199,000667,2017-11-06,0.0031446540880502027,-0.003144654088050425,0.08714968375659796,1585.0,57784.79555782841,1339,12611429,8539958,1183407,1008785,3129143,1719577,1514818,890044,2009290,2299022,1836361,294810,951902,320445,491696,0,1494812,2007275
200,000668,2017-11-06,0.0030998140111593298,0.0061996280223186595,1.2874745597915531,11315.5,70752.48183435161,156,3064788,2488775,137699,100440,513630,579389,447169,662114,437634,701582,435240,0,647367,0,446049,445250,0,0
201,000669,2017-11-06,0.007392473118279508,0.0026881720430107503,0.5410023363135833,14890.0,82118.51855694618,756,16589291,11939126,628288,577353,4491992,3030881,3036019,1447072,3151655,3945532,2240715,298400,0,346238,1712664,446400,1327958,1847250
202,000670,2017-11-06,0.06000000000000005,0.05230769230769239,0.12007600768785585,27480.0,186769.68301438628,2943,94739520,155811527,1610955,1956806,11382278,14188973,13616060,15812003,20806248,26537670,13134165,17092030,6825814,13689542,9009517,7089029,18354483,59445474
203,000671,2017-11-06,-0.07566765578635015,-0.06676557863501487,0.12680220630274713,27846.0,230511.91290155036,2837,179909772,102022880,1128960,2071317,9283043,11901191,16858943,12814930,19243325,19688023,15425054,12949015,24044362,11704041,10464931,6758059,83461154,24136304
204,000672,2017-11-06,0.00397614314115291,-0.0029821073558649047,0.2154727525397826,18791.0,84138.90188871133,2181,52767249,44191597,1710016,2498842,9576866,11889253,9742976,10040462,13274997,9559587,4902084,6059073,3463646,1065567,1787404,1858320,8309260,1220493
205,000673,2017-11-06,0.006956521739130528,0.01043478260869568,0.4766279740250474,6882.0,139822.23194970202,582,8470213,13144477,527102,270993,1956988,1744498,1073200,2143271,1066428,2313586,473884,1589968,666726,1049488,855807,0,1850078,4032673
206,000676,2017-11-06,-0.010266940451745254,-0.00889801505817922,0.37575640457697407,18811.0,71262.64559985783,1513,37895469,21751277,1161616,722827,9815321,6692633,7685352,5227069,9564897,4507565,3112576,2086568,710554,1379160,1718451,429828,4126702,705627
207,000677,2017-11-06,0.004555808656036442,0.004555808656036442,0.26478969435509914,5341.0,34125.63603989747,274,3209708,1970294,269931,295316,1150194,829570,487098,537808,862485,307600,440000,0,0,0,0,0,0,0
208,000678,2017-11-06,0.020618556701030855,0.009020618556700999,0.37004045888301285,7780.0,27838.160967682838,439,3692751,3203692,463803,667664,1570140,1627281,826563,749257,430795,159490,0,0,0,0,401450,0,0,0
209,000679,2017-11-06,0.014981273408239737,0.014981273408239737,0.38237957735371597,5666.5,60243.07579961458,438,4304685,6182894,237201,607799,1439137,1238030,1166062,911254,633511,1294598,475135,680134,353639,364050,0,486751,0,600278
210,000680,2017-11-06,0.0018867924528300772,-0.0018867924528301883,0.16088192698699177,5260.0,49430.491026273296,1086,12369255,10408198,897831,838534,3660839,2770510,2481394,1903856,2294687,2460079,1084406,1396663,397950,607950,936188,430606,615960,0
211,000681,2017-11-06,0.037325905292479256,0.033426183844011303,0.5134555313719624,3722.0,78252.04958505317,1223,18637817,16313001,2192102,459968,3599315,2773729,3657260,2191562,3400789,4012740,664714,1251379,1448505,1703291,1371323,1249774,2303809,2670558
212,000682,2017-11-06,0.012121212121211977,0.0060606060606061,0.2139038307458661,6944.0,42048.11082126597,535,5821286,5924528,574158,595855,2007650,1839069,1333118,1126263,1185596,792559,720764,941420,0,629362,0,0,0,0
213,000683,2017-11-06,0.006802721088435382,0.003401360544217802,0.059155730159705724,2030.0,69245.24333172261,2491,32780288,21316486,2386197,1057511,6569760,4074222,5650668,2531376,6228237,4342817,6606668,462401,2367007,658556,1343915,1278712,1627836,6910891
214,000685,2017-11-06,0.006679389312977069,0.00190839694656475,0.3421134967451429,7343.0,77671.90973639887,938,11948758,9535311,1375074,669992,3240174,3503927,1793241,1674689,1573103,1750446,1172192,455847,0,0,434700,0,2360274,1480410
215,000686,2017-11-06,0.0020811654526535772,0.0,0.2727708458367913,10527.0,110179.35330251465,1241,27560100,27881849,1205201,1101347,4937583,4581381,4516073,4833984,5010538,4306289,2456775,1665315,2416405,2367939,1302614,1676887,5714911,7348707
216,000687,2017-11-06,0.01379310344827589,0.015325670498084198,0.3204446839692961,14575.0,101005.15894665751,1659,37691968,34308403,1440430,1105935,8234008,6784459,8168881,6002011,8268580,8503390,2169342,4360559,2270902,748185,0,2168094,7139825,4635770
217,000690,2017-11-06,-0.013071895424836666,-0.0091503267973857,0.22544777529697574,18812.5,127901.17292106811,1154,37670448,24613649,1052881,815070,6894299,4298362,3480125,4822692,9034569,5243466,3035155,4505633,3563151,1305964,421490,1277688,10188778,2344774
218,000691,2017-11-06,0.04585798816568065,0.029585798816567976,0.4527801735514011,12978.0,68150.89605757006,222,2833926,2939112,107442,245224,967192,1126825,901297,475490,314795,288422,0,0,0,0,0,0,543200,803151
219,000692,2017-11-06,0.009771986970684043,0.01140065146579805,0.34507686590449776,6220.0,44541.96026858648,316,3615636,4112472,213116,350979,995715,846428,902864,971914,1182389,1239201,0,703950,321552,0,0,0,0,0
220,000697,2017-11-06,0.007083825265643329,0.0007870916961825181,0.6529536404928403,25420.0,98751.99942979825,1514,47285109,39733534,673255,846048,7800318,7114135,8891189,7664952,9552840,10222418,8748315,6231595,2999390,2098859,2297788,2298953,6322014,3256574
221,000698,2017-11-06,0.006568144499178974,0.003284072249589487,0.2732600146814372,10692.5,79675.8761598039,496,8721080,6747396,359959,431942,2317556,1862557,1307461,1012891,1297054,1691914,488400,454212,611000,682880,0,0,2339650,611000
222,000700,2017-11-06,-0.001577287066246047,-0.012618296529968487,0.17327821542848554,11837.0,76201.65609382831,1340,28767919,14189680,1407564,769734,8339783,3510338,5696749,3369008,4279075,3587972,1900059,1596048,1696693,709080,410656,0,5037340,647500
223,000701,2017-11-06,0.016351118760757455,0.0077452667814115195,0.37826596513895155,8176.0,47437.886339376215,943,8654762,11168428,744428,877520,3627169,4061694,2238880,1894177,883492,2282813,255420,512601,0,655795,905373,0,0,883828
224,000702,2017-11-06,0.00996264009962644,0.0037359900373601374,0.1965982060025863,806.0,45632.493088255025,1669,10865280,6755261,1714016,672693,2888846,2209759,1871267,928112,1330066,758289,1311733,763168,622352,0,0,0,1127000,1423240
225,000703,2017-11-06,-0.021347565043362215,-0.006671114076050699,0.3484001067446695,16368.0,123505.93111481298,1860,33467712,33728741,744132,2092636,9559650,10897838,7986087,6964607,4895975,4384492,2362812,1492710,1440474,1733586,443592,1805088,6034990,4357784
226,000705,2017-11-06,0.011446409989594342,0.007284079084287187,0.3529053235174097,7704.0,55637.9100880991,741,7782141,6949225,1375345,710277,2199387,2197905,1220217,1069623,1020440,817427,954639,1190030,352458,0,0,0,659655,963963
227,000707,2017-11-06,0.024077046548956593,0.01284109149277679,0.3052678057442801,8183.5,47865.53871072488,416,4721575,4682921,579467,333296,1062209,1115363,1009271,1229289,861878,1098893,249375,246330,959375,659750,0,0,0,0
228,000708,2017-11-06,0.017872340425532096,0.01276595744680864,0.29528170908365686,1190.0,46451.374744297034,1584,14561761,10849289,1773268,500286,3689304,3098855,2060495,2598110,3729452,1856167,952198,986852,714870,342965,934196,893664,707978,572390
229,000709,2017-11-06,0.007317073170731714,0.0024390243902441266,0.07694178992287616,15169.0,205454.27781060556,2859,95097468,88479183,2644180,1724400,15839798,9462928,12496893,9889738,14699134,10220800,11754905,5774485,4694159,2401462,8239726,7417865,24728673,41587505
230,000710,2017-11-06,0.009227220299884653,0.013346515076618992,1.6089349211466086,24760.0,107680.44375214308,1423,40782749,40577123,941684,730982,7601857,6919708,8609249,7589731,11401942,6990115,5833937,4530042,3419411,2343110,422694,866733,2551975,10606702
231,000711,2017-11-06,-0.019011406844106515,-0.013688212927756682,0.47850414111147527,13000.0,59986.355590985004,755,14499334,10580112,388112,731982,2759407,3762565,5904100,2054019,2251504,2457112,1275417,1172674,331530,0,0,401760,1589264,0
232,000712,2017-11-06,-0.0025960539979231756,-0.004672897196261627,0.5300279433158145,20999.0,157237.65551320548,1320,49787201,40563903,894498,1097997,4565017,7451874,6425649,6286825,11482236,7211200,5677402,6412667,5353994,3502709,1305187,814903,14083218,7785728
233,000713,2017-11-06,0.009333333333333416,0.002666666666666595,0.3379591431583295,7450.0,52140.0081600316,492,6561003,5659119,309723,738178,1469179,1300760,2199338,1247228,1936496,731355,646267,216864,0,329004,0,0,0,1095730
234,000715,2017-11-06,0.004901960784313708,0.00588235294117645,0.4662042374266405,1028.0,34310.845145785795,478,2484392,2885332,421210,294454,790686,452105,546030,657288,384784,844745,0,261885,341682,374855,0,0,0,0
235,000716,2017-11-06,0.006504065040650486,0.0,0.177892426994632,9832.0,60503.03324365419,1196,19233665,15432378,835241,1641299,4936188,5074128,3550328,3442857,3773640,2174918,1686213,1006980,2922997,663200,828484,0,700574,1428996
236,000717,2017-11-06,0.04475703324808178,0.026854219948849067,0.13804094594160204,47400.0,385210.84489514376,3220,210206946,256582075,1381858,1264293,15950504,13600621,22793767,17057433,34465436,28066351,26161139,22185312,18590487,16706530,13017411,18067350,77846344,139634185
237,000718,2017-11-06,0.0038610038610038533,0.0019305019305020377,0.16242646870981817,7238.0,61686.43596325069,1018,17043141,8437752,1088040,445341,3859565,2440308,4903317,1177017,2957870,1416467,1446940,1522803,676508,398816,0,0,2110901,1037000
238,000719,2017-11-06,0.004040404040403844,0.0010101010101009056,0.36338433180475344,9800.0,89899.42089583992,742,9768263,8009571,1060252,325781,4036307,2122529,1683870,1577913,1451594,1331832,681304,0,339080,0,0,451516,515856,2200000
239,000720,2017-11-06,0.0,0.0020000000000000018,0.20900872730086192,5015.0,77029.34323812838,572,9290073,6008830,564288,389196,2239600,1184269,1135950,774613,1623964,1581978,206230,761520,0,319774,1402000,491481,2118041,505999
240,000721,2017-11-06,0.00454545454545463,-0.003030303030302939,0.25897298500697186,7194.0,52545.75474122208,649,7621690,4945327,547005,793425,2977126,2081324,1221275,1172875,501960,897703,0,0,0,0,437510,0,1936814,0
241,000722,2017-11-06,0.006250000000000089,-0.0008928571428571397,0.4513216302814928,11150.0,52902.02792539739,615,8254980,8662866,351808,628075,2425726,2829813,1695953,1667359,1837012,1257795,1075006,686185,347200,695500,0,898139,522275,0
242,000723,2017-11-06,0.009090909090909038,-0.005681818181818232,0.22986512825420863,15803.0,215623.42818101458,1466,60772349,49194569,761629,1564867,4304935,8116675,5247916,6333584,4980448,7294152,3315143,4550288,1385946,5067658,6725392,2280037,34050940,13987308
243,000725,2017-11-06,0.09000000000000008,0.06166666666666676,0.10016260363770768,1366157.0,4103491.7045636307,3602,3657158619,5849212927,0,0,125852,86000,1156214,1478188,13346525,10205289,22589283,23363428,26660467,31651687,34207851,35527737,3559072427,5746900598
244,000726,2017-11-06,0.005420054200542035,0.004516711833784992,0.2977551381802173,6657.0,66387.91407972884,1382,16004198,14681067,2055636,716504,5906225,4771502,2986878,1659920,1706150,2845567,672318,903621,329519,381152,0,1413609,2347472,1989192
245,000727,2017-11-06,0.01449275362318847,0.007246376811594235,0.06425447444645317,4448.0,165665.48303333222,1863,29950119,32842766,1485536,1518749,4537744,5215310,3310436,3462734,4366560,3947308,569112,2639523,2031583,619674,824825,1396130,12824323,14043338
246,000728,2017-11-06,0.015212169735788539,0.009607686148919159,0.273835737013208,22770.0,130905.46648573507,2081,65950497,72302927,1343271,1060099,9615554,9251287,10004630,11131113,13613881,11988869,8142433,10261622,4871968,6715515,2729589,4200796,15629171,17693626
247,000729,2017-11-06,0.0016286644951140072,-0.0016286644951140072,0.14946505231217055,4271.5,86039.12235224516,1690,23714789,16073650,2050957,1622813,4271727,3525706,2427615,2856314,3076483,3394691,725961,959098,1287536,398412,828209,0,9046301,3316616
248,000731,2017-11-06,0.022222222222222143,0.0117647058823529,0.17439153279873248,774.0,38697.924129234736,1926,13039558,7792942,1963436,656990,2983904,2026534,2000028,1853482,3034628,1165431,975660,1429837,635646,660668,0,0,1446256,0
249,000732,2017-11-06,0.0029359953024072905,0.0005871990604813249,0.46457691225226455,10193.0,64293.11886709258,1346,24875148,12448472,2297594,500634,8496527,2587562,3179622,1731677,4574241,3303329,1452076,2344068,2092682,773410,461971,0,2320435,1207792
250,000733,2017-11-06,0.013752455795677854,0.011132940406024971,0.493956537496802,15430.0,57115.39431006312,955,14461529,16879684,859009,861447,4008349,6201781,2663978,3457323,4292563,3378427,489261,1387816,308000,770775,433434,822115,1406935,0
251,000735,2017-11-06,-0.0011848341232226778,-0.009478672985781977,0.1939824529569444,23435.0,140163.64648527803,1895,66167772,57399619,1241784,1346762,8484703,8546701,10288195,9167125,13083506,11058643,8842423,7097361,4738703,3981368,3077273,5415162,16411185,10786497
252,000736,2017-11-06,0.010457516339869244,0.006535947712418277,0.5481233118770003,10780.0,52371.4655484556,780,9441645,10789612,857452,733417,3374738,3300804,1637948,2357512,1744608,1955741,724891,1588388,344512,388750,0,465000,757496,0
253,000737,2017-11-06,0.013913043478260834,0.013913043478260834,0.19541467677196783,10422.0,70956.00228726446,866,14660584,9698931,668170,955593,3527405,3627930,2285830,2275790,2978830,2261843,524978,274850,0,302925,887759,0,3787612,0
254,000738,2017-11-06,0.003313086692435352,0.003865267807841022,0.5189989577458837,18070.0,64053.58730086875,1217,18753080,23374290,1008788,1095073,4821696,7261144,4236877,3850446,4687535,4773480,1725746,1672613,982158,2541326,0,887184,1290280,1293024
255,000739,2017-11-06,0.0014306151645206988,0.0014306151645206988,0.2926390360444953,6980.0,72068.84186432707,570,9594496,4503125,678911,740717,1506278,2228760,765781,1090200,1562712,443448,512042,0,1418856,0,869052,0,2280864,0
256,000750,2017-11-06,0.0,-0.0036832412523019054,0.1406147089267195,7546.0,73308.46516127443,1494,27960821,15296338,1148498,811177,7757468,3630082,8224129,3366753,2033752,3272284,3285210,2299463,1391932,301337,423654,0,3696178,1615242
257,000751,2017-11-06,0.007648183556405286,0.0019120458891013214,0.12314152336084071,11743.0,145951.25204907288,1808,50212088,49473192,1139267,1733330,5764648,7936638,5028246,6198693,6808866,10220571,4258322,6384309,5820543,3546332,2209792,2282473,19182404,11170846
258,000752,2017-11-06,0.013215859030837107,0.011747430249632984,0.7169560117883845,10980.0,70972.99924030376,360,3352083,7272029,374145,343010,1613549,1230620,702177,903055,662212,1132206,0,1145729,0,302720,0,859025,0,1355664
259,000753,2017-11-06,0.0046948356807512415,-0.0023474178403755097,0.15759994851670614,4250.0,47744.62734842949,731,8179965,4921022,817582,747265,2340608,2002604,1644679,951434,991461,794719,726770,0,0,0,474888,425000,1183977,0
260,000755,2017-11-06,0.03201506591337111,0.03201506591337111,0.21453297322229614,11508.0,200621.7011538012,612,18328674,14547158,791866,197419,2945577,1981503,1958445,1942720,1849313,2887740,732373,711985,1665170,1373857,1249440,425566,7136490,5026368
261,000756,2017-11-06,0.008259587020648995,0.00884955752212413,0.3862329676696009,17190.0,94669.56531915364,1932,41459011,44041153,1153659,1495688,12108835,7584989,6472208,7613495,7233961,8172985,5377617,5758582,2063696,4058662,1756305,1801198,5292730,7555554
262,000758,2017-11-06,0.01335311572700304,0.005934718100890191,0.1830894731060251,8807.5,82965.55396954891,1356,22073966,21514880,1199914,1558679,4349786,5270651,3300716,3841253,5769894,2305867,1521461,3083849,991302,1047789,913939,2295295,4026954,2111497
263,000759,2017-11-06,0.022175290390707314,0.008447729672650395,0.2468236558130234,6558.0,44061.70533919962,1473,19490150,12557427,2171598,1270913,5504044,4288657,5108931,3389731,2887636,2563094,1940184,223214,303646,315354,971620,0,602491,506464
264,000760,2017-11-06,0.0,-0.0012594458438287548,0.29013357616575647,6400.0,40646.63803377811,749,8041902,5804788,709157,470491,2219096,2899600,1646118,1288023,2011771,1146674,763120,0,0,0,0,0,692640,0
265,000761,2017-11-06,0.042065009560229294,0.03250478011472269,0.10131961584271269,6981.0,133170.37544740687,2679,47665954,58597434,2965947,1475884,7322206,7449351,7008880,7087961,9854280,10329431,6311944,7646368,1684510,2439323,2307872,3113011,10210315,19056105
266,000762,2017-11-06,0.020282728948985973,0.01167793484941626,0.35063029817009495,24705.0,189643.86865726093,2154,86274830,89985288,1572649,1539465,9868638,8699016,11141731,10615995,16621370,18030615,7481005,11603677,7778101,8808189,5840921,4738869,25970415,25949462
267,000766,2017-11-06,-0.008823529411764675,-0.007352941176470562,0.49999088869295705,12150.0,125250.27192439706,741,14299574,16401349,676683,615188,3018852,2989092,2601271,1971817,2642208,2384542,2415965,1289064,358280,1050840,413100,1685437,2173215,4415369
268,000767,2017-11-06,-0.0031347962382444194,-0.006269592476489061,0.12973647956074782,6340.0,57972.98021433216,605,8494223,5387022,523024,672057,2408196,1922958,856971,695770,1263789,977276,1411112,479621,316000,639340,482848,0,1232283,0
269,000768,2017-11-06,0.019498607242339983,0.01671309192200554,0.38091842577434154,25606.0,192802.53768378956,2221,80851315,99082688,1635339,1410621,10301746,10514915,11233536,14013526,15298737,13600132,10814551,8241830,6938426,6800105,4001687,5858527,20627293,38643032
270,000776,2017-11-06,-0.00794100964265465,-0.009075439591605172,0.34898305285070985,45812.0,320282.76971739094,2553,202488434,134317769,1069220,1194791,8734555,9782625,14375102,14658652,37378015,25559508,23264219,13037903,18679152,11410335,11590147,9894238,87398024,48779717
271,000777,2017-11-06,-0.008588957055214785,-0.008588957055214785,0.645895110103649,11382.0,50596.23937707886,636,8061081,9803562,569988,829518,2768877,2721130,1969901,2768074,1915383,1473899,284944,481456,0,666445,0,863040,551988,0
272,000778,2017-11-06,0.008756567425569184,0.005253940455341555,0.10916711241160615,6281.0,90145.5312114028,2743,50933187,38619755,2875574,1348164,9969681,6683312,9237918,7829727,8731667,5998840,3844084,3721466,3075632,2863941,3473420,447876,9725211,9726429
273,000779,2017-11-06,0.006172839506172867,0.011111111111111072,0.6134937208740222,13063.0,42842.106138155796,697,9647486,6871467,809899,556682,3750134,3091439,1331191,1934002,2174686,523150,799884,0,326400,345060,455292,421134,0,0
274,000780,2017-11-06,0.008247422680412342,0.01030927835051565,0.22334279230799825,4860.0,53538.152512056964,471,5203659,5399042,328328,478591,1701977,1474777,995279,839879,622231,541260,700105,438068,379940,1626467,475799,0,0,0
275,000782,2017-11-06,-0.03389830508474578,-0.03389830508474578,0.3077949595378212,13695.0,106480.05691449037,941,28070026,16871229,699317,1137656,3667778,4262745,3033583,3251274,5986554,2788764,4153745,2148244,1416509,1003888,1810625,459417,7301915,1819241
276,000783,2017-11-06,0.0,-0.004514672686230181,0.18755026539215447,9691.0,144795.13303805384,2234,62579935,29393366,2909675,1499949,9471107,6383087,9527446,5772388,7272573,7023737,4818049,3085366,3182918,1302780,5426919,851393,19971248,3474666
277,000785,2017-11-06,0.009652509652509744,0.006756756756756799,0.5586623519534964,10280.0,42077.179919914044,343,3813166,4613045,230603,333060,1307536,1274720,1053069,1289210,737780,1303655,484178,0,0,0,0,412400,0,0
278,000786,2017-11-06,0.02953995157384992,0.016464891041162222,0.3553316811972085,78964.0,413663.0823822107,3385,316953407,379989662,709663,1373451,9107226,13281174,12899972,23931679,30211722,40847173,30117703,35621505,23733299,30062746,29199360,37569122,180974462,197302812
279,000788,2017-11-06,0.010869565217391353,0.006521739130434856,0.3598291381941313,8361.0,35770.861501394735,653,6629809,6626376,732919,635908,2451097,2280531,1977875,2319680,741363,1046340,263055,0,0,343917,463500,0,0,0
280,000789,2017-11-06,0.010765550239234534,-0.004784688995215225,0.23084587137214677,10725.0,72442.85987306622,1312,21624991,19910911,711666,2521588,4655061,6339308,3955411,3593690,3728863,4577294,2306956,1219946,1348350,0,896532,415500,4022152,1243585
281,000791,2017-11-06,0.008879023307436285,0.004439511653718142,0.21242540993005193,15402.0,77371.02507832505,1800,42579026,33354023,1993806,1442374,9311694,6809198,8443364,7960252,9627911,6998259,3303972,2990130,4632975,2805375,3080874,1811422,2184430,2537013
282,000792,2017-11-06,0.019661016949152454,0.006779661016949046,0.27555927474800535,48691.5,332427.6700708034,2870,234941304,203657987,962442,1322651,11786537,11379800,15932220,13591184,27037526,27864410,22647558,20339927,19847804,16224202,19818572,16207412,116908645,96728401
283,000793,2017-11-06,0.005780346820809079,-0.0009633911368016612,0.262785578588206,20780.0,156004.81182009098,1560,65403485,36255988,1224528,420919,8686461,2224533,17336046,2985720,12027600,3693261,5654712,4579612,3649176,4270201,4818668,914974,12006294,17166768
284,000795,2017-11-06,0.020376175548589393,0.017241379310344973,0.1526879751434441,10648.5,58565.27827212516,1748,22574252,30793295,1666446,1436307,6162989,7992057,4084594,7643405,5213111,6615854,1950330,2953578,2455923,2443626,492591,417340,548268,1291128
285,000796,2017-11-06,0.004279600570613384,0.006419400855920188,0.4132597280407904,13990.0,57786.7062690632,1151,21522228,14579356,1048760,905893,6354613,4603665,4035595,3627660,4093602,3673314,2572925,975619,685060,370205,1288925,423000,1442748,0
286,000797,2017-11-06,-0.034866468842730036,-0.02670623145400597,0.3362399977194052,27384.0,314938.02162712923,1613,92434220,82279144,692806,1018284,5148529,7278920,7047923,6932336,12499790,12467663,9163258,12023012,6335448,5496786,3542501,4563739,48003965,32498404
287,000798,2017-11-06,0.015765765765765716,0.016891891891891664,0.3981285036747098,8910.0,32634.895046392965,497,3824038,5014244,457083,652446,1935451,2179157,882733,832410,548771,428049,0,495872,0,0,0,426310,0,0
288,000799,2017-11-06,0.021556079488042945,0.016167059616032375,0.5127995332845123,74225.0,276469.83196974505,3354,233833655,268360040,630897,843573,12779794,12887572,27134350,26518835,41698248,47622785,29021909,36072148,24418180,22589458,18284946,17888933,79865331,103936736
289,000800,2017-11-06,0.021150592216581998,0.010152284263959421,0.2748061349241546,23840.0,158817.595073579,1851,66997278,70217823,1059998,1372509,6835158,8878850,7364402,9302880,13192587,15220956,6908131,8699834,6415780,5918309,5003237,5792602,20217985,15031883
290,000801,2017-11-06,0.005610098176718203,-0.0014025245441794398,0.2136577519553652,10315.0,79009.39420781136,1114,20776191,14144660,1013849,1399329,4994970,4067264,3729709,2533615,2827133,2736000,1762273,1579878,2178581,766574,409932,0,3859744,1062000
291,000802,2017-11-06,0.008928571428571397,0.004807692307692291,0.4621510638770719,14600.0,62972.63793177083,992,16050009,16239049,801518,921602,5130510,4360435,3959077,2828640,3620701,2415877,1257395,2074572,388360,971829,892448,853185,0,1812909
292,000807,2017-11-06,-0.01244444444444448,-0.021333333333333315,0.19837519253828712,55233.0,283111.77424853644,3225,239733817,241970743,733346,930006,17317252,11741782,21195059,16995082,33162638,31303310,33295841,23738458,21877340,21848354,15913873,18518043,96238468,116895708
293,000809,2017-11-06,-0.007211538461538547,-0.004807692307692402,0.2616187832612598,11151.0,59172.07102584665,252,6108137,2268496,197630,158767,1299071,879788,1024664,548144,1580907,474297,867699,207500,727166,0,411000,0,0,0
294,000810,2017-11-06,0.008538899430740265,0.0009487666034158071,0.48069961989372556,6357.0,40031.25206124979,480,5135258,4047938,469882,503557,1397328,1466851,952910,890478,1165626,1187052,622012,0,0,0,0,0,527500,0
295,000811,2017-11-06,0.008092485549132888,0.006936416184971206,0.27547185909684,14688.0,153676.4208392464,986,33191165,19976076,698648,1124290,4249910,4982714,3022852,3209593,3774178,3001151,1139640,3069878,2191214,315720,1752283,1730450,16362440,2542280
296,000812,2017-11-06,-0.002424242424242329,0.0,0.4233056106635188,8230.0,53193.43329458466,379,4794328,6162352,565009,321625,1314168,1024236,1564910,845311,683104,2316829,267159,682629,399978,971722,0,0,0,0
297,000813,2017-11-06,0.018716577540106805,0.0053475935828875,0.23907174199848985,1490.0,55769.36787640804,979,5983518,6944731,935141,843507,1547171,1450462,717336,906148,256445,1133753,712978,696629,349280,749500,447000,0,1018167,1164732
298,000815,2017-11-06,-0.021874999999999867,-0.021874999999999867,0.5190754093739817,20449.0,121258.27741226944,1369,40028668,39068608,1052597,911493,7213595,6081512,6740731,5855296,8729274,8624672,5749163,4432758,3525942,3075198,1474033,1282880,5543333,8804799
299,000816,2017-11-06,0.0,0.0,0.10483765669285834,4620.0,180172.719754891,1941,0,48459180,0,4230072,0,11130042,0,5046426,0,5707548,0,4407018,0,1574958,0,2259642,0,14103474
300,000818,2017-11-06,0.004472271914132353,0.0008944543828264262,0.4257757608848198,11180.0,78789.10173151181,689,13595410,9422686,615789,456047,2875472,3424497,2051777,1458963,2495954,1276754,2230465,941709,1788099,0,925719,0,612135,1864716
301,000819,2017-11-06,0.022771633051398954,0.016916070266753458,0.5858134094758106,12472.0,43102.18987391714,688,7491435,10184350,737142,603640,3651532,2854123,1734883,2104772,1367878,2551302,0,916959,0,630510,0,0,0,523044
302,000821,2017-11-06,-0.010666666666666713,-0.014000000000000012,0.37420767466218846,20769.0,104351.64109953633,1608,42655778,41249982,804128,1069790,7895368,8938149,8060833,6812408,8334840,9355195,6381859,3473335,2041875,2719651,2348454,1772609,6788421,7108845
303,000822,2017-11-06,0.041910331384015675,0.030214424951267027,0.1962850006741925,13370.0,120812.68189266376,2736,49682001,68551609,1284930,2510892,9714679,13293312,8867801,14474561,10196881,12133400,6404542,7208608,3746896,5315569,1393288,3986566,8072984,9628701
304,000823,2017-11-06,0.030472636815920495,0.027363184079602032,0.32819930568213596,49395.0,298893.0917736474,2406,189839287,184063229,1640625,864031,9562267,8188430,13572839,11264388,29642347,19984269,14035522,17407996,17796345,18278612,10882542,11080978,92706800,96994525
305,000825,2017-11-06,0.041095890410958846,0.03131115459882561,0.091782319544443,24150.0,334885.37269454176,3117,146808277,201526663,1936758,2404657,13176651,13398055,12692413,14410096,19018069,22782540,13981064,17870922,9782665,11451359,10222707,9256530,65997950,109952504
306,000826,2017-11-06,0.007359184828757526,0.007076139258420655,0.8404493123526581,35250.0,197209.68667366836,1767,75500390,80033982,736252,1072954,7975326,9551488,9193146,11354728,12735223,14169329,7660051,6321212,5471175,6124717,3540267,5164540,28188950,26275014
307,000828,2017-11-06,0.0016420361247946325,-0.0008210180623973162,0.5161487800091284,12140.0,60290.99618458911,556,11330443,5785456,725696,350913,2598427,1820938,2433632,1070435,2476259,1048776,1933473,699906,0,347490,409656,446998,753300,0
308,000829,2017-11-06,0.003917727717923425,-0.006856023506366382,0.33915476124938193,10075.0,81785.74343177622,906,18085787,9131512,941292,673123,3985592,2325032,2949589,1221578,3747668,1829424,776582,503359,385953,683175,1276720,863150,4022391,1032671
309,000830,2017-11-06,0.051948051948051965,0.04848484848484835,0.20022910780175732,70354.0,419701.50802865025,3334,220700479,360708643,760900,861186,9658004,14107685,17557756,31994716,35523599,47943291,27294221,29345304,21778257,25180116,15480564,28536442,92647178,182739903
310,000831,2017-11-06,0.015599343185550119,0.009031198686371145,0.29052596555810606,17080.0,130989.89856082575,1758,49333231,51808778,1824472,1075104,7610941,8610740,6359177,8150470,7577933,7531272,5771058,3918798,7428091,4845468,1350192,3946489,11411367,13730437
311,000833,2017-11-06,0.012211668928086894,0.004070556309362372,0.17779193850475905,740.0,21962.421298149446,1719,7650507,4176518,1887896,609319,2359295,1935895,1618033,669382,897131,363584,519652,288600,368500,309738,0,0,0,0
312,000835,2017-11-06,0.0043290043290042934,-0.0010822510822510178,0.3498031256560339,11959.0,80623.49765115094,697,9661394,12697142,516588,1009644,2772074,3733605,1617436,2177539,1571733,1495876,1431143,1675498,617214,322700,496260,0,638946,2282280
313,000837,2017-11-06,0.005625879043600568,0.0014064697609001975,0.28724168848385967,9236.5,37364.290658356455,612,7372015,6503643,498507,845472,2228383,2920040,1810452,1155555,1804810,1000872,713735,581704,316128,0,0,0,0,0
314,000838,2017-11-06,0.013289036544850585,0.01661129568106312,0.21662772183552004,6080.0,33684.27921352251,772,6465376,7724479,876594,858546,2333327,2270010,1716685,1651925,1289961,1939534,248809,698464,0,306000,0,0,0,0
315,000839,2017-11-06,-0.009581881533101133,-0.008710801393728151,0.19277748547031884,178769.5,1643316.0295623755,3552,970312826,922451077,164348,237869,7459228,7461072,21179580,20114558,46885948,51387397,40183995,45124439,42956765,33323443,40992232,30326039,770490730,734476260
316,000848,2017-11-06,0.0009852216748769127,0.002955665024630516,0.2194354016992412,14189.0,162129.00211054116,2144,56515277,68366673,709851,2253909,5709267,9714354,6622787,9507184,12726306,14317029,10325911,8417810,6742347,5997031,1732261,928175,11946547,17231181
317,000850,2017-11-06,0.0,-0.0020283975659228792,0.2237344241974013,5916.0,55868.9337844934,485,6396086,3881510,460332,393079,2136179,1677218,1012671,954005,645839,857208,832712,0,370173,0,0,0,938180,0
318,000851,2017-11-06,0.02857142857142847,0.02244897959183656,0.33544654024772225,11066.0,103990.46628468586,853,15893827,17309489,632782,844111,3282528,4251184,2521021,2840104,1961133,2793352,2640661,2677702,609208,1579531,490955,0,3755539,2323505
319,000852,2017-11-06,0.06588824020016681,0.05421184320266903,0.22055209346355678,42500.0,282670.1954782913,2963,162878009,178588454,1427741,1036364,12133819,12559421,16121321,18602206,27635087,29863811,20611796,21888145,12960210,19451916,10006257,9807328,61981778,65379263
320,000856,2017-11-06,0.03551401869158877,0.0369158878504674,0.43454420937491317,34368.0,224817.5103570481,2430,96711449,134055028,1088551,985721,11292449,12720701,12514666,14011629,19029776,22091069,12980415,13457075,3998458,9320733,4542196,5426584,31264938,56041516
321,000858,2017-11-06,0.018881626724764233,0.018591140159767594,1.1542944721562591,195944.0,707393.6393065632,3558,570916167,775647863,124831,284411,5555415,7867534,14051336,22435998,45041998,52762263,53687505,59653424,43398781,51155865,48035982,51424955,361020319,530063413
322,000859,2017-11-06,0.01271186440677985,0.006355932203389925,0.21244607610729155,9420.0,58242.28215955663,493,6662620,5809094,402589,732977,2025501,1943675,846296,667700,1085445,943246,933942,1046496,653153,0,0,475000,715694,0
323,000860,2017-11-06,0.023821853961677908,0.01605385810460902,0.49315080193415395,21560.0,103918.96799665097,1533,36467262,46870527,1009347,1067236,9023275,5925665,6553547,8561733,6833569,12905800,4607577,4437462,1775676,4021114,3130838,2285454,3533433,7666063
324,000861,2017-11-06,0.0028409090909089496,0.0,0.16717160253688435,5265.0,57165.4111148966,443,4668367,3710251,366235,450415,1159265,1754936,334456,595511,984261,587802,0,0,0,321587,0,0,1824150,0
325,000862,2017-11-06,0.017793594306049654,0.007117437722419906,0.2629611508697211,8490.0,20603.77627571869,456,3458605,4097676,452914,445515,1707858,2279710,965936,1259251,331897,113200,0,0,0,0,0,0,0,0
326,000863,2017-11-06,-0.004608294930875445,-0.003072196620583667,0.3461016389524193,5796.0,35085.55249614775,353,3297216,3233289,248628,389135,1074120,1330656,797183,831002,870549,358496,0,0,306736,324000,0,0,0,0
327,000868,2017-11-06,0.040570175438596534,0.013157894736842257,0.16241702117819806,50436.0,280421.41215049074,3159,186105204,216546877,1192084,1254316,13625840,14438583,20265251,21670945,31202125,32176327,22359455,29860926,17025408,17380081,13414015,13949366,67021026,85816333
328,000869,2017-11-06,0.022757697456492698,0.017670682730923648,0.9522974492294919,22611.0,120397.67029065134,1538,39793634,53919400,840247,1203909,7117504,9027038,6106349,8374696,7518305,10098976,5667416,5982017,3378775,4940307,1355924,4361135,7809114,9931322
329,000875,2017-11-06,-0.0066079295154185536,-0.011013215859030812,0.1481404346841572,6720.0,67291.76519907237,940,12514705,9706303,860675,1236636,2970310,3586496,1942936,1134162,1580041,1940007,449500,494916,1400267,314168,876176,404549,2434800,595369
330,000876,2017-11-06,0.021248339973439556,0.01859229747675961,0.146262852184941,27288.0,219221.4045144172,2655,101531551,131181158,2141192,1385342,13724609,12628392,15926769,15244880,15052333,18215105,10685572,12524602,9193767,10323276,4982619,6612105,29824690,54247456
331,000877,2017-11-06,0.009751773049645474,-0.0017730496453900457,0.23025039389431823,13470.0,98243.8838460091,2402,57148502,41340089,1794680,1601793,12322313,10629868,8686366,8285433,10960526,9231463,4587797,4421887,3638951,2028159,2202514,405310,12955355,4736176
332,000878,2017-11-06,0.02008928571428581,0.014136904761904878,0.2869754141772448,21440.0,132137.9991795224,2194,64771942,68287236,1519098,1317523,11304443,10987127,9051366,11419265,14993397,12287273,7370834,8402530,3797023,5531108,4359396,3547901,12376385,14794509
333,000880,2017-11-06,0.015732546705998107,0.014749262536873253,0.2808860441702954,1026.0,26654.061616774386,1312,4346830,2899264,1505580,352262,1063516,1037174,563741,686028,396871,0,0,207000,307622,0,0,0,509500,616800
334,000881,2017-11-06,0.003357958361316138,0.0,0.46458639953900976,15120.0,78164.09024542908,1027,23745704,13638463,576362,933194,5571096,4916188,5622241,3412852,4694706,2590595,1575221,1096929,622214,688705,898850,0,4185014,0
335,000882,2017-11-06,-0.006006006006005982,-0.009009009009009028,0.11472973164244117,6660.0,110655.85765865579,844,17120664,9010206,609780,1043063,2854327,3093725,1632535,1354024,2202233,1080634,2014300,0,763397,712800,1348931,461587,5695161,1264373
336,000883,2017-11-06,0.00411522633744843,0.0,0.10182455178982458,1455.0,28462.292030822864,2284,11982668,9551590,3123009,522412,3647047,4911111,1874513,2186554,888902,962454,1500537,496667,306035,0,0,472392,642625,0
337,000885,2017-11-06,-0.014586709886547977,-0.019448946515397192,0.39273675092734284,21768.0,119679.2568088647,2223,66326979,56294439,1255172,1963874,9683566,12122217,11270577,11584682,14930678,13879234,7977864,4510798,3970464,5521890,2229648,2591214,15009010,4120530
338,000886,2017-11-06,0.014804845222072816,-0.0026917900403767847,0.2299526815557408,17784.0,121700.86869919708,1045,31312406,30604176,745510,838385,3708767,4556321,4519396,4697462,6497728,6159333,5902182,4574007,4971628,3679101,1315535,959430,3651660,5140137
339,000887,2017-11-06,-0.002105263157894721,-0.0015789473684211242,0.5709939049810188,18965.0,182889.50039640957,1108,48739611,31214416,872626,782387,4570870,4981908,5496513,4358039,7919722,6622807,6078973,1427142,4406490,1037016,3542294,872117,15852123,11133000
340,000888,2017-11-06,-0.0029069767441861627,-0.005813953488372103,0.3981902396606772,5150.0,66998.69224707039,671,8445652,7715378,317919,1075069,1759170,2081550,1837741,1443503,2480880,1159260,616063,0,616279,0,0,411866,817600,1544130
341,000889,2017-11-06,-0.02132352941176463,-0.012499999999999956,0.385677372269776,14789.5,105174.85586034875,1244,33411386,24358407,1091961,880072,5576540,4807542,5889076,4744162,6104658,4482071,3711374,4993198,1812479,2084732,1728190,465750,7497108,1900880
342,000890,2017-11-06,0.007299270072992803,0.005839416058394109,0.25686942489181647,7469.0,58267.710692093875,711,8627505,7122989,598490,666668,2452061,2849758,1753667,1744164,1857065,1460019,232902,0,0,0,0,402380,1733320,0
343,000892,2017-11-06,-0.0012269938650306678,0.0024539877300613355,0.3027874767209397,10549.5,54750.605726512185,724,11602453,8885977,715341,956188,3083344,2871575,3256790,1781779,2149411,1033143,689122,677290,384930,977480,809165,0,514350,588522
344,000893,2017-11-06,0.010778443113772518,-0.0059880239520956335,0.2648199612538449,10595.0,62494.75550986746,995,16565380,12473343,1145095,1050049,4672860,4016103,3165004,2032619,3220498,1866506,1688222,452086,751938,1598128,409000,913372,1512763,544480
345,000895,2017-11-06,0.00322465066284483,0.022214260121820262,0.4929620551856248,65504.0,378168.2074196786,3211,302479914,304108668,1554265,829970,10178986,10295719,21613756,17234651,27991083,34619294,25526046,28880150,25088056,24259481,22674765,18621388,167852957,169368015
346,000897,2017-11-06,-0.0024449877750610804,-0.0024449877750610804,0.1307451715171618,5656.0,78912.42206248021,980,14378827,8956642,905898,1044975,2740930,4150079,817797,1719213,1608637,658130,691744,705009,1445937,679236,1227756,0,4940128,0
347,000898,2017-11-06,0.035313001605136396,0.019261637239165186,0.1138150742180326,13020.0,223512.39023265752,3007,124002349,81966630,3652566,620946,14331058,5856136,16836891,6384006,22907754,12587676,11845345,11062136,8062157,7363887,2730140,3712764,43636438,34379079
348,000899,2017-11-06,0.004524886877828038,0.0,0.31875970543200527,6575.0,75881.35806797708,432,7176813,3790196,370031,544156,1434241,1243168,1018681,662805,1286121,300010,505120,215824,0,320784,915404,0,1647215,503449
349,000901,2017-11-06,0.022264875239923265,0.018426103646832948,0.7398769765812764,18557.0,106597.76241576506,1239,28319558,30706127,858619,780753,5478439,7433245,4947543,4879301,5571074,7150635,2592288,3000380,1305371,2729991,2658232,478800,4907992,4253022
350,000902,2017-11-06,0.00908173562058523,-0.003027245206861706,0.24762545963849839,12623.0,125167.02400554168,1605,45165185,41719092,596926,1906722,4333594,7129866,6600180,6910515,7095744,8380772,4915288,4913682,4892619,3546565,5944832,2677439,10786002,6253531
351,000903,2017-11-06,-0.01851851851851849,-0.023809523809523725,0.09445652437807932,10003.5,125214.49856246672,1608,41346420,23548759,1909010,1166825,7586950,5503023,5535433,3507295,5574386,5799045,5269470,2186291,1767862,3282023,1289480,972720,12413829,1131537
352,000905,2017-11-06,-0.008468052347959887,-0.012317167051578148,0.3430018744760394,14047.0,66464.07410953908,1434,28406561,26157660,830822,1246266,6693702,7583703,6083962,4805890,5194472,6723327,3619193,2702627,3528745,1436607,1815346,428130,640319,1231110
353,000906,2017-11-06,0.00864197530864197,0.011111111111111072,0.1943480828442537,1604.0,54179.66208398817,1738,13652714,6642610,1914836,462546,4469932,2299729,1788642,1201762,1611572,1167429,640337,670692,978896,327200,403500,0,1844999,513252
354,000908,2017-11-06,-0.0014204545454544748,-0.011363636363636354,0.2875146195465892,9730.0,71769.71215909685,599,11286574,6851400,470109,654852,2166352,2666736,2069269,1363998,2136547,1391449,950049,265010,1311034,0,455994,0,1727220,509355
355,000909,2017-11-06,-0.0016528925619834212,-0.0049586776859504855,0.5674160872999999,11965.0,51942.797031321476,454,4680718,6729140,306193,534664,1766277,2512762,993941,1331286,412087,1153359,0,293755,337200,366610,865020,0,0,536704
356,000910,2017-11-06,0.043458980044345896,0.012860310421286103,0.44533930829731105,13632.0,97087.6258689487,2606,45724913,43905832,1920761,3670526,16635050,10541645,7824459,4335007,3055476,4390468,4136745,3756137,2741629,1711333,1793866,3154029,7616927,12346687
357,000911,2017-11-06,0.007744433688286589,-0.0009680542110358514,0.3706624653169153,9252.0,40516.01703783006,776,8432402,6278746,760465,651600,3377798,2649199,2074796,1226177,1015361,445175,206812,206400,0,1100195,495132,0,502038,0
358,000912,2017-11-06,-0.003671970624234966,-0.007343941248470043,0.21639753640967183,8877.0,60192.98304715992,1426,19709396,13032848,1375678,1905707,6102121,5277725,4814770,2955920,3884883,1975719,491386,917777,630614,0,0,0,2409944,0
359,000913,2017-11-06,0.02787816210634997,0.008776458440887813,0.6527232881386781,19370.0,102027.12371184156,881,15457242,21843020,932428,557801,4769682,4162324,4509844,4137646,2561173,3409177,1197805,1862205,637524,702362,848786,1313298,0,5698207
360,000915,2017-11-06,0.037930020582181756,0.022346368715083997,0.7579493402065943,17242.5,180844.97581340477,2014,62492223,65662921,2856208,885687,7448122,8786958,7569367,9676307,10933180,13075267,3174721,4700251,4506459,5191881,2090755,1359600,23913411,21986970
361,000917,2017-11-06,-0.01706161137440776,-0.02180094786729858,0.20358150823276425,33024.0,316947.62963562494,2690,172676048,136585615,1365391,966793,12245761,10444318,14248851,12988949,22055968,26725807,14264531,15404734,12148584,9893542,9778958,7878113,86568004,52283359
362,000918,2017-11-06,-0.010385756676557945,-0.004451038575667643,0.258946264543168,8684.0,49306.349315005216,677,9149482,7339279,576181,564620,2639098,2494420,1651724,2005815,1918745,1446144,927948,828280,0,0,906186,0,529600,0
363,000919,2017-11-06,0.007106598984771617,0.004060913705583813,0.415933192471447,12291.0,56651.9693066578,560,9122992,8925061,519490,828209,2312288,2821663,2248411,1880297,2561091,2122465,241080,215602,311322,0,929310,0,0,1056825
364,000920,2017-11-06,0.009927797833934937,0.005415162454873723,0.4605313142081037,11195.0,46635.74851142846,578,8311021,7331365,504019,459001,2525229,2859656,2144527,1979250,1269785,1822723,525918,210735,309411,0,446000,0,586132,0
365,000921,2017-11-06,0.0448160535117057,0.02809364548494986,0.28942878385395393,38400.0,144257.91102195217,2671,95574344,124284511,839010,1079175,12955114,15079620,13364151,18204843,25604562,30346561,13890327,17453219,9858210,8821456,5733053,7469348,13329917,25830289
366,000922,2017-11-06,0.010688836104512989,0.005938242280285166,0.3033542569254719,16910.0,52704.40538456759,770,12869292,11495514,741498,581717,4415375,3544791,2821515,3887813,2631305,1804622,945389,998971,393087,0,921123,0,0,677600
367,000923,2017-11-06,0.005490196078431486,0.0023529411764704466,0.7742476459045436,17605.0,77948.98480492941,1085,21131946,22185823,541851,707641,5136249,5886039,4365713,4300968,4271250,5409252,2769995,1009692,2100488,1026972,0,499590,1946400,3345669
368,000925,2017-11-06,-0.013990267639902743,-0.018856447688564648,0.44668941940833135,1638.0,71947.06899859574,1356,14849529,9389051,1773272,828399,2429300,2304558,3009081,1652159,2059349,1469624,1743045,990037,663580,318780,942678,0,2229224,1825494
369,000928,2017-11-06,-0.00969529085872567,-0.012465373961218829,0.20641383685824438,14180.0,88114.66341794329,1224,31257885,23294524,811913,1395481,3886514,6014432,4370951,4733735,6149684,5582749,3551872,1535052,4560137,2091193,3914986,1253182,4011828,688700
370,000929,2017-11-06,-0.004905968928863524,-0.014717906786590351,0.5045480356281221,12030.0,84794.44947967726,589,13457014,8769673,354058,607278,2459048,3083630,1843531,1324695,3258161,814998,2679517,527451,1071559,323711,0,401568,1791140,1686342
371,000931,2017-11-06,0.001386962552011095,-0.001386962552011095,0.28333048068738853,7190.0,45941.53403289758,647,6874369,6478067,441832,991173,2334796,2311001,1625601,623763,1441989,1347360,0,549042,1030151,0,0,0,0,655728
372,000932,2017-11-06,0.030104712041884918,0.007853403141361293,0.14547229073958054,28899.0,230652.96438213054,2767,115069969,133260692,2262775,1335554,11821401,13823884,14886577,14935142,21036331,18418989,13875148,17063294,9844332,11440687,7182000,6775182,34161405,49467960
373,000933,2017-11-06,0.009719222462202914,-0.001079913606911398,0.1681570839971925,44051.0,357984.2514651234,3041,184840578,228711346,1093241,1498978,14997051,11707345,17883143,18075740,25318419,28338215,15933318,21530411,15861406,12172914,17229376,14533587,76524624,120854156
374,000935,2017-11-06,-0.05025357307514988,-0.04241585984324581,0.387007598166309,50962.5,197278.3631234668,3146,183602701,172904160,968367,1179365,12638090,15148994,19650539,19484342,32668700,36052640,21877197,24246373,22196104,15002330,11847720,14901512,61755984,46888604
375,000936,2017-11-06,0.011023622047244164,0.0047244094488190225,0.19796889636027198,6340.0,30002.924165560522,1029,8675160,6501586,1705929,881412,3686453,1873853,1811458,1344953,628940,1653927,473445,429941,368935,317500,0,0,0,0
376,000937,2017-11-06,0.008250825082508406,0.0,0.11916607087465092,3005.0,58200.9965915518,2592,37334512,20014418,2591363,1175505,8751167,4626859,6809926,4491273,7252504,3498756,3282974,2065657,2585877,766410,3066291,2237518,2994410,1152440
377,000938,2017-11-06,0.013422818791946511,0.008428281567036233,1.2918747277880986,64450.0,202980.70670882004,2460,165356736,155554464,736553,724102,9163075,9505654,16905098,16117120,28595272,28578775,21352185,19043890,26780395,17743120,18178198,14413545,43645960,49428258
378,000939,2017-11-06,-0.012320328542094527,-0.012320328542094527,0.13304630790140418,9600.0,73430.85661804714,1343,21983039,22048959,1253869,1231045,5288040,5460945,3230966,4876979,3299742,5016143,1923707,1991507,1796989,1310245,2302310,0,2887416,2162095
379,000948,2017-11-06,0.012544802867383575,0.0044802867383513245,0.5199994088080105,11070.0,48287.37169517665,460,5185098,5467472,432671,302366,1938624,1525127,979243,1145640,909180,1192053,564630,721300,360750,0,0,0,0,580986
380,000949,2017-11-06,0.0071428571428571175,0.004761904761904745,0.22525604363618817,6330.0,39774.27664612441,347,4187456,3181625,410109,255384,1281012,1058534,888019,502097,1282462,1152610,0,213000,325854,0,0,0,0,0
381,000951,2017-11-06,0.017710309930423662,-0.009487666034155628,0.3042756861479791,15640.0,89733.30656866239,2704,48774526,31777094,1907527,1236750,22034608,10664407,7157918,5267967,3765690,5233889,3266557,2608946,2087335,1046340,2291777,1259246,6263114,4459549
382,000952,2017-11-06,0.000680735194009463,0.0,0.48827416419774383,14770.0,79706.88079112777,911,15300043,19389865,755554,744941,4470059,4465395,3175298,3894191,3316158,3811265,1878546,2510935,342220,1047828,0,914600,1362208,2000710
383,000955,2017-11-06,0.059016393442623105,0.059016393442623105,0.2976800737433644,19170.0,40819.80356906755,420,6980625,7116052,322043,246893,2307599,1446889,1976862,3447467,2145791,1974803,228330,0,0,0,0,0,0,0
384,000957,2017-11-06,0.022425249169435224,0.01661129568106312,0.34398588001202435,14664.0,85013.0898023445,1225,27108065,26997947,1296838,879425,6239305,5033993,4601387,4258676,6400955,6776565,2528298,4113087,1660974,1808990,856975,1329963,3523333,2797248
385,000958,2017-11-06,-0.017725258493352936,-0.023633677991137247,0.15778271174980033,13923.0,84615.22139278056,1843,42434030,34540981,1655822,1823733,7753042,8203841,8220807,7896907,7810579,5866150,6049380,3350959,3719022,3606390,1372474,1701312,5852904,2091689
386,000959,2017-11-06,-0.0015974440894568342,-0.009584664536741117,0.13857961386624423,5580.0,60106.12453402225,2047,29487112,18373187,1546825,2539034,7449888,5852984,7974089,5304906,4134445,2403762,2766687,731521,1323132,362454,432600,0,3859446,1178526
387,000960,2017-11-06,0.006968641114982521,0.006968641114982521,0.29298627260059534,37726.0,390056.3794888621,2401,163695334,181226484,1189270,872986,9806656,8585516,12001234,10346611,23555568,20598538,16055636,18526097,9517238,13651663,11001611,12419303,80568121,96225770
388,000961,2017-11-06,-0.009868421052631637,-0.011513157894736836,0.15954167961621055,11457.0,229798.25928570528,1454,50560971,34307749,1081762,1241637,5156843,5731625,5641316,4649531,5492961,3149376,2371526,3645698,2992866,3304954,4509228,895341,23314469,11689587
389,000962,2017-11-06,0.016222479721900163,0.004634994206257126,0.2616267439499074,13155.0,54064.98373196206,1089,16090238,20014714,757349,1310071,4608161,4980551,4312849,5101275,4642356,4654306,1769523,1404308,0,1320692,0,486732,0,756779
390,000963,2017-11-06,0.04520625353173857,0.03804859672254657,1.015668481255701,59279.0,307530.3073077488,2735,170210726,218203822,546372,976672,10265714,11231220,20846291,14979894,34886141,28584607,19901349,23634831,11344873,19533246,9679239,10940015,62740747,108323337
391,000965,2017-11-06,0.0016051364365969878,0.0,0.17740257920194524,12220.0,71553.81085856738,1234,18356262,18565422,871776,1368435,4948478,6631304,2891631,4322577,2422872,3965544,1377316,1067434,1080814,307500,1265430,902628,3497945,0
392,000966,2017-11-06,0.02678571428571419,0.01116071428571419,0.18726605125401535,4500.0,34412.4038165966,572,4242846,4415472,502515,1044727,1404742,1461964,1146659,611895,875330,580468,0,0,313600,716418,0,0,0,0
393,000967,2017-11-06,-0.012833168805528206,-0.015794669299111552,0.2597069391084295,9920.0,59461.83360058066,1522,35255269,17316284,1484683,1090640,5183321,4469145,7305746,4508426,13899694,4397825,2961380,1667297,2203560,727136,1716385,455815,500500,0
394,000968,2017-11-06,0.03452945159106302,0.03452945159106302,0.5683650091763517,18917.5,99121.38202494723,676,15018731,19800403,456253,444189,2408217,3769666,2167253,3660833,2824213,3582829,695085,2285490,1656814,2370370,2731966,1777186,2078930,1909840
395,000969,2017-11-06,0.04709748083242049,0.04052573932091996,0.2354093846485099,18980.0,136309.8768636544,1506,46262250,50092146,1100858,1074236,6355444,6723561,5091887,6882933,8068443,9629488,4058361,8249285,3948233,5853119,4048788,3604000,13590236,8075524
396,000970,2017-11-06,0.009073233959818516,-0.0025923525599480524,0.31001122739587533,30660.0,189544.70320022933,2479,114285205,84806459,1259536,1256003,14159803,10621113,16904453,12347695,20631606,16409276,8774326,9684216,9812724,9125128,4998267,6700935,37744490,18662093
397,000973,2017-11-06,0.014164305949008638,0.008498583569405138,0.20382540458822976,12095.5,54879.71200561991,1200,16940455,19422518,845686,1492854,5610881,5255999,3910134,4175671,2927575,3813430,905286,2968143,2090178,728571,0,455952,650715,531898
398,000975,2017-11-06,-0.004347826086956608,-0.01231884057971011,0.4618489342055017,13736.0,103303.56070342343,893,19742716,17040751,641484,566498,6097023,3060202,3299195,2159282,2776815,2140791,1554834,1416514,1000745,1438951,1268496,409500,3104124,5849013
399,000976,2017-11-06,0.01572327044025168,0.008385744234800763,0.24837643613223237,18306.5,91907.6910104601,1476,37842281,26502627,1571417,925084,8975695,5891110,7181788,5796264,8174956,6226989,3632024,2921704,3412709,1707497,932022,924127,3961670,2109852
400,000977,2017-11-06,0.021440351841671035,0.017042330951071882,0.37407103678964193,35140.5,237959.66148568253,2366,103997719,126425585,1267310,1304184,12526041,9929644,13336029,13249556,19864372,19804171,11702335,13283772,10326358,6241388,5620895,11588074,29354379,51024796
401,000978,2017-11-06,0.005636978579481422,0.005636978579481422,0.43339554449978146,5321.0,52524.01688682173,418,3519217,4046835,422779,537542,1121195,949015,492471,264664,692466,713109,790306,516506,0,354799,0,0,0,711200
402,000980,2017-11-06,0.02647503782148264,0.0204236006051437,0.25213029397868575,31073.0,220941.1284465122,2752,127226254,151555654,1086554,922688,16391682,10779343,13543352,15243947,19758171,23476104,16183776,16915547,9596971,13594805,10614468,8733418,40051280,61889802
403,000981,2017-11-06,-0.0022296544035675936,-0.005574136008918651,0.37723862665350644,4455.0,102127.12397257917,565,11747084,4959246,826519,317488,1401620,1216342,2147620,985403,2271543,641039,722970,998951,0,374184,445500,425839,3931312,0
