,code,date,pchange_whole,pchange,change_std,amount_median,amount_std,length,sumsell,sumbuy,sell_vol_0,buy_vol_0,sell_vol_1,buy_vol_1,sell_vol_2,buy_vol_2,sell_vol_3,buy_vol_3,sell_vol_4,buy_vol_4,sell_vol_5,buy_vol_5,sell_vol_6,buy_vol_6,sell_vol_7,buy_vol_7
0,000001,2018-04-10,0.0362976406533575,0.015426497277676976,0.18713138532326368,69037.0,679671.6801623524,3472,447117724,442522335,1011579,389330,20420521,9981591,26407207,16286392,39483453,31178971,35179119,26336077,24910450,25057618,27719284,22207890,271986111,311084466
1,000002,2018-04-10,0.02093908629441632,0.002538071065989911,0.5308261011081694,141262.0,511282.8778111381,3528,491683341,549317199,555900,637786,6817609,8564975,22959059,21034024,51939208,47205659,48393635,44047900,45192724,36021359,38098333,28705905,277726873,363099591
2,000004,2018-04-10,-0.005777777777777771,-0.014666666666666606,1.2527374681528602,10025.0,369388.3593019457,322,3263205,1422803,378095,228025,2072979,789506,537191,405272,274940,0,0,0,0,0,0,0,0,0
3,000005,2018-04-10,-0.0053050397877983935,-0.007957559681697535,0.174764475240219,5610.0,38135.34901538008,465,4857222,3073319,347317,518220,1830629,1489176,724753,478231,1098711,587692,0,0,329220,0,0,0,526592,0
4,000006,2018-04-10,0.012482662968099856,0.00277392510402219,0.1532515153829212,8664.0,82742.36960366511,2217,37482085,36524475,2963610,1670491,8960316,8348721,6143400,6552595,7016240,6375954,4808885,1317094,2136629,2664022,878856,1391211,4574149,8204387
5,000007,2018-04-10,0.0,-0.01202263083451205,0.6273336354424816,13895.0,65886.93843134957,508,8807728,8173639,361568,469819,2740810,1994785,2049381,1129430,1765330,1822809,1251648,708270,638991,368200,0,848186,0,832140
6,000008,2018-04-10,-0.009036144578313143,-0.009036144578313143,0.15771264150275427,7265.5,101290.51780362875,1774,32534667,35268154,697334,2327102,3815227,9550115,3515766,5870953,4325081,6756741,3562897,4594031,2029597,3032261,1853744,1807183,12735021,1329768
7,000009,2018-04-10,-0.009463722397476282,-0.018927444794952675,0.14464556256160677,12500.0,199549.62294763952,1925,81508990,49216260,1559307,1597397,7504118,6875097,6414082,7675481,10338343,5794884,4580808,5616510,6243512,4073392,3552528,966892,41316292,16616607
8,000010,2018-04-10,-0.006960556844547439,-0.013921113689094988,0.15576694662735932,4280.0,82529.1531432889,766,9749580,5073315,897978,722735,2169524,1679861,1913556,680326,1689568,615918,740604,568384,311525,377091,0,429000,2026825,0
9,000011,2018-04-10,0.01049868766404205,0.006561679790026309,0.4959066822497959,13743.0,55091.213790431735,944,15278161,12076101,969984,918373,4021793,4311739,3444064,3023875,3991312,1417563,1148658,439894,307000,997855,0,966802,1395350,0
10,000012,2018-04-10,0.00540540540540535,-0.0013513513513514486,0.19055412391512397,4434.0,61735.27363571836,1509,20857827,14142973,1806907,1073832,4904859,3386403,4224225,2791674,3604899,1872419,1612526,805202,2440314,1507690,856080,1302253,1408017,1403500
11,000014,2018-04-10,0.005025125628140836,0.007537688442211143,0.28062609164809577,23037.5,76184.53912108019,1814,44146586,39393068,1317389,1206307,10130510,9295497,10305274,8490963,11481470,7844480,4273099,6214850,2017740,2083489,1271822,825709,3349282,3431773
12,000016,2018-04-10,0.01865136298421799,0.010043041606886627,0.14067071172306753,17512.5,166020.88443198867,2462,64541910,90884037,1167414,2371871,9201370,12226054,9683717,11761267,9996243,15078963,7373022,9634512,6170940,7128365,1737473,2618529,19211731,30064476
13,000017,2018-04-10,-0.005347593582887722,-0.012477718360071388,0.25810003079761645,5550.0,39518.382681611845,472,4963320,4596748,348109,522255,1357525,1783699,1054297,558107,1842536,1129363,0,266724,360853,336600,0,0,0,0
14,000018,2018-04-10,0.0016420361247946325,-0.003284072249589376,0.19266587231934665,15175.0,65531.29260672813,999,24949182,10181335,893536,627692,5970810,3345357,4317603,2506733,7153241,2559743,2686952,721766,1307961,0,425600,420044,2193479,0
15,000019,2018-04-10,-0.048038430744595684,-0.032826261008807034,0.235828879448674,34621.0,180829.8691542484,2814,125210987,118878433,1451005,1355866,13602789,12549141,15945193,14364297,27841632,26135779,19049250,15352706,13627049,10319078,4815677,7264031,28878392,31537535
16,000020,2018-04-10,0.030927835051546282,0.01855670103092777,0.3909368519348785,17364.0,103064.28871235205,1392,25968507,35222564,992610,1099813,7163899,6511751,4600604,4703225,7031518,7606117,2192977,3056712,2038841,2965617,0,2699704,1948058,6579625
17,000021,2018-04-10,0.010625737898465104,-0.010625737898465104,0.184781526768764,10056.0,73233.75286144647,2104,46733201,27835472,2508115,1581026,9260726,7025378,9649477,6202904,8067932,5467662,4375250,2181566,3343918,2502644,4354418,451080,5173365,2423212
18,000023,2018-04-10,0.012408347433727984,0.0033840947546530664,0.5847490129956895,10686.0,41242.6444255727,920,11005639,11283001,1210235,591118,4624512,3364593,2407899,3262221,2280812,2288549,482181,581428,0,307020,0,888072,0,0
19,000025,2018-04-10,-0.0021574973031283085,-0.007011866235167141,0.8344658497610198,22131.0,72944.37723089686,1976,45030776,40841845,1268166,1399262,11202356,10279913,10563996,8802273,10375475,9898730,2665261,3538646,3489231,5090909,1291812,435420,4174479,1396692
20,000026,2018-04-10,0.008348794063079756,0.007421150278293043,0.4063055419358682,13068.0,71425.10904389253,704,12738143,14061012,535649,620616,3016457,3777749,1543487,3278371,1376032,3088731,1777707,1688784,2889289,1063761,434000,0,1165522,543000
21,000027,2018-04-10,0.02866779089376048,0.02866779089376048,0.14900878563927478,11276.5,178316.37700471218,1586,32563296,59776159,1713045,804888,6349741,4383027,5719214,4862882,6365789,8055187,3165879,4333404,1679868,5044970,1744302,3648282,5825458,28643519
22,000028,2018-04-10,-0.01903839948370445,-0.025008067118425292,1.546059847055699,12898.0,120995.14378702917,1608,58806746,21528029,2256958,623860,7763973,5057901,8916366,4588418,14491129,4877567,9666113,2619743,3404760,1553996,0,439200,12307447,1767344
23,000030,2018-04-10,0.007102272727272707,0.0014204545454545858,0.2019339600097621,2808.0,34411.8896143047,1216,5556010,8227760,944708,1568459,2049387,1564072,657782,1491376,756826,1407793,846900,1064650,300407,649973,0,481437,0,0
24,000032,2018-04-10,0.012834224598930577,-0.005347593582887611,0.34229524448892035,9335.0,38189.22288968332,746,9422823,5507891,910540,857919,3436375,2634901,2232144,1071131,1154796,672932,425040,271008,333928,0,930000,0,0,0
25,000036,2018-04-10,0.009569377990430672,0.0035885167464115852,0.25320644674123904,12615.0,109915.38919298966,1090,23375247,20935918,1225529,965130,5557277,3826244,4523967,3870536,4060937,3717115,1794851,1258412,1431121,1681433,899649,1720560,3881916,3896488
26,000037,2018-04-10,-0.004444444444444473,-0.007407407407407418,0.34147154191557244,8010.0,59298.09715487364,390,5676677,2533910,399170,324323,1757977,1359245,1215520,337946,419511,245196,205794,267200,305305,0,458850,0,914550,0
27,000039,2018-04-10,0.014660965180207652,-0.009163103237629922,0.32605720119655957,16309.0,92914.28287145203,2524,58572804,39588374,2044082,2066197,15995742,10029035,13322420,7675146,11627590,8136904,4649231,2382613,2755835,3330902,431718,1725626,7746186,4241951
28,000040,2018-04-10,-0.012875536480686733,-0.008583690987124415,0.3227296793170085,4596.0,110967.79512753118,1304,20428294,13076280,1871158,634458,4132239,2611345,2791663,1947591,2515971,3230052,948118,1944566,2455681,308368,414226,0,5299238,2399900
29,000042,2018-04-10,0.012311901504788114,0.010259917920656614,0.7602782612280372,7285.0,28985.218471536504,369,3038917,2937523,210531,412582,1321173,1403128,386497,540535,853761,581278,266955,0,0,0,0,0,0,0
30,000043,2018-04-10,0.009879253567508295,0.004390779363337094,0.4189507723145443,14088.5,83565.56594153073,472,9577697,9570493,308226,534809,2443392,1916381,2085694,1596142,956398,1498912,1984951,2333138,358355,0,0,427284,1440681,1263827
31,000045,2018-04-10,-0.0023228803716608404,-0.00464576074332157,0.2812912689400624,12945.0,54333.709247433406,937,15070823,12204223,863612,794837,5850353,3645677,3122112,2670979,2665397,2976762,1207179,785768,390440,0,407166,0,564564,1330200
32,000048,2018-04-10,-0.033440773569701876,-0.05197421434327154,1.0654155300577104,11830.0,65537.69487446459,543,11066074,7754490,527070,573685,2249936,1791010,1998504,998382,2282627,2005998,1630494,1627605,971204,353550,1406239,404260,0,0
33,000049,2018-04-10,0.01819864281307826,0.009253547193090572,0.736217536050989,13086.0,78734.16945688806,1940,39385908,27233688,3497251,1632111,8551350,7923848,6646396,5876927,7930899,5676269,4346429,3590143,3176705,644026,0,899725,5236878,990639
34,000050,2018-04-10,0.007657945118059839,-0.01148691767708998,0.31536556907462704,20345.0,136723.42422084644,2471,81406206,60780455,1366402,1360211,15842128,13220198,10403410,11083857,13699667,12342865,5772654,5938653,6354075,3658313,4370774,3157148,23597096,10019210
35,000055,2018-04-10,0.01857142857142846,0.008571428571428452,0.18509175523749927,12070.0,94479.764310646,1431,23087247,29601259,1227911,1472909,6164959,6118428,6123893,5667657,4165887,4723873,2463018,3424669,1280608,2009351,0,1724668,1660971,4459704
36,000058,2018-04-10,-0.058495821727019504,-0.05153203342618384,0.1765374116561462,18239.0,228951.56392693642,1658,52528521,51729652,739128,1611282,6229206,8695370,7095527,6434883,8471062,8231664,6418003,3886629,3181425,2343529,3147748,3170585,17246422,17355710
37,000059,2018-04-10,0.0011061946902657382,-0.006637168141592764,0.2333087302139296,22525.0,191301.13444906016,1502,67170658,59022860,801260,1204735,5051534,8152765,6235512,6229631,10778340,9654205,11638857,6908789,6211648,5150114,3458436,2684001,22995071,19038620
38,000060,2018-04-10,0.007306889352818313,0.0010438413361169019,0.18877070146824237,14377.5,187517.98367038797,2578,71172927,101508887,2281302,1660265,10165659,11333321,10171097,9119712,12663748,13119352,7138696,9983868,4724146,2723952,4449306,6341007,19578973,47227410
39,000061,2018-04-10,-0.017931034482758568,-0.024827586206896513,0.19389866217482946,9230.0,119282.06133608664,1399,41093705,17878109,2023805,1085133,6204587,3793084,4963530,2628539,7437768,3649147,3684316,1006170,3555542,1377406,1790070,875357,11434087,3463273
40,000062,2018-04-10,0.04131799163179917,0.025627615062761455,0.5695543743132928,9690.0,79940.6007606043,1128,18155244,21616333,1098013,1120264,4165534,3039541,4030592,2756344,3888859,4978249,1910350,1158660,1361644,4631603,497331,2257832,1202921,1673840
41,000063,2018-04-10,0.024016010673782562,0.020346897931954544,0.506644794757443,156052.0,741427.5834065399,3502,540206177,640758060,492662,500928,9964892,6697373,22471625,17099119,55481543,41612651,53697888,41841619,51647437,41318457,28916841,37607238,317533289,454080675
42,000065,2018-04-10,-0.007798440311937771,-0.010797840431913786,0.5061939697928748,16620.0,54129.51114276915,1084,24532302,14697555,1018090,1008388,5917958,5114518,5831602,3273175,5715119,3471574,4484837,485745,666000,940823,898696,403332,0,0
43,000066,2018-04-10,-0.02941176470588236,-0.03529411764705892,0.15349370911967336,43991.0,314480.3113926828,3076,231523004,177499495,1357566,1245975,14105365,12277651,17285054,17147395,30322844,24111215,29159373,21550596,25953620,12781455,22128125,14436934,91211057,73948274
44,000068,2018-04-10,-0.019867549668874163,-0.02428256070640189,0.1838406606613067,4928.0,73086.7571556877,607,8462404,5696047,630675,555103,2231472,1659208,1268326,820674,1046291,1190070,1347916,693349,0,0,0,0,1937724,777643
45,000069,2018-04-10,0.026348808030112858,0.01505646173149322,0.16128158897463377,14571.0,256785.26485712288,2446,85894400,102485462,1884821,1606283,11350620,7951248,8790778,8118952,12134092,11035207,9616840,8046596,4048446,8295352,7336184,6172969,30732619,51258855
46,000070,2018-04-10,0.0277481323372466,0.005336179295624355,0.2816675737231534,13244.0,83332.4224451327,1107,23657034,17737483,1131232,861547,6723024,3846254,3753821,4034202,4365801,2740343,2164298,941598,1276925,923426,1316410,1374942,2925523,3015171
47,000078,2018-04-10,0.0050167224080266415,0.0,0.12844435948645067,9656.0,74095.3289260301,2174,31169895,24773887,2146261,1953037,8759956,7932222,5803402,5659454,3390236,3901308,3055918,3377602,1325217,912451,1396436,416723,5292469,621090
48,000088,2018-04-10,-0.014102564102564052,-0.017948717948717885,0.18251406216210597,15440.0,112263.39380476004,1829,57692639,36328452,1362362,1633312,7558703,7086313,7980467,7519325,11431294,8411926,6308881,3573254,5273145,2471051,8100088,966500,9677699,4666771
49,000089,2018-04-10,0.013959390862944288,0.002538071065989911,0.19950839520073627,3960.0,54684.396340455336,1561,17794924,12427594,2344177,1196554,3896642,2603089,2364706,1998475,3008536,2000530,4608430,1437725,661683,765430,910750,431392,0,1994399
50,000090,2018-04-10,0.0010570824524311906,-0.003171247357294016,0.20100556262735148,9450.0,39824.46062062342,2216,28363114,8430096,5707052,804586,11040179,3097511,2983882,1747091,5139044,1148927,294433,492384,376610,681685,1337591,457912,1484323,0
51,000096,2018-04-10,-0.011372867587327473,-0.01462225832656372,0.7398672895341862,3666.0,18356.46646881382,276,2109885,698249,312618,167257,1147777,530992,332670,0,316820,0,0,0,0,0,0,0,0,0
52,000099,2018-04-10,-0.01758241758241763,-0.027472527472527486,0.19626437151358372,10596.0,115432.79138689364,2153,68820085,31603154,2025665,2068065,8282639,7276781,9295345,6466528,12765455,5840913,7929680,2628021,5244563,1034763,4016315,2648255,19260423,3639828
53,000100,2018-04-10,0.014619883040935644,-0.005847953216374324,0.06759274764332528,9207.0,182186.36632663655,2584,69511271,55093484,2184940,1821844,9970064,9404147,8321876,6068027,6688211,6844898,4284405,3249215,5635640,5897663,2517082,3013532,29909053,18794158
54,000150,2018-04-10,0.0027586206896550447,-0.001034482758620725,1.3117749387395947,2896.0,11097.456313504441,488,1393031,2321409,270818,993976,850520,1055787,271693,271646,0,0,0,0,0,0,0,0,0,0
55,000151,2018-04-10,0.0437317784256559,0.05364431486880483,0.29909277991873534,73584.0,618295.7644694395,3305,305839879,340483981,920412,853104,13315236,12134286,20960574,20798026,38541742,35929204,32403597,32058461,23924434,21764912,20590722,20461746,155183162,196484242
56,000153,2018-04-10,-0.024943310657596474,-0.035147392290249435,0.21430091404980597,15435.0,84523.062686746,1696,37918523,24237760,1504270,1592157,8985645,7608769,6482699,4658151,9847521,4515611,4912165,930217,2065805,1021675,1722868,423584,2397550,3487596
57,000155,2018-04-10,0.0071428571428571175,0.0071428571428571175,0.18114878086361513,16111.5,101368.19957478602,1494,37911604,40025442,1298673,1221903,7211039,6072740,6838627,6911327,7655911,6790220,5507239,5398380,3685340,3016002,1363485,1859984,4351290,8754886
58,000157,2018-04-10,0.007211538461538547,0.0,0.10123086692123649,6240.0,119545.49890667583,1694,32407602,21476295,2296813,1247188,7440990,4225782,3504928,2780092,1570656,2595696,2037512,2656722,2733942,1332471,2325030,448102,10497731,6190242
59,000158,2018-04-10,-0.018915510718789386,-0.021437578814627933,0.1961056085842921,7820.0,42779.00667644092,1638,21460191,12734643,1837174,1569313,6970274,5349150,3996300,3269425,3415592,1799437,2313665,242658,1494184,0,882752,0,550250,504660
60,000159,2018-04-10,-0.0044543429844099425,-0.011135857461024412,0.18075319307887283,2694.0,38680.47505330254,617,5989503,4435380,575179,452810,1587459,1429423,1760652,896617,1385618,1034706,0,224000,680595,397824,0,0,0,0
61,000166,2018-04-10,0.008196721311475308,0.0,0.1189771432727628,9820.0,141626.445336338,1686,39498156,27452416,2117590,1228900,8110113,5674502,3584274,3115679,4433861,4545105,3552713,4850709,3388228,962916,2801093,890140,11510284,6184465
62,000301,2018-04-10,0.007541478129713397,0.0015082956259426794,0.20045856643167745,13130.0,91003.9765221604,1094,22029478,20101525,964043,1152144,4443166,4196622,4119172,4987467,4769581,4688442,1946007,1001463,2319485,1310648,888521,1355631,2579503,1409108
63,000333,2018-04-10,0.025655976676384862,0.015354713313896928,0.8638783823232311,190143.0,647228.9625148354,3548,644102225,577048182,119849,88529,6313363,4728978,23634533,15658284,66040806,48593438,62026732,47995889,73700617,52638298,44182698,38463501,368083627,368881265
64,000338,2018-04-10,0.009400705052879044,0.00235017626321965,0.14700223859342332,33462.0,180483.78143116675,3358,150326505,142910571,1929058,1212532,21256702,19525700,22128126,18394098,23723864,21666591,15737036,16107031,11079222,7229128,11317526,11253564,43154971,47521927
65,000400,2018-04-10,0.008086253369272267,0.0017969451931716396,0.2316706954758221,11120.0,70413.96698219788,2309,41258079,18583613,2969331,636527,14540036,5193114,4418312,3265348,7873660,3653413,2918855,2446802,1390145,1653242,0,434070,7147740,1301097
66,000401,2018-04-10,0.009622501850481191,0.0037009622501851247,0.26780147802954013,42005.0,206274.63510589028,2547,146665566,143863413,1129929,1215584,11585204,8690734,15074118,12929956,31222513,23538499,18320496,21375159,11800011,11501205,8964525,8298969,48568770,56313307
67,000402,2018-04-10,0.01698513800424628,0.00849256900212314,0.21979005923536996,6677.0,124738.00597758003,1838,26892172,31676857,2056075,1460978,5382637,6289659,4474430,4865451,4796437,5028468,4093750,4462988,1398807,726394,946603,473500,3743433,8369419
68,000403,2018-04-10,0.006231551328304441,-0.002623811085601835,1.9025407812331832,18381.0,64791.96038116267,256,8209792,2694170,106700,128287,2155738,890646,1441588,678225,1300877,997012,1144886,0,2060003,0,0,0,0,0
69,000404,2018-04-10,0.018382352941176405,0.011029411764705843,0.22733218426143678,7944.5,52524.35475312036,572,8121659,7785883,318906,635253,1812534,1526559,2052317,1850000,1950588,2416066,1385614,661719,0,696286,0,0,601700,0
70,000407,2018-04-10,0.0068846815834768815,0.001721170395869276,0.2411159375957207,8685.0,44379.659780298476,580,8370886,4704446,449234,448032,3167557,1746432,2180965,970593,1607948,919123,218080,0,317322,0,429780,0,0,620266
71,000408,2018-04-10,0.009036144578313143,0.005421686746987842,0.49460761353232296,16700.0,138694.18188400727,1126,33803766,24488838,1010093,690076,5703283,3703236,5649770,3888442,7663128,2725822,2460485,2594461,3506990,1336218,1346317,869489,6463700,8681094
72,000409,2018-04-10,0.008944543828264706,0.0017889087656528524,0.2515968855211053,10098.0,50487.4483932699,493,7163940,4696287,384535,450275,2224794,1816509,1645194,1182980,2103701,548291,280059,0,0,0,0,0,525657,698232
73,000410,2018-04-10,-0.011080332409972193,-0.02216066481994461,0.22009358409543545,23320.0,118453.50046936683,2424,80361873,59937319,1319268,1451566,13075221,11898653,13690465,12107333,16855046,12617347,9808821,6588703,5038782,5544878,2194475,2137188,18379795,7591651
74,000411,2018-04-10,0.007633587786259444,-0.0011450381679388721,0.6592658779396198,5278.0,74893.6109161121,1593,27092597,16130504,3249436,336844,7011251,2476511,3329534,3080012,3738753,3292883,3269725,2287528,1753932,1348312,409200,0,4330766,3308414
75,000413,2018-04-10,0.017333333333333423,0.014666666666666606,0.1366440111218168,23622.0,176553.34864599592,3019,107121941,132568609,2305943,2153161,14052789,13381175,14647055,14381721,20267450,20375283,11586384,12406956,9543768,14115088,7526163,8841404,27192389,46913821
76,000416,2018-04-10,0.0035842293906809264,-0.0035842293906810374,0.2287123045847859,8325.0,57081.37828117893,595,8763361,6012343,444972,574367,2233567,2362189,1589563,1170839,1831144,923010,646216,981938,385000,0,916799,0,716100,0
77,000417,2018-04-10,-0.004059539918809141,-0.012178619756427533,0.20925070078328908,6597.0,34018.83810646214,1249,12502976,6482082,1807465,707280,4686174,3199542,1857347,1154771,1513310,1055989,1771440,0,342370,364500,0,0,524870,0
78,000418,2018-04-10,0.012085528354508712,-0.005887821506042945,1.4227630391752026,12872.0,84794.10674639676,2061,46298976,35669719,3386642,957974,8789855,7822650,7297118,8240180,7202045,7613500,5273582,3409706,7800702,2009175,1303375,0,5245657,5616534
79,000419,2018-04-10,0.018115942028985588,0.009057971014492905,0.28872179467995246,5570.0,61083.113270620146,365,3933350,6040503,464878,209237,1117729,1010417,892109,448135,1185512,856600,273122,2571814,0,392700,0,0,0,551600
80,000420,2018-04-10,0.0035714285714285587,-0.0071428571428571175,0.09187332390880593,7505.0,50648.2525801357,931,10469678,5044693,2947877,491425,2748637,1871819,813743,666182,999582,1119246,542920,240219,0,0,0,0,2416919,655802
81,000421,2018-04-10,0.007575757575757569,0.0,0.256830560999676,2650.0,29841.813157107277,422,4064423,1671711,398820,264634,1448612,1100747,583475,306330,1044566,0,263000,0,325950,0,0,0,0,0
82,000422,2018-04-10,0.006734006734006703,0.0033670033670032407,0.09674847341880037,2980.0,52037.23906779638,946,9521366,8261958,692463,1241922,2641121,1900463,920098,1386426,1678570,1567965,1688980,1015863,761200,650420,0,498899,1138934,0
83,000423,2018-04-10,0.014193548387096744,0.00951612903225807,1.2583967281823267,37482.0,154279.59688660872,2427,101125689,97532806,1133652,1002989,13163108,12676029,16449891,18545001,21891693,19600757,11308305,10373763,9062734,6946368,3257215,7543119,24859091,20844780
84,000425,2018-04-10,0.028350515463917647,0.005154639175257714,0.07348467059931073,8657.0,237018.4834269714,2812,67547598,93258431,2396396,2422502,9856048,10038372,8126900,9341302,10925175,11472340,5683943,7059258,4212807,5763377,4049429,6907979,22296900,40253301
85,000426,2018-04-10,0.016546018614270963,0.0031023784901758056,0.21682882070648854,10637.0,92969.11365715959,1991,40698854,36993921,1733003,1653183,9973930,6196038,7093279,4922949,7398922,7007329,5290395,6421709,1426320,2021519,1840373,1323270,5942632,7447924
86,000428,2018-04-10,-0.010443864229765065,-0.015665796344647487,0.21098768814141805,3830.0,56992.57963701945,329,4767701,2907294,239383,234887,973522,1062099,941262,480769,1308664,561517,265370,226800,386316,341222,0,0,653184,0
87,000429,2018-04-10,0.006361323155216203,0.0025445292620864812,0.2865027283938038,5526.5,48552.994540911306,752,7206755,6479362,859570,692025,2538827,1717093,723178,1135670,1900240,907572,0,926655,0,695590,470626,404757,714314,0
88,000430,2018-04-10,0.008578431372548989,0.002450980392156854,0.41119431165126813,8965.0,39351.450829630674,393,4718106,4011839,404212,487518,1441583,1474962,1272052,606267,820909,949673,479062,493419,300288,0,0,0,0,0
89,000488,2018-04-10,0.020359281437125842,0.0077844311377244235,0.31444681512782113,26927.0,214337.50103867817,2822,121012350,130697323,1428788,1369546,14191534,12237248,16941818,14069653,22573345,21395609,10179323,11454608,9813649,13583729,7048412,6574565,38835481,50012365
90,000498,2018-04-10,0.003231017770597644,-0.003231017770597866,0.24366859706001823,11196.0,40719.59618520557,645,6447342,7891148,549955,472714,3629212,2656762,780691,1466220,1279538,1456260,207946,968392,0,0,0,870800,0,0
91,000501,2018-04-10,0.0115254237288136,0.004067796610169427,0.3651084993220353,5924.0,64231.69841557436,1633,22404497,16914019,1734099,1498525,6232528,3199347,4485883,1360320,4109479,2439763,1783277,1831742,1438215,1298667,900484,2290356,1720532,2995299
92,000502,2018-04-10,0.006666666666666821,0.0033333333333331883,0.34733114982876073,3620.0,24290.81851967989,672,3007567,2765597,443352,1390472,1250473,828036,472163,547089,409579,0,0,0,0,0,432000,0,0,0
93,000503,2018-04-10,-0.01728164409154609,-0.02148528724894916,0.8869307334102042,66570.5,388612.27148257045,2332,282984375,160638347,1044348,818771,10245157,6524710,16560395,10338244,32963491,17704004,22597053,15312405,17792832,9776534,25430559,13543819,156350540,86619860
94,000504,2018-04-10,0.007547169811320753,0.007966457023060647,1.1887959376161001,9594.0,160242.9964626315,402,4514944,16802159,300032,558048,1349502,1412729,593887,729079,133896,483633,663825,1171423,704222,1003655,0,1816722,769580,9626870
95,000505,2018-04-10,-0.0837390457643622,-0.0837390457643622,0.23594858464999946,37640.0,224421.89268235455,1900,113533478,91768358,301486,1933975,4731689,9193315,10314123,9083285,16887579,19043386,16963762,11132844,10356020,10111803,8678936,3754015,45299883,27515735
96,000507,2018-04-10,-0.022448979591836782,-0.022448979591836782,0.18008954407796302,44804.0,284228.063301839,2967,198321691,167439595,1421010,1534780,14483143,12115796,18023859,14922598,30849376,33695595,20820969,19023225,18072568,14701844,16467823,11917720,78182943,59528037
97,000509,2018-04-10,-0.02472527472527486,-0.030219780219780334,0.08949250841627565,8950.0,63628.59747045975,1661,28730619,16535320,1447312,1702967,7025896,6301915,6294719,3213867,4848979,3335876,2000564,1279509,2081038,701186,1846493,0,3185618,0
98,000510,2018-04-10,0.006250000000000089,-0.0015625000000001332,0.20542349916695862,2560.0,33907.597764382255,971,6220194,6815239,480737,1747420,1403608,1873103,1928293,1427203,1851690,850707,200978,0,354888,0,0,400664,0,516142
99,000513,2018-04-10,0.020841959972394575,0.007591442374051072,1.457956824211111,36727.5,156379.48844246086,2470,111664218,104313699,1714935,943969,14152953,8796534,17850762,15801371,19817365,22053033,14116880,14891054,9806711,12858266,5966003,7863827,28238609,21105645
100,000514,2018-04-10,0.01634472511144125,0.008915304606240682,0.16133236848474275,24624.0,361786.1526245201,1744,65235849,100927110,492904,1595533,3894068,10344066,8913316,10707338,10563724,13610225,7739881,10142725,4412965,5816704,1745064,3118590,27473927,45591929
101,000517,2018-04-10,0.03740648379052369,0.032418952618453734,0.0820790383965398,18392.0,152207.62824613092,2401,57497034,87444050,1817262,1853149,10452986,11483339,9223685,11124038,13004007,14715015,5699988,9205780,2835590,5362898,4751439,3101471,9712077,30598360
102,000518,2018-04-10,-0.004950495049504844,-0.018151815181518094,0.2202374518883338,6000.0,37191.294289726735,757,9220503,4457411,631227,993140,2513756,2187423,1143351,646711,3266036,630137,1017072,0,649061,0,0,0,0,0
103,000519,2018-04-10,-0.032620922384702045,-0.028121484814398245,0.1712561313634764,25607.0,113877.1997627607,2698,99883016,64351764,1626662,2066178,14021299,12662438,17598822,13670603,24528193,14504614,13587114,7355346,4987593,3219385,5343149,3259653,18190184,7613547
104,000520,2018-04-10,0.00911854103343468,0.003039513677811412,0.10730752032206672,6600.0,94755.62102491428,942,14526312,14951107,759601,910288,3078025,3286884,1643373,2606705,2705752,2398834,1329047,1286162,327000,670937,478500,457164,4205014,3334133
105,000521,2018-04-10,0.004819277108433662,-0.004819277108433884,0.13213612449260495,3744.0,32410.311228200833,988,9030888,3992894,1556212,542428,3342347,1230933,2808504,719315,1323825,382715,0,423055,0,0,0,0,0,694448
106,000523,2018-04-10,-0.011688311688311637,-0.012987012987013102,0.3508158499582761,10640.0,33623.469818662816,481,6172576,4082319,363924,550239,2931794,1718572,1973069,1154885,521265,103950,0,210483,382524,344190,0,0,0,0
107,000524,2018-04-10,0.004081632653061051,0.010204081632652962,0.30837831849744163,2976.0,13832.522702123288,1011,3395136,5463847,1016233,1426489,1694493,2794093,449714,1243265,234696,0,0,0,0,0,0,0,0,0
108,000525,2018-04-10,-0.008283479061205745,-0.022089277496548543,0.5643867816103644,21280.0,129975.74249688596,1483,50583295,35482951,961513,960432,6228149,6969279,8740146,6705552,10979892,5992440,5796442,5523809,4518962,948107,3093913,1832568,10264278,6550764
109,000528,2018-04-10,0.012222222222222134,-0.0033333333333332993,0.175166207717665,18040.0,128428.36955866429,2648,82138519,66931964,1775528,2262776,12621948,10987556,12118475,11146883,16120476,13929171,9235300,8010346,7204781,4299997,3642133,1361223,19419878,14934012
110,000529,2018-04-10,0.0,-0.004854368932038722,0.3285574708272491,11124.0,72760.7711448401,353,6961799,3716436,445461,225254,1506714,1211907,1516913,1043252,1340740,1005383,214550,230640,300370,0,0,0,1637051,0
111,000530,2018-04-10,0.006072874493926905,0.0,0.16564881026551628,7402.5,58577.206632848305,890,15264376,7900787,742745,1199008,3649919,3248163,2243165,1460428,2851727,1784945,1987089,208243,1062151,0,928226,0,1799354,0
112,000531,2018-04-10,0.013138686131386912,0.007299270072992803,0.3732040469089955,4155.0,47636.36772341308,336,3445713,3429739,376534,213791,1210279,710538,827856,579650,790244,607788,240800,488383,0,345189,0,484400,0,0
113,000532,2018-04-10,0.02891030392883631,0.026686434395848835,0.2677109305288934,31245.5,138991.32425691292,2544,82996866,102590174,1229053,1359748,11953898,14386322,16000480,12989314,16534576,26168508,12527684,14802308,7470297,8074889,4937429,6370298,12343449,18438787
114,000533,2018-04-10,0.0,0.0,0.16457816231718653,6340.0,381626.538205509,1483,0,51683680,0,3175072,0,8460096,0,5985594,0,4907794,0,1225522,0,1276876,0,902182,0,25750544
115,000536,2018-04-10,-0.0024875621890546595,-0.00995024875621886,0.09715913883537936,2800.0,46649.65581835773,1719,15076272,7960600,2458292,1490024,3815564,1949879,1564947,1534368,2300134,859873,1609312,974356,1072465,318400,437800,0,1817758,833700
116,000537,2018-04-10,-0.014832162373146107,-0.0187353629976581,0.2556938537872654,15108.0,117641.53463518328,2519,64611326,40086987,1800400,1646221,13894594,9752424,9784496,8349287,10083899,7822229,7805963,4407889,3190262,3095622,2208682,414020,15843030,4599295
117,000538,2018-04-10,0.020162128455622597,0.02192891290791943,1.940614149972152,38904.0,151788.53135170953,2458,80403988,107247146,2886208,2287197,11552971,15611587,13902053,18688217,15694228,18345166,7765404,12376163,6244334,6922263,6094892,7997138,16263898,25019415
118,000539,2018-04-10,0.0022321428571427937,0.0,0.17049506968845093,898.0,56186.98373178547,690,2628591,3504188,389888,468807,1111683,854862,391732,510863,735288,271506,0,0,0,0,0,0,0,1398150
119,000541,2018-04-10,0.003516998827667095,-0.0011723329425556983,0.2036642087905713,3411.0,47780.239131836715,1755,13540810,8444876,3546015,1201139,3938567,2516338,2225456,1282637,781182,689407,767155,462324,0,313868,1739192,0,543243,1979163
120,000543,2018-04-10,0.010615711252653925,0.0,0.14996596610928384,4730.0,85923.59226410923,987,18978969,9645205,1079152,719864,3544170,2263225,2738183,1829861,2791681,1549334,1241360,1334473,684872,330880,2148007,457864,4751544,1159704
121,000544,2018-04-10,0.01726618705035965,-0.003597122302158362,0.575768883919613,12510.0,42998.62943215861,582,8863276,5508149,528022,635082,2960809,2333883,2059483,1751628,874737,787556,1265279,0,349646,0,825300,0,0,0
122,000545,2018-04-10,0.007092198581560183,0.0023640661938533203,0.1503451458861964,5058.0,45718.242124822915,792,7209852,8124738,533888,998977,2604507,3159111,1465697,1706910,812696,597878,772404,1082254,319788,0,0,0,700872,579608
123,000546,2018-04-10,-0.024020227560050622,-0.027812895069532217,0.34712713582814936,8568.5,63506.92074690118,2080,40417584,24523547,2642173,1344296,9404728,5304026,9320455,5841712,11233008,5171084,2702216,2489399,1697051,2611743,924800,472200,2493153,1289087
124,000547,2018-04-10,-0.01755852842809369,-0.030100334448160626,0.21538876933336973,37344.0,146994.21328126578,3091,142611040,117855863,1558327,1149210,15775543,15365121,18915105,19646105,28323679,27535646,18919085,15580899,14216166,11062982,7611515,7820540,37291620,19695360
125,000548,2018-04-10,0.008223684210526327,-0.00328947368421062,0.2971006003707973,9150.0,46644.904357246174,418,6869151,2681455,451503,312360,1865242,1350289,1908426,605875,1578026,412931,0,0,0,0,424200,0,641754,0
126,000550,2018-04-10,0.006954102920723182,0.0013908205841446364,0.40043608028064265,10150.0,58387.527594102634,1289,20880255,16994203,1237475,744271,5292904,5220849,4442970,4040086,4049402,3625759,2526202,1633104,1021128,320450,485750,852204,1824424,557480
127,000551,2018-04-10,0.014164305949008638,0.0028328611898018607,0.33785627200575263,5324.0,53278.61501539771,436,6257709,3999341,313018,416771,1352163,1100703,1581649,941405,1387170,968462,764979,0,352500,0,0,0,506230,572000
128,000552,2018-04-10,0.014492753623188248,0.008695652173912993,0.07333953937862076,2094.0,47192.663343684086,2226,8110812,14578665,1336615,2452235,3164544,4807870,907338,1240174,729041,1447603,0,1022356,348388,339926,443004,404840,1181882,2863661
129,000553,2018-04-10,0.03188405797101446,0.021014492753623104,0.3452535886165861,8301.0,57640.007700803784,1598,14698950,26287796,1360365,1539066,4924970,7415922,3413663,4583117,2167221,4931731,1410394,3095025,373730,2030029,0,424410,1048607,2268496
130,000554,2018-04-10,0.021676300578034713,0.01734104046242768,0.24001092806407706,10440.0,67509.30162098656,831,12652206,13401272,888182,920441,3711297,3204604,2215500,2463091,2024141,2398675,1674067,1578079,352920,695782,445599,894693,1340500,1245907
131,000555,2018-04-10,0.02287581699346397,0.010457516339869244,0.2774162036442777,43442.0,184296.3566416614,3047,143329600,156523941,1368424,1188944,14448511,13539090,17119532,18388720,31700958,33815294,15954477,22578435,18003946,14353288,7969710,8378375,36764042,44281795
132,000557,2018-04-10,0.002277904328018332,0.002277904328018332,0.18529395731349577,4840.0,34706.961719932544,561,5328678,3744520,746182,428487,1580335,1526412,1424233,1044033,699745,385661,439184,0,0,359927,438999,0,0,0
133,000558,2018-04-10,0.004761904761904745,-0.0023809523809523725,0.13424005915479387,10313.5,73813.8671176147,980,20181790,14685903,634841,1180209,3465915,4024395,2907597,3424865,4488785,3510356,3341967,662946,1057130,704532,1781627,419000,2503928,759600
134,000559,2018-04-10,0.0034843205574914826,-0.0011614401858304202,0.23156720616582102,10284.0,85085.68052049565,1383,24583789,21677027,1630750,1350187,5399145,5883977,4907071,3652322,5656653,3537385,1672346,1917823,1794841,1822827,1299023,465351,2223960,3047155
135,000560,2018-04-10,-0.08671171171171188,-0.06981981981981988,0.2009482017866581,15138.0,149861.67214887342,1959,50689277,43491685,1675333,1558509,8351775,8517788,8642105,6518380,11927819,7612705,5115566,3793058,3137840,3079080,2648326,3230335,9190513,9181830
136,000561,2018-04-10,-0.012674271229404233,-0.02281368821292773,0.21660812479287256,11670.0,79891.93003729517,1328,27751509,17718486,1077940,1451913,6485047,5143107,4952227,3102307,4116622,4024155,3630063,1896003,2222907,998733,854337,0,4412366,1102268
137,000563,2018-04-10,0.0077319587628865705,-0.005154639175257714,0.10639108812115088,5031.0,70780.00052808522,1334,17837457,10982365,2224675,1058652,4262578,2672599,2412886,1476820,2683967,1506349,1183799,701672,1148813,1406397,1293554,470690,2627185,1689186
138,000565,2018-04-10,0.004615384615384688,-0.009230769230769154,0.2523615327530444,9780.0,55455.57412313965,663,12181103,5201085,639428,801148,2969303,2271121,3060730,857636,2175186,1062530,757564,208650,364908,0,451386,0,1762598,0
139,000567,2018-04-10,-0.05018315018315023,-0.06666666666666665,0.6032324155094728,33364.5,191608.47152767918,2054,123421274,66960565,677513,867653,12442055,7699870,12393901,8061740,18500987,15525886,12599014,9688410,16321546,6872004,8479689,6055665,42006569,12189337
140,000568,2018-04-10,0.0057180199313837665,-0.010619179872569773,1.1239113620789276,30285.0,240290.99774801338,2970,151565740,105096653,828924,1630427,17911472,17254500,17067006,10069575,29530019,16714673,11437874,10283576,13865269,8777163,8239044,5946737,52686132,34420002
141,000570,2018-04-10,0.03339882121807469,0.003929273084479545,0.29348855552171405,10140.0,31086.532412122702,300,2856704,3028771,205907,323537,1061205,1573882,952032,572164,131560,339458,506000,219730,0,0,0,0,0,0
142,000571,2018-04-10,-0.08703374777975137,-0.08880994671403197,0.10781775216505586,19008.0,239517.58058999208,2745,100282736,108621267,1017468,2373433,7350719,13823940,10319448,14672445,13250669,19222766,11991037,10633055,8480399,6928555,3947316,3598602,43925680,37368471
143,000572,2018-04-10,-0.026258205689277947,-0.008752735229759279,0.087738276685469,28475.0,662835.4113315898,2745,204374448,252091854,1065463,2211751,7050928,12248817,10012935,13097224,14501410,24443811,16761381,20144247,9484582,15567111,8971998,17545454,136525751,146833439
144,000573,2018-04-10,-0.006507592190889477,-0.006507592190889477,0.15412453312579724,1367.0,34387.991324886214,895,5576853,6748306,516844,926003,2427771,1281706,1072006,1201933,653844,1527497,906388,1811167,0,0,0,0,0,0
145,000576,2018-04-10,0.0,0.0014785608674223738,1.0608985084996756,22253.0,108560.36484396683,365,5521196,14999006,182290,295999,1317697,2461950,872112,1455035,927984,1708994,1316338,1376040,373515,2698380,0,2613350,531260,2389258
146,000581,2018-04-10,0.0034632034632033903,-0.0025974025974027093,0.49137732374423143,18416.0,121382.23159319817,2210,61094744,57721333,2347879,1749266,9841052,9136809,10270714,9535859,11150973,10812722,8539454,9656401,3039472,4810445,465114,2341278,15440086,9678553
147,000582,2018-04-10,-0.033707865168539186,-0.02757916241062308,0.21558344867889276,23550.0,331683.3819657586,2067,68078585,76298123,1312173,1645875,8417769,10215432,8828212,10901226,12085482,15782260,8752067,11149395,5778966,5169610,9570969,5282227,13332947,16152098
148,000585,2018-04-10,0.0036231884057971175,0.0036231884057971175,0.09526427357445846,4464.0,36846.1577137844,842,6875992,5421958,727422,802001,3037748,2238611,1686876,1069112,510364,839315,204960,0,0,0,0,472919,708622,0
149,000586,2018-04-10,0.010144927536231751,0.01304347826086949,0.40942702501911465,4170.0,81830.70570277999,1145,7626016,7852836,2342614,1079184,2394739,1733060,1430801,722692,881858,696400,0,0,0,0,0,0,576004,3621500
150,000587,2018-04-10,-0.013793103448275779,-0.017931034482758568,0.21036429830603673,13689.5,117023.84854021345,1188,41947145,17741922,1059440,1191619,4590497,4271964,6152397,3184817,10565838,3659798,5655007,1217907,2492500,0,3518210,458014,7913256,3757803
151,000589,2018-04-10,0.0049261083743843415,-0.0024630541871920597,0.16740518989913217,1623.0,36440.76888682094,588,4227693,3539042,765158,298876,1024286,643897,837101,597822,1155132,1300586,0,697861,0,0,446016,0,0,0
152,000590,2018-04-10,-0.009992313604919256,-0.019984627209838624,0.45539003027264985,12620.0,48692.39612587996,817,13221311,7060097,740091,587830,4187789,2814495,2382179,1770438,2188223,1369105,1505888,518229,1799829,0,417312,0,0,0
153,000591,2018-04-10,0.052631578947368585,0.02923976608187151,0.09685772699948259,10530.0,191859.43241766,2824,85862121,98707484,2504052,2450917,9873643,8248155,8970296,5311799,11949926,12398591,10245488,13072099,4097962,11506655,6035684,3100215,32185070,42619053
154,000592,2018-04-10,-0.03340757238307357,-0.04454342984409798,0.1059351016121547,13700.0,143002.33069915822,1802,62341158,28032022,1258392,1373042,9509369,6642176,8082541,5715709,7498321,6328100,6816648,1729584,2327940,625801,5777200,2977710,21070747,2639900
155,000595,2018-04-10,0.03632478632478642,0.02991452991453003,0.15736225687134775,9600.0,58594.89761293886,885,11595696,14757392,870093,824047,3627082,3795048,2671880,2568398,2383359,3588562,1718382,1387224,324900,320824,0,957436,0,1315853
156,000596,2018-04-10,0.028529267092965993,0.0198393179209706,1.6781458806074767,16793.0,117521.41388513839,1322,35293617,39106947,1691592,889148,6176059,4156992,6649707,3656310,7508536,9812877,3686839,4936924,1977419,5045574,446400,1347505,7157065,9261617
157,000597,2018-04-10,0.000990099009900991,-0.012871287128712772,0.23665107268771368,9027.0,45513.18203689879,1824,19697732,18137699,1449547,2900231,6540027,6204571,4402548,2366508,3927916,3664068,1219901,286140,943295,1628540,414498,405960,800000,681681
158,000598,2018-04-10,0.006134969325153339,0.002044989775051187,0.1463996593987534,5379.0,68033.04510880147,1117,12098270,10197465,1479054,1130150,3525865,2812487,2145195,2019583,1093546,2104923,0,893200,341600,0,0,418332,3513010,818790
159,000599,2018-04-10,-0.006644518272425071,-0.009966777408637828,0.2844915136297876,7212.0,42379.81085600527,447,6009157,4464453,273370,642993,1468627,1519537,1537985,1322594,1891887,979329,515508,0,321780,0,0,0,0,0
160,000600,2018-04-10,0.016566265060240948,0.013554216867470048,0.18239140131016807,9408.0,62654.48504011848,1326,20616835,20194801,1366247,1009805,4956737,4240720,4992205,3247537,4883118,3442030,2127734,3352927,1813797,1736634,476997,951773,0,2213375
161,000601,2018-04-10,-0.004477611940298498,-0.008955223880597107,0.21922724114365524,1334.0,69193.75955315096,935,10144194,5508801,739434,847669,1459278,1117679,457307,1147022,1286278,1043437,546472,213144,632077,0,0,0,5023348,1139850
162,000603,2018-04-10,-0.003502626970227629,-0.013134851138353776,0.3799228274653871,13512.0,50821.738397554174,903,14872267,11942990,653017,556375,4858055,4078380,3738690,2538645,2531497,3032256,1782877,1168334,338100,0,414710,0,555321,569000
163,000605,2018-04-10,-0.010574018126888296,-0.023665659617321144,0.4136896316586151,25480.0,91263.93882524662,2307,66373523,53316083,1718802,1521246,13314560,11858097,14506256,12417316,16189402,11165408,7246876,5568269,5934853,4098116,3645574,1356907,3817200,5330724
164,000607,2018-04-10,0.026929982046678624,0.025134649910233398,0.14374197394782484,7462.0,66446.44927987788,1507,25358700,19405514,1769097,752685,5089407,4263414,5182038,3820141,7991632,3450355,3578072,2046663,1748454,2302940,0,2198222,0,571094
165,000608,2018-04-10,0.016871165644171793,0.012269938650306678,0.29924765460844577,6610.0,52031.75665651651,474,6364395,5620160,438134,496468,1888538,1290402,1319677,825163,1050675,1322441,1026040,1051948,641331,633738,0,0,0,0
166,000609,2018-04-10,0.010011123470522687,0.0011123470522802492,0.33680929312724833,901.0,26956.1561830233,712,4561901,3216499,413432,695206,1835213,1146283,970531,895897,507748,479113,511337,0,323640,0,0,0,0,0
167,000610,2018-04-10,0.0020100502512563345,0.0010050251256283893,0.44600213657032384,9890.0,45451.70529573387,497,7042185,3755956,472048,709686,2616556,1666280,1007114,387970,1686068,762480,273399,229540,396000,0,0,0,591000,0
168,000611,2018-04-10,0.0013513513513512265,-0.004054054054054124,0.4557681514153382,4428.0,38014.47723775269,263,3787759,1284076,383688,140526,654352,552030,1165254,480082,1035345,111438,549120,0,0,0,0,0,0,0
169,000612,2018-04-10,0.0014204545454545858,-0.007102272727272707,0.15000704001745332,4224.0,37220.0882288054,2207,19050491,14464063,3838123,1425440,5230726,4436121,4089190,2912909,2730146,2814611,2313870,1339372,393242,0,455194,444928,0,1090682
170,000613,2018-04-10,-0.123404255319149,-0.123404255319149,0.302659800483813,43260.0,785100.1534817136,2191,201613587,245292829,65086,2467589,1094458,10963601,3514189,10290235,12877531,21459477,14040944,24227476,14136565,17988465,15632677,14957253,140252137,142938733
171,000615,2018-04-10,-0.0021186440677966045,-0.01165254237288127,0.2055440310890867,18800.0,78895.956869546,2111,53069961,43218780,1856472,1661688,10349470,10183811,9887388,10285026,12753353,11399540,6206682,3082903,4470208,3247028,3633208,1416624,3913180,1942160
172,000617,2018-04-10,-0.028691392582225195,-0.02939118264520646,0.39132822650977295,13760.0,269053.99978016014,1337,30683305,30890444,1224307,1138710,4753125,6058553,6087956,3732746,5461493,3883083,5024229,1313602,2646384,1018923,1748546,0,3737265,13744827
173,000619,2018-04-10,-0.0028169014084505895,-0.0028169014084505895,0.38802247356855885,7080.0,38518.984297737064,334,4094213,2395546,272769,329529,1413426,1115759,718366,254720,812822,482538,513240,213000,363590,0,0,0,0,0
174,000620,2018-04-10,-0.008237232289950658,-0.01317957166392092,0.2004405515932083,6000.0,84287.72181429081,917,16043322,4077019,1953408,623764,3496660,1450388,1786800,1214264,1951328,257595,2040977,210888,738629,320120,420797,0,3654723,0
175,000622,2018-04-10,0.029816513761467878,-0.004587155963302836,0.15285915713243636,3914.0,15945.423188344412,814,4205483,1886051,1755591,561845,1268000,735188,572183,341212,609709,247806,0,0,0,0,0,0,0,0
176,000623,2018-04-10,0.023027927486526156,0.00832925036746679,0.48022090461782874,16532.0,100379.50922814003,1806,41322290,48143962,865746,1367519,8690779,9278746,6277230,5780147,8303909,11772934,5927139,6097896,4400074,3345981,902170,1782732,5955243,8718007
177,000625,2018-04-10,0.00994575045207946,0.002712477396021651,0.23489157754394271,14521.0,151260.3373500213,2218,67441680,56351537,1679448,1357815,10210500,7854424,10686110,7529810,8506748,11497798,7411937,9286715,6903533,4344756,2755877,2579497,19287527,11900722
178,000626,2018-04-10,-0.01403508771929829,-0.019298245614035148,0.3823678537985568,11190.0,71401.21004423543,889,13921978,11601762,550152,826331,3638881,4236244,2623078,2026704,2850033,1390362,1953624,654795,750162,381920,441048,439432,1115000,1645974
179,000627,2018-04-10,0.014550264550264647,-0.001322751322751281,0.20924251441446692,9841.0,91611.68410114896,1306,26217458,21651677,1113039,1030133,5285881,5420067,3633583,4013355,3703516,3952825,3513912,2174673,1984405,1601153,1802847,1366581,5180275,2092890
180,000628,2018-04-10,0.029579067121729308,0.014789533560864765,0.25318604081512386,10368.0,43578.04654402298,1206,15710435,15374093,1506945,1136895,5616109,4591904,4233100,3628749,2208430,3133896,1433682,1787741,712169,648408,0,446500,0,0
181,000630,2018-04-10,0.007692307692307665,0.0038461538461538325,0.061442765933402116,5502.0,227158.2710606195,1810,43080167,39761535,1220334,1797427,5287992,6277606,3557524,4412339,2638322,4639662,1778853,2497823,620594,1369747,0,497800,27976548,18269131
182,000631,2018-04-10,0.010000000000000009,-0.0024999999999999467,0.13559266358510896,7980.0,56102.31107882282,872,13479908,5064527,370323,490877,7985828,1263220,610059,859404,1973759,730540,944745,501989,0,0,0,462701,1595194,755796
183,000632,2018-04-10,0.0017094017094019254,0.0034188034188034067,0.20659063000013558,2348.0,24883.056596911945,803,5283717,3207174,1063857,260942,1432478,1352515,1119629,998262,1223503,369355,444250,226100,0,0,0,0,0,0
184,000633,2018-04-10,0.01090909090909098,-0.00121212121212122,0.28813825875271987,4102.5,43188.7501706634,820,9924935,2485561,1978296,217038,2172576,965959,2062498,851308,853286,121656,923041,0,399006,329600,410500,0,1125732,0
185,000635,2018-04-10,-0.0007812500000000666,-0.008593750000000067,0.418956622237522,11457.0,45661.27725969369,933,13670171,8910624,1043787,602593,4485978,3310412,3190477,1830429,2302406,1813038,1407697,483288,778816,347344,461010,0,0,523520
186,000636,2018-04-10,-0.0437086092715232,-0.04635761589403964,0.26415408752979885,111457.5,534182.7844468746,3276,445568189,373405103,730465,801181,8756087,9148355,14833278,21585933,33476400,45829212,38980292,48388529,31857116,40079636,27181255,25524549,289753296,182047708
187,000637,2018-04-10,0.011257035647279423,-0.0037523452157599557,0.25161869836684486,9266.5,44733.04126682051,448,6393665,4206728,456530,333120,1992933,1419268,1419444,926154,1352842,1095953,472027,0,699889,0,0,432233,0,0
188,000638,2018-04-10,0.03894616265750295,0.030927835051546282,0.23957048963183014,11544.0,86597.18983994918,1329,22142938,24788058,1575613,1191748,5234666,6083886,4083496,5856387,2455759,4018195,2129555,1988069,950425,660510,2671673,1362636,3041751,3626627
189,000639,2018-04-10,-0.04094292803970223,-0.03163771712158814,0.4233294618640614,6423.0,76378.51110101842,1451,26235430,14206853,1358552,1349347,4940955,4327932,4331876,3096203,5048510,3770864,1403089,486965,1716394,698542,2818440,477000,4617614,0
190,000650,2018-04-10,-0.001956947162426781,-0.009784735812133238,0.1622882923628791,6617.0,95293.22672614669,992,19763018,8994388,886377,724911,3464331,2612420,3502416,1770119,4206610,2201883,1483179,678451,642274,1006604,439647,0,5138184,0
191,000651,2018-04-10,0.03877995642701526,0.026143790849673332,0.7658400417402065,278037.5,941960.9676071391,3592,831748914,1044118738,211708,122499,4384827,3238011,16469963,12209152,47597289,44235191,63739677,51294351,68449593,59177341,57007103,45547302,573888754,828294891
192,000652,2018-04-10,0.009153318077803174,0.0022883295194506825,0.13357981607128963,4370.0,72474.80046555074,1072,14351121,10122028,1097244,960936,3034172,2657676,2339279,2044664,3244333,2474474,657376,1240051,688430,304227,0,440000,3290287,0
193,000655,2018-04-10,0.011695906432748648,0.007797270955165692,0.1589149240197666,10260.0,56456.9468870329,1043,15836826,11895910,999336,848524,5216707,3414849,3976220,2644232,2775932,1938906,2868631,1261507,0,0,0,0,0,1787892
194,000656,2018-04-10,-0.0035335689045937757,-0.0035335689045937757,0.14054886883279252,11280.0,126625.96625090798,1625,33745936,29912373,1650530,1310135,7706887,6041998,5067706,3996385,5802521,2613291,4477319,2999352,1482742,1343877,2536856,917773,5021375,10689562
195,000657,2018-04-10,-0.01988400994200501,-0.029826014913007404,0.27164217618085085,16158.0,100025.91259839386,1978,55999321,32368142,1852556,1064570,10853132,7187579,10026454,6146463,12348233,5675669,4892925,4163053,2677494,2419680,1756212,1744184,11592315,3966944
196,000659,2018-04-10,0.016000000000000014,0.002666666666666595,0.16046353961336776,14063.0,81207.05894013541,546,9865645,9956646,410911,312950,2819641,2569912,1874120,2116347,1782737,2192906,523023,226500,0,1672911,0,865120,2455213,0
197,000661,2018-04-10,0.03880360278706174,0.02628448422364471,3.7404565474704623,53851.5,275255.6952866078,2230,121711362,172917706,1805,0,8407922,16312358,12774042,16765110,14889531,22286689,10308745,14475964,10729131,13592242,8297103,7175856,56303083,82309487
198,000662,2018-04-10,0.0,-0.008600469116497256,0.2997221271174535,6290.0,56298.471117403045,1823,30671940,18152717,1998897,1147428,6482779,5231890,6520704,3971894,6699856,3833387,3875144,2862947,2819307,1105171,442661,0,1832592,0
199,000663,2018-04-10,0.0016835016835017313,-0.006734006734006703,0.31338289746453984,14243.0,63286.26053217566,1437,30885555,20386699,1166855,1070031,7337553,6873279,6291061,4743498,7179888,4556580,3191633,1001864,2523039,634041,1383672,402054,1811854,1105352
200,000665,2018-04-10,0.013752455795677854,0.003929273084479545,0.3551541139288801,15330.0,82540.63413944872,821,19477544,13689300,530109,501518,3248283,4346908,4112467,2636645,3901950,3382197,704780,1329952,2140556,0,1349843,470580,3489556,1021500
201,000667,2018-04-10,0.006920415224913601,0.0034602076124565784,0.0876429902783013,5220.0,57292.63040624728,1091,11596092,6121958,2645888,529715,3212439,1491872,1349901,684203,1110490,875191,1566750,0,319000,337269,0,0,1391624,2203708
202,000668,2018-04-10,-0.0015785319652722452,0.0023677979479084232,0.6779652073357306,5012.0,32794.87147697772,349,2671766,3015117,409981,364419,687796,1073567,622150,536485,544064,558144,407775,482502,0,0,0,0,0,0
203,000669,2018-04-10,-0.012163336229365829,-0.01650738488271064,0.2905606053370774,5720.0,38674.0446110386,1570,16986982,9138856,2964395,699084,5767429,3318700,2580451,1498725,2948230,2159006,1582217,672223,0,357552,456840,433566,687420,0
204,000670,2018-04-10,-0.04166666666666663,-0.04166666666666663,0.11034332130316621,31303.0,139609.2809236669,3209,136244656,109344376,1634869,1963348,14347259,16540223,17193929,18305131,28945237,28079738,23021378,14157156,12614030,9860032,7588692,5267914,30899262,15170834
205,000671,2018-04-10,0.03901170351105332,0.026007802340702213,0.14931571151403372,14202.0,174550.02851721234,2659,82832449,94561342,3280397,1050922,11205898,8212658,11263114,10428833,12768264,14892931,6904297,10635095,9420362,6325589,7171864,7056690,20818253,35958624
206,000672,2018-04-10,0.019624573378839383,0.017918088737201243,0.21817014549665617,44400.0,300822.5443030606,2889,152376596,201950760,1015827,1322841,11968641,14066944,18251998,15901672,26332024,27797209,20105521,20062852,16471832,17909466,13996136,16619653,44234617,88270123
207,000673,2018-04-10,0.025386996904024794,0.014241486068111486,0.46328944884421175,26144.0,277586.0539657925,1220,37840224,104797721,758549,923121,3942160,6633834,3103499,7559834,6850435,9367532,3167689,6836431,3915263,7293208,1802500,3138282,14300129,63045479
208,000676,2018-04-10,0.03695652173913033,0.033333333333333215,0.2824169515809686,31394.0,334277.4136970426,2407,109886244,127941907,1252214,1085410,11159574,11856184,11583351,12312570,19443058,19564070,14782684,15582314,7135908,8707138,6156928,8077516,38372527,50756705
209,000677,2018-04-10,0.003058103975535076,-0.003058103975535187,0.13612348661850363,3270.0,38313.9454122494,577,6274051,3181021,727002,333092,1977641,1192267,1447100,614950,985291,1040712,216801,0,389896,0,0,0,530320,0
210,000678,2018-04-10,-0.011023622047244053,-0.006299212598425252,0.23498515662029246,6930.0,388233.571198097,730,11055418,18832264,567144,666033,2570237,2576369,1745831,1518136,3101093,1219161,1927187,752534,304290,0,0,0,839636,12100031
211,000679,2018-04-10,0.009803921568627416,0.0,0.25038885106225817,2468.0,21174.980923340074,597,3184438,2573919,691475,443421,1181743,976400,602944,770734,506976,383364,201300,0,0,0,0,0,0,0
212,000680,2018-04-10,0.013986013986013957,0.0,0.10961316603236744,5171.0,29062.27819308502,1537,9623223,8962631,2029754,2828965,3332203,2833102,2019786,1155798,979606,1031980,259974,0,1001900,681787,0,430999,0,0
213,000681,2018-04-10,0.03240564239420496,0.025543271063667383,0.5249491358715598,28512.0,146069.15924214126,2503,92658742,90867904,1309294,1406268,13740414,10973281,13373729,12810643,18156886,14925629,9747743,11404621,6963049,7372477,7935974,7068637,21431653,24906348
214,000682,2018-04-10,0.002262443438914019,0.002262443438914019,0.13513411430441244,3101.0,50188.74120278973,1071,7305016,4643242,704294,1839774,1902250,1390049,1369643,694123,655362,100118,445094,280164,0,339014,905373,0,1323000,0
215,000683,2018-04-10,0.025735294117646967,0.018382352941176405,0.059285852333299104,9747.5,126869.34783189459,2126,41663483,46357505,2464266,1059976,9891901,6875061,5343944,5446938,6270547,5770254,3693632,5805200,2061760,4125857,863591,1748566,11073842,15525653
216,000685,2018-04-10,0.0060240963855420215,-0.002008032128514192,0.24280066862810115,5982.0,66825.70562537464,1683,24849329,12764685,3394955,1028186,6398760,3936769,4494514,2789500,4667102,2007207,2142180,998075,1988943,0,455709,0,1307166,2004948
217,000686,2018-04-10,0.01653944020356235,0.008905852417302684,0.20951045046920147,15830.0,100729.59128428512,1408,36386237,35875834,1258804,1027132,6628957,5232687,5748869,5528102,7277613,6926528,5914994,5532569,4429185,3173781,927288,2646363,4200527,5808672
218,000687,2018-04-10,0.0038572806171650598,-0.009643201542912205,0.286186588864547,11566.5,67888.54432231332,1314,28353666,17570775,1065447,835170,6456520,4386713,5733839,3569558,7660596,3333651,3659990,1361784,1648329,1283804,871270,410504,1257675,2389591
219,000688,2018-04-10,0.055445544554455495,0.014851485148514865,0.22121354464119983,23506.0,211044.32047777623,2088,67457938,106035444,1229523,940127,7702842,8917375,7923917,12815064,13977050,16276419,7778965,7292380,3393274,9615580,3235763,6445814,22216604,43732685
220,000690,2018-04-10,0.0037735849056603765,-0.0012578616352201255,0.20905095636949902,8646.0,109215.12421857333,1447,30659345,21459020,2145520,1599870,4142759,3904566,3273814,3554802,4412312,3213995,3171973,2552977,1464089,2020735,476847,1247097,11572031,3364978
221,000691,2018-04-10,-0.019292604501607746,-0.019292604501607746,0.2933689079371997,8778.0,32717.114667273567,449,5770452,2965087,501580,441915,2192737,1506194,1566250,912896,421923,104082,471106,0,616856,0,0,0,0,0
222,000692,2018-04-10,0.014150943396226356,0.007075471698112956,0.15318661358469776,4280.0,56419.64585066288,767,8728831,7954978,626994,667628,2382132,2381906,1246074,1231689,1829566,2330299,703847,697265,0,646191,439531,0,1500687,0
223,000693,2018-04-10,0.0,0.0,0.9690968067619196,1286.0,15923.08501703448,43,0,257843,0,63014,0,104166,0,90663,0,0,0,0,0,0,0,0,0,0
224,000695,2018-04-10,0.0030030030030030463,-0.006006006006006093,0.4645462094278298,9850.0,44080.5853532379,462,6335355,3485382,678260,426866,2493967,1327603,989572,631693,927262,372330,457682,0,788612,726890,0,0,0,0
225,000697,2018-04-10,-0.002044989775051076,-0.002556237218813706,0.5127201157968952,19445.0,95648.98482276549,1456,35466328,33605070,1528375,1081812,6103689,6045145,6792267,6478536,8797403,6822893,4593540,3799621,1969027,1069587,1707481,4412171,3974546,3895305
226,000698,2018-04-10,0.011257035647279423,0.007504690431519689,0.23772266130388497,12513.5,85941.18327637062,502,8725113,9713702,408044,501898,2505822,1455274,2313682,1459423,1858495,1141962,435631,946260,309624,1802019,893815,0,0,2406866
227,000700,2018-04-10,0.0040000000000000036,-0.0020000000000000018,0.24949827453579132,14557.0,85160.5324882726,401,7822602,8355752,325259,299500,1495336,1946560,917364,2085906,2350248,1266933,1111238,704163,690936,332640,932221,0,0,1720050
228,000701,2018-04-10,-0.006263048016701522,-0.010438413361169019,0.23537515560629999,16064.0,67368.5158869869,1659,36969740,26015663,1549793,1590956,8893805,6770445,8572016,5722191,8805540,6595309,4608896,1226256,679787,654713,1869779,889512,1990124,2566281
229,000702,2018-04-10,-0.01846153846153853,-0.027692307692307683,0.21336931370493645,10778.0,64458.36070377014,928,18125779,11423729,891845,1081157,4374493,3319418,3531534,2384956,2718430,1838763,1996366,1049652,2427722,1313118,896740,436665,1288649,0
230,000703,2018-04-10,0.061501210653753136,0.05423728813559325,0.36880138076660907,39634.0,248040.57876975936,3141,170301015,193562734,1105821,1211606,16400313,14341309,16798106,17643272,27880440,24342204,21157295,24566271,10323329,14876728,12531314,19703332,64104397,76878012
231,000705,2018-04-10,-0.0012658227848102444,-0.012658227848101333,0.24747893598231116,10153.0,26077.81753654527,1019,12732431,5031083,2002673,536510,5751738,2625181,2054595,1288966,2426679,580426,496746,0,0,0,0,0,0,0
232,000707,2018-04-10,-0.005076142131979711,-0.012690355329949221,0.1115754629401008,2723.0,23938.61663782681,1251,5977558,4951577,1297390,1525698,2085550,2090460,861194,245348,1042082,876283,254932,213788,0,0,436410,0,0,0
233,000708,2018-04-10,0.021696252465483123,0.017751479289940697,0.3340479238586776,10340.0,60818.04609502917,921,10522929,15865695,561408,694571,3019891,4449831,2429859,4292794,1770789,2282714,1166170,1618080,0,621990,0,446946,1574812,1458769
234,000709,2018-04-10,0.020895522388059584,0.014925373134328401,0.06936090790615143,12450.5,233172.5181747022,2348,45103177,108869038,984506,2162415,7145948,11383819,6047803,10955885,5453292,14755494,2845012,6796178,4930615,7699317,2579463,3545231,15116538,51570699
235,000710,2018-04-10,-0.02631578947368418,-0.03578947368421048,1.3087169638362217,32550.0,184855.78082139304,1906,88015321,79289047,594288,974764,7404725,9766837,9546583,10744094,15623438,14661630,12178171,9471106,11961753,8126000,6443556,5671553,24262807,19873063
236,000712,2018-04-10,0.015957446808510634,0.005319148936170137,0.41450083670195925,15140.0,103067.6998446289,1317,36499896,26932139,1091198,960334,5390438,5152254,4703788,4005353,9015473,5716922,3952482,4057230,4088460,3779527,2211504,883422,6046553,2377097
237,000713,2018-04-10,-0.045392022008252986,-0.04264099037138924,0.1679751738647977,14000.0,97852.60173709872,1877,49269814,31870812,1697845,1533288,8962536,6544314,8852004,6062677,10536111,7740289,5710408,2491665,4501085,3148643,2286940,957690,6722885,3392246
238,000715,2018-04-10,0.007058823529411784,0.004705882352941115,0.39767874698681077,3440.0,37008.47987001951,458,3288371,3312788,435787,469638,1036884,688073,577733,529997,1020717,345537,217250,1279543,0,0,0,0,0,0
239,000716,2018-04-10,0.007575757575757569,0.009469696969697017,0.18406831266622076,10800.0,59076.4841150313,823,12449530,13594461,765955,575241,4400856,2536025,3466115,2520307,1958180,2224605,1412477,2598677,0,2069301,445947,414745,0,655560
240,000717,2018-04-10,0.059677419354838834,0.059677419354838834,0.14626965946805046,22338.0,607075.7010431974,1797,167512524,128471355,2564946,0,11634528,488027,11689774,1282475,15479989,7849097,13039790,7490875,10473769,7070151,9846813,8555213,92782915,95735517
241,000718,2018-04-10,0.015037593984962294,0.007518796992481036,0.10299456954801349,3990.0,37133.650986014894,1506,10157916,9822890,2353015,1249723,2909923,2327747,1485911,1210441,1972703,1903475,709248,1902019,326116,715600,401000,0,0,513885
242,000719,2018-04-10,0.025516403402187082,0.009720534629404698,0.1932024446345364,5747.0,33854.29392126862,1817,14634853,9417781,3551778,1810681,5852743,3702929,2110184,1372436,1234178,1032438,488268,217197,647417,337386,0,424641,750285,520073
243,000720,2018-04-10,-0.007246376811594013,-0.01449275362318836,0.1685997056522375,8220.0,114811.25901905015,603,14194272,5515918,590667,675211,2418358,2138869,1390479,627473,2336745,561132,1422078,466371,0,0,488400,449082,5547545,597780
244,000721,2018-04-10,-0.001988071570576677,-0.00994035785288272,0.21134092765288612,8928.0,41322.04042804089,566,8747935,4370914,652250,531407,2358436,2062878,2000745,606761,2357970,956504,676561,213364,701973,0,0,0,0,0
245,000722,2018-04-10,-0.002355712603062332,-0.008244994110718551,0.4688700433438749,10140.0,56469.86690599503,327,5762037,3016623,338390,317871,1521862,1261008,1199088,795842,1111705,641902,459480,0,0,0,410760,0,720752,0
246,000725,2018-04-10,0.027450980392156987,0.019607843137255054,0.08524444906320558,313276.0,1353023.5110631532,3598,1080902470,1534745736,42996,114341,4245469,4683833,13762278,16265286,40765694,50132297,50708182,55955145,55991572,61593223,54365689,62537406,861020590,1283464205
247,000726,2018-04-10,0.003894839337877487,-0.0029211295034079487,0.3554880987104011,2060.0,51477.04039606693,834,7780928,4889477,1051485,286410,1769319,1416016,605502,1043656,1941976,425790,470914,680850,300032,309900,412400,0,1229300,726855
248,000727,2018-04-10,0.0,-0.008510638297872353,0.05281520942486313,2820.0,71792.16120165958,2009,19165853,12662006,1590409,2201059,4775665,3953892,2395576,2293066,1771773,1880902,2580243,971207,740194,310752,1246609,0,4065384,1051128
249,000728,2018-04-10,0.014254385964912464,0.00328947368421062,0.2161555932221137,19194.0,121042.70334572697,1781,50777748,64602006,1413432,1415464,7360747,8740799,6865619,7753851,9601157,10478828,6786369,8620514,6907637,6438780,4026400,8520818,7816387,12632952
250,000729,2018-04-10,0.03425559947299073,0.031620553359683834,0.1646002358779404,14687.0,122992.26459393505,2129,33205169,63896257,1771123,1834789,8144733,11502620,7255753,11916262,6809398,12607795,2387923,4053233,2092085,4328588,2828253,1680599,1915901,15972371
251,000731,2018-04-10,-0.006756756756756799,-0.009459459459459474,0.2801849513680398,8832.0,69797.07442199421,697,12357631,10243062,718515,685964,3034830,2311111,2157608,1995231,2549788,1366021,989635,988437,1676366,1427578,0,809532,1230889,659188
252,000732,2018-04-10,0.06686930091185395,0.06762917933130708,0.4549918848655188,117672.5,581937.2270386028,3356,400425527,548828246,472030,477274,10427738,9071083,19916610,18641993,40419533,40319354,36701489,38948616,37540475,39433172,25889235,36482122,229058417,365454632
253,000733,2018-04-10,-0.01239970824215908,-0.01604668125455877,0.32264951111342316,13560.0,94749.55332500472,1807,48797992,28135145,1747485,1152180,9180169,6838971,8142134,5329867,9295303,6080748,4580767,3223487,2401876,2422694,3097998,897730,10352260,2189468
254,000735,2018-04-10,-0.10995260663507112,-0.10995260663507112,0.2006187473219864,41316.0,568617.1484794563,2771,274130708,360991045,15921,4440030,1537915,13033209,2034709,14680676,12053933,30129979,16582024,30287429,15698564,21103922,18000491,23533659,208207151,223782141
255,000736,2018-04-10,0.015469061876247636,0.015469061876247636,0.605762665775595,20160.0,68210.46248370469,1095,22538208,20911181,766649,564735,6261344,4924309,5587250,5434067,3942573,5449178,2175547,2114597,940168,974712,827288,838783,2037389,610800
256,000737,2018-04-10,0.0,-0.010666666666666713,0.20653799837170342,7520.0,41910.41937827328,329,4888345,2853440,358207,280582,1002697,1232742,903338,575920,1605322,764196,1018781,0,0,0,0,0,0,0
257,000738,2018-04-10,-0.03941176470588248,-0.04117647058823526,0.3205547014782306,37306.0,196681.16496727697,2815,176962119,98611238,1536915,1578757,12482071,13446783,19750827,15119722,28832620,19500565,20970537,14670963,14215564,10324008,11347802,7168813,67825783,16801627
258,000739,2018-04-10,0.013677811550151908,-0.0075987841945288626,0.16941242632785156,8567.0,46128.43662880439,1510,20323369,12742734,3594308,637397,6307511,2856155,3931883,3048888,3604780,1591871,1687065,2303571,656306,1398744,0,906108,541516,0
259,000750,2018-04-10,0.01388888888888884,0.004629629629629539,0.1221968622993004,6472.0,89278.9986923071,1252,16487430,21811575,1077740,1132055,4320912,4382124,2911824,2681680,4622328,4060194,1595864,1599254,1078885,1055491,879877,1738820,0,5161957
260,000751,2018-04-10,0.01797752808988773,0.008988764044943753,0.13491413965708285,9943.0,72130.27541395623,1089,18266161,16502004,1146133,1080331,5266751,5182861,2319209,3074778,2076390,2738898,1744702,1987486,642026,1023063,2715468,1414587,2355482,0
261,000752,2018-04-10,0.023775216138328448,0.026657060518731956,0.5196839311568054,16620.0,121452.74517099674,713,11022546,27844523,535420,612259,2976450,3312593,2202528,3661589,3352422,4713398,702200,2813294,630276,1438012,0,2612387,623250,8680991
262,000753,2018-04-10,0.01775147928994092,0.01183431952662728,0.14348258773353803,12341.0,66584.43151209119,555,8627543,10375736,465481,441950,2475388,2038603,2552603,2263317,1585630,2218514,202713,1375278,0,301875,1345728,0,0,1736199
263,000755,2018-04-10,0.009389671361502483,0.0046948356807512415,0.3283063880038462,7752.0,51318.19559910794,378,4531574,5014095,358755,378991,1603834,1243342,1426046,1347124,257000,1149158,242939,273700,0,621780,0,0,643000,0
264,000756,2018-04-10,0.0,-0.01031746031746028,0.3415025418988203,17570.0,47468.19245061196,1361,25201937,14731249,1012151,796441,12597539,5495823,4484195,2843774,3911538,2658845,761574,2235083,1018498,701283,850086,0,566356,0
265,000758,2018-04-10,0.0034602076124565784,-0.0017301038062285112,0.14433678289601368,5790.0,69195.10236489959,1606,26973928,18126159,1689939,1244730,5408435,4203984,4567388,3464404,5431241,3789471,3281986,2217306,1735064,911667,951846,910550,3908029,1384047
266,000759,2018-04-10,0.001225490196078427,-0.00367647058823517,0.29867154091584697,8976.0,55291.342539108424,746,10642824,7793355,953721,694879,3057852,2677410,2543260,1678578,2366733,1486848,0,261120,360729,0,486000,407000,874529,587520
267,000760,2018-04-10,-0.023060796645702153,-0.03144654088050303,0.15239187074301325,6930.0,56031.65116523392,983,18361335,7323623,709362,1191545,3578696,3308231,3332729,989983,3795133,948975,3863460,249911,1988149,634978,407392,0,686414,0
268,000761,2018-04-10,0.02499999999999991,0.022727272727272707,0.11837887855980535,6735.0,99653.52473036408,1385,18422720,29347996,1319834,1081160,5010657,4945746,2423845,4326447,3301853,5045276,2650611,3507718,678600,1032864,0,2184022,3037320,7224763
269,000762,2018-04-10,0.025974025974025983,0.021390374331550666,0.3211592876277869,13395.0,88023.11306175133,1662,33682646,35894485,1605041,982711,7591421,6945950,6469111,5881129,6756659,6830937,2026869,5908140,2108771,2064436,2592578,3120794,4532196,4160388
270,000767,2018-04-10,0.003759398496240518,0.0,0.14089725237850506,5044.5,35393.98213918672,356,2845648,3111177,314862,291259,1428825,646321,615176,856885,143906,843787,0,472925,342879,0,0,0,0,0
271,000768,2018-04-10,-0.024546424759871788,-0.04322305229455703,0.3398970274578668,54300.0,399077.44090716005,3044,308880010,215239543,1138922,1194169,11842550,11862552,20018639,14213057,29493123,27191018,29490125,22922504,22163333,16932533,19426632,14756904,175306686,106166806
272,000776,2018-04-10,0.01835985312117505,0.006119951040391758,0.3067692743056009,34639.5,260144.33200256003,2838,161462714,191370422,1808049,1771659,11321950,10991273,14839687,14386651,26869820,22986842,16174477,18706966,16817731,12825300,5855886,12742452,67775114,96959279
273,000777,2018-04-10,0.00721500721500723,0.00721500721500723,0.32749663396847667,15746.5,91526.11439169642,1792,46947548,41643209,2270821,909022,9037338,6406433,7589809,7486682,10887041,9902510,7005194,5645405,3711428,3053360,2721849,1790501,3724068,6449296
274,000778,2018-04-10,0.01684210526315799,0.010526315789473717,0.11115848112412065,9600.0,146432.95853573576,1831,36990160,50876447,1592079,1916106,5955434,7902962,4177768,5786120,4893463,6976793,4209612,7345032,1602295,2393458,2820046,3308445,11739463,15247531
275,000780,2018-04-10,0.015779092702169706,0.005917159763313418,0.1826877997590595,11718.5,93470.27459668115,770,11752555,15104162,573698,426388,2709198,3823074,2548473,3734863,1876059,3090165,962870,1349704,657773,631968,816220,0,1608264,2048000
276,000782,2018-04-10,0.007407407407407307,0.0,0.3251974022954488,6760.0,39430.532446150406,430,3719218,4738876,492758,364608,1412224,1626200,952977,1005486,259317,896097,248570,439085,353372,0,0,407400,0,0
277,000783,2018-04-10,0.011126564673157091,0.004172461752433909,0.19047155685032632,7220.0,77650.17228361483,1426,23628392,23221654,1565304,1394554,4135009,4422188,2964665,5106504,4114502,5200532,2638941,1597476,3541596,2414254,436926,403992,4231449,2682154
278,000785,2018-04-10,0.014675052410901612,0.013626834381551545,0.2435649752448362,4820.0,41868.48110052629,1535,11486453,19837777,808332,2379887,4445693,5020731,3105709,4086374,1867013,5060587,516576,2753096,743130,0,0,0,0,537102
279,000786,2018-04-10,0.030515463917525798,0.020618556701030855,0.42825223665151835,49380.0,293561.32548507117,3211,206466231,209398510,1749107,1109729,17177159,11452710,22051428,19172032,33278081,30079324,26304351,25275039,17576307,12739942,10330196,10805549,77999602,98764185
280,000788,2018-04-10,0.023427866831073008,-0.022194821208384674,0.1703088726663786,17446.0,112426.3703717621,2271,66440795,42890842,2037911,1548944,12801510,8475020,12184497,9234437,16660968,7324568,6457534,4670599,3421220,2824285,3082288,488610,9794867,8324379
281,000789,2018-04-10,0.013600000000000056,0.019200000000000106,0.21749032250601713,93732.0,798790.9187178548,3317,395311257,490190341,626017,827980,10015418,11979931,17438279,20193824,34174289,40755520,35410457,33975102,31309534,23652375,21108142,26843403,245229121,331962206
282,000790,2018-04-10,0.050139275766016844,0.04456824512534818,0.12515744395149356,53392.0,468124.55073513306,3325,263275486,277241747,1197037,1513141,11632794,15069928,18294739,21837161,31433241,32264116,25732222,26242657,20113004,15269114,12424666,17440489,142447783,147605141
283,000791,2018-04-10,-0.004566210045662156,-0.009132420091324311,0.19411345684252282,6530.0,41735.530861686966,1146,12993970,9032980,934685,1566610,4458947,3061178,2617988,1803603,2630162,1517526,508939,531625,1291852,0,0,0,551397,552438
284,000792,2018-04-10,0.016105417276720324,0.005856515373352966,0.264356698504803,48125.0,299309.00842454995,2673,187720543,176112402,967038,1279932,9798708,11955606,14385136,16855083,24919795,26483083,22770523,19707735,11493402,16247805,12281722,14574366,91104219,69008792
285,000795,2018-04-10,0.01718213058419238,0.0068728522336769515,0.13040478792290572,16338.0,97873.51318344152,1996,44396215,44371087,1579777,1665270,10340868,7849766,9190799,9218114,9718891,9996291,5678666,3403233,3055165,1635640,1399065,3036634,3432984,7566139
286,000797,2018-04-10,0.012895662368112681,0.00703399765533419,0.3770928568341111,13744.0,61401.18394999195,511,8233169,8117877,470768,465522,2856333,1828006,1963130,2296487,1145038,1445549,256500,1250608,395865,0,412800,831705,732735,0
287,000798,2018-04-10,-0.002424242424242329,-0.0060606060606061,0.3916556761145003,8189.0,24960.746011445557,443,4052531,3450026,339455,544255,1857302,2179141,706948,726630,903127,0,245699,0,0,0,0,0,0,0
288,000799,2018-04-10,-0.006177924217462993,-0.008649093904448124,0.5416115894338526,24165.0,115850.08367043489,2010,74831794,55350294,1264573,1432768,9662883,8405250,12668477,11127844,18082319,12546601,9173108,6891554,5871882,5277260,2811224,4032394,15297328,5636623
289,000800,2018-04-10,0.014778325123152802,0.011822660098522064,0.23819751978900627,29811.0,233210.7961099381,1817,97275469,88353854,771557,844606,8178548,7673966,10007823,9724846,12161124,10788866,11131632,7837614,7634099,4817535,6342277,3174912,41048409,43491509
290,000801,2018-04-10,-0.0330935251798562,-0.0402877697841727,0.13522698141896733,23310.0,205732.143531744,2649,115922400,74622790,1636461,1852298,11685309,12604975,13257918,12031296,21467198,14977422,15950722,7076348,7076704,4119647,8835439,2256752,36012649,19704052
291,000802,2018-04-10,0.016435986159169413,0.0017301038062282892,0.36015612757995213,9296.0,50229.469468772244,1030,15865168,10113234,795458,767282,4059751,3484069,3983633,2845640,3311706,1711120,1659303,0,692444,668832,844985,0,517888,636291
292,000803,2018-04-10,0.047738693467336724,0.048241206030150696,1.2116558774308845,19920.0,175401.64156969194,269,10897019,4525185,144515,210952,1177254,1254205,1230738,798035,858190,1903201,907256,0,962108,358792,500000,0,5116958,0
293,000806,2018-04-10,-0.009472259810554773,-0.017591339648173165,0.15986993878549366,14660.0,76225.62012739951,2140,44181619,32487337,1997189,1862409,11752466,9003059,9015702,9210547,9105768,5805193,4363136,1667041,2624323,2412548,1751723,434400,3571312,2092140
294,000807,2018-04-10,-0.010025062656641603,-0.011278195488721887,0.14160600129830994,55370.0,575380.3882198344,3183,318057215,332383343,1382590,1450559,12563654,12158103,17459227,16381053,27166924,29737350,29105004,20784423,23681748,25671823,20537434,25845977,186160634,200354055
295,000809,2018-04-10,0.0055710306406684396,-0.0027855153203342198,0.13097403569076005,9231.0,57730.71329347599,752,9143693,12135119,446297,646455,2460233,3622542,2408205,2409272,1865076,2697217,1018776,1211563,0,315920,405256,483994,539850,748156
296,000810,2018-04-10,0.011614401858304424,-0.0023228803716608404,0.1948143891715121,12982.5,62461.446698701504,1956,37261445,28581954,2046938,1660129,11271707,7687974,7162526,4554615,7942684,6294737,4074793,4005203,1640749,1705715,1684365,910918,1437683,1762663
297,000811,2018-04-10,0.0028409090909089496,-0.005681818181818232,0.3268944402856705,6950.0,47922.756193805086,463,6448496,3353386,671193,262076,1668582,1249727,1410649,695765,1009742,557518,452600,279600,697500,308700,0,0,538230,0
298,000813,2018-04-10,0.015283842794759916,0.020742358078602585,0.2237181746694545,18560.0,275938.0124531804,1678,54766419,79087939,1404941,1384729,6326851,8002003,6140010,7482347,7142388,9827916,6142250,6578801,2680376,5497953,3126307,3627981,21803296,36686209
299,000815,2018-04-10,0.0057613168724279795,-0.003292181069958877,0.4763797473325656,9668.0,35368.313667934824,650,8239145,3957363,786007,486769,2871044,2051227,1340003,932893,1703386,486474,484999,0,1053706,0,0,0,0,0
300,000816,2018-04-10,-0.037681159420289934,-0.0434782608695653,0.06341912684166062,20460.0,146477.3753989593,2991,118718972,82817901,1909629,2158789,12761822,13538158,15316004,11294538,22125664,17078930,14362659,10732660,10905264,11591056,6848295,5796396,34489635,10627374
301,000818,2018-04-10,-0.02020958083832336,-0.02395209580838331,0.28318263650184156,14432.0,142238.4824253339,2228,82242525,44053045,1961357,1174568,10349185,7427540,10159077,7203951,14169772,7925531,12981903,3929989,9122440,2829396,2251981,2704636,21246810,10857434
302,000819,2018-04-10,0.07631578947368411,-0.00877192982456132,0.31755955079482745,13788.0,68058.1567758057,1291,20570932,23911787,935706,974807,6314360,6068488,4148590,5791365,5123958,3864769,2025568,2471750,656246,712020,859088,412920,507416,3615668
303,000820,2018-04-10,-0.06523005241700641,-0.07571345369831117,0.2994983240781401,55720.0,218299.06068050853,3293,227860324,180778139,821573,1316301,14024684,15465886,21439536,22266128,39602715,32130206,33242299,22425599,23146694,18416564,15543918,14180860,80038905,54576595
304,000821,2018-04-10,-0.0024999999999999467,-0.010833333333333361,0.447987583064623,12070.0,86527.64057129947,717,13307326,11608753,616709,561312,3383904,3302408,2568803,2904735,2064638,2565295,1296157,711782,381027,365721,0,0,2996088,1197500
305,000822,2018-04-10,0.017478152309613026,0.0,0.16429936944532747,17358.0,106865.14454840886,2383,54451472,59356122,3458609,1014209,11578173,7724976,10009619,19416233,11636457,14701433,4828981,2769396,3686692,3186609,2250318,1372054,7002623,9171212
306,000823,2018-04-10,-0.013771186440677874,-0.026483050847457612,0.20708225904870284,20999.0,125023.51840497424,2082,76806111,54216650,1254870,2232425,7889241,9180764,11390482,7254066,22799016,11586534,8923118,6872778,4122682,3266261,5712408,3232846,14714294,10590976
307,000825,2018-04-10,0.035650623885917776,0.03208556149732611,0.0986098203387682,39372.0,341849.1334848419,3251,209160067,271757013,1593200,1795153,11264288,11899977,16152955,18569020,24982190,32360905,19836612,18366549,19951208,24213534,15141359,16411949,100238255,148139926
308,000826,2018-04-10,-0.006183442116111326,-0.004465819306080365,0.5891055235142361,29220.0,192112.78254646825,2446,86503182,77368851,738606,1046192,18594297,18261449,11826553,16384748,13124657,8750669,8477299,5873677,4384086,3884616,3053748,1275915,26303936,21891585
309,000828,2018-04-10,0.012512030798844886,0.002887391722810273,0.46012957694270834,8352.0,35510.655832958015,509,6667392,4339095,501955,329445,1942344,1934075,2089048,719322,1883965,1022898,250080,0,0,333355,0,0,0,0
310,000829,2018-04-10,0.006749156355455366,-0.0022497187851520106,0.2818457251808283,5310.0,55096.68493224515,995,11199367,7901603,1302747,1119525,3081475,2364015,1958959,854840,1670300,1169554,1184914,544564,1062950,343035,400500,0,537522,1506070
311,000830,2018-04-10,0.053453453453453426,0.016216216216216495,0.28473889505234534,74184.0,376535.0009932387,3423,298488089,327478020,1011735,866634,14100195,10963326,24673252,19057637,40049226,34800616,36057244,31907010,32555385,28117943,23767245,26012999,126273807,175751855
312,000831,2018-04-10,0.0007936507936507908,-0.0087301587301587,0.22319635185122016,56810.0,438963.74165421736,3195,239377656,234429211,881864,1053291,12159379,14894470,20401477,22153542,32587264,37181258,28496681,23203475,17514969,15971035,16764687,11731583,110571335,108240557
313,000833,2018-04-10,0.006578947368421018,-0.00328947368421062,0.2060877755344369,4864.0,27145.69931918174,870,7488425,3120257,2273240,416089,2338182,1185080,962109,750005,970799,769083,242399,0,701696,0,0,0,0,0
314,000835,2018-04-10,0.06911142454160801,0.03949224259520445,0.2976933752637129,12036.0,58111.67232304505,567,9149708,9566911,720908,374375,2845895,1536649,2889861,2494663,1846429,2341698,433545,1014655,0,1092871,413070,0,0,712000
315,000836,2018-04-10,-0.004310344827586077,-0.0021551724137930384,0.1338271783902568,9280.0,74503.12228800388,1204,26570337,14597897,1274209,971677,5751570,3901548,4034106,2426162,4591403,2878300,4083110,2883444,1353952,369036,1723185,451050,3758802,716680
316,000837,2018-04-10,0.0017921146953405742,-0.0035842293906810374,0.21283899935754072,11080.0,62916.74608033262,687,13198438,7534192,675408,613613,3559410,2351379,2463136,1348191,2673883,1621714,1180548,1267495,678117,331800,0,0,1967936,0
317,000838,2018-04-10,-0.003984063745019806,-0.009960159362549792,0.17523679348349688,8534.0,65062.19092353184,821,12646182,7327389,660073,956712,3292535,3145265,1897393,749156,1773247,1027151,967444,219728,2081721,0,407540,0,1566229,1229377
318,000839,2018-04-10,0.011544011544011523,0.0028860028860029363,0.14922816505625283,18778.5,147348.56520816914,2160,57539467,59992928,1458514,1855891,9927759,10978896,9624426,8952890,11451623,10512168,5394713,4902477,4566406,7119360,2712831,3549791,12403195,12121455
319,000848,2018-04-10,-0.01387406616862319,-0.021344717182497308,0.25085422026916093,4602.5,75183.15716657994,1396,22358731,11413220,1551073,1043571,4042102,3601365,2225885,1831397,3607319,1816935,2263830,484216,2464549,327207,1871893,893318,4332080,1415211
320,000850,2018-04-10,0.020689655172414056,0.01379310344827589,0.11407275465540201,8840.0,102318.26858148168,1458,30014605,37329151,1314357,890980,4105929,5768271,4951499,4267089,7903105,7720292,2320196,5613863,2639102,2818662,4349853,4005986,2430564,6244008
321,000851,2018-04-10,-0.00917431192660556,-0.0240825688073395,0.21816164252821996,14636.0,91089.57395414109,1599,46887915,22697886,1794623,1103808,8292783,6183114,6410329,4941282,7135329,5491237,9023932,2022108,2442251,710249,6094147,1345321,5694521,900767
322,000852,2018-04-10,-0.04941860465116277,-0.03391472868217049,0.1845418182825734,43868.0,382234.387338958,3140,193305149,172470451,1216094,1444754,13303190,14068841,19331114,18042459,32790683,28726378,22055536,19593505,17454377,12937820,13867307,9669325,73286848,67987369
323,000856,2018-04-10,0.0031347962382444194,-0.009926854754440995,0.41749938696083855,21169.5,68716.4347679452,2102,49672997,45999074,1683391,1718788,11122627,9814667,12422181,10372177,14476799,12392533,4016425,5357457,958666,2584652,2693196,844054,2299712,2914746
324,000858,2018-04-10,0.00903225806451613,-0.0030107526881719693,1.1930579128154504,111120.0,456407.80555121036,3418,474058652,388442423,675533,410912,14241741,9731661,23113036,19014261,43817913,39241314,47646628,35828343,36231716,21759942,43034126,24373468,265297959,238082522
325,000859,2018-04-10,0.005390835579514919,-0.005390835579514808,0.15097232755996476,2968.0,35972.38675973738,604,5760393,3088811,913606,439895,1536854,1151428,527811,683985,1666128,560000,745994,253503,370000,0,0,0,0,0
326,000860,2018-04-10,0.01598962834917894,0.017718236819360467,0.4223247796081095,21163.5,187114.5543493534,3008,88816972,127791865,1885719,2044665,13888981,16133617,11697101,11733463,14959009,17440071,11952458,14225569,6119874,9425417,6459902,5851811,21853928,50937252
327,000861,2018-04-10,0.007092198581560183,0.0035460992907803135,0.1500274941565079,5358.0,31130.91461808197,353,3275636,1806269,447482,333954,1115592,656181,703248,448234,1009314,0,0,0,0,367900,0,0,0,0
328,000862,2018-04-10,-0.0337349397590363,-0.03132530120481947,0.10006090357724444,10149.0,88414.41600200464,1727,32940566,18429743,1782997,1170576,8789799,6447930,6010061,4056001,4679219,2843025,2373850,1547341,1344260,987390,1781857,0,6178523,1377480
329,000863,2018-04-10,-0.0042918454935623185,-0.008583690987124526,0.14716706495223383,930.0,15733.794176450201,1003,2818583,2419919,304498,970966,1266774,798076,786117,333925,461194,316952,0,0,0,0,0,0,0,0
330,000868,2018-04-10,0.04272151898734178,0.03797468354430378,0.12233319759103214,22968.0,261216.53335420723,2679,120864643,146657406,1840614,1811471,14579751,10621581,12235990,8038639,17343534,13492384,8171529,12752196,9841386,12274450,5397973,5339895,51453866,82326790
331,000869,2018-04-10,0.005242463958060384,0.0,1.3549381463613028,18990.0,69527.91671558762,792,19917955,12423752,412911,577910,4896434,4229762,2997687,1979549,5112623,3159969,3149232,663450,1757430,730080,425152,446984,1166486,636048
332,000875,2018-04-10,0.0031948881789138905,0.0,0.09035883152130657,6842.0,41552.24617661155,1203,12868268,7633054,3750288,721417,3481366,2746413,1443476,1330711,2183033,1009852,675124,469997,379392,641024,429123,0,526466,713640
333,000876,2018-04-10,0.006983240223463749,0.0013966480446927498,0.14530630113991688,14280.0,101961.9542370138,2433,39491415,47850966,1290395,1932444,17608601,8837207,6184226,7105282,5594200,4927539,1176673,4295627,1249072,1467006,1793110,2191417,4595138,17094444
334,000877,2018-04-10,-0.002887391722810495,-0.004812319538017418,0.19042223807780417,16720.0,130082.69655046944,2981,86838299,90595894,2973791,1232189,14461477,10758034,12377654,11728442,15017866,16408001,7577452,11775358,9871379,6999949,5197674,8019703,19361006,23674218
335,000878,2018-04-10,0.015985790408525657,0.00799289520426294,0.2704947968112939,21546.0,124436.8942494586,1733,51923792,59447919,1255494,1149997,7631129,7345466,7791968,7805429,10188809,12323288,10933340,8070154,3061992,6138484,2755434,5686413,8305626,10928688
336,000880,2018-04-10,-0.0021186440677966045,-0.010593220338983023,0.5337668472028892,10268.5,37669.21686657014,312,4892355,2465670,264996,360831,1856603,999355,1207807,704214,1014394,120470,548555,280800,0,0,0,0,0,0
337,000881,2018-04-10,0.005357142857142838,-0.002678571428571419,0.38738087365420293,15840.5,75156.58159501979,836,22534173,10698963,509823,606473,4196688,3341009,4214086,1999411,5820432,1827987,2813929,502260,2550515,1410861,414368,460810,2014332,550152
338,000882,2018-04-10,0.009287925696594312,-0.009287925696594312,0.06883628489674311,12274.0,84586.62118508267,2219,45447396,39318775,1930600,1900303,10207983,8710548,8409912,6478711,8149120,7402483,4759157,3367191,2419814,4041106,3531145,927226,6039665,6491207
339,000883,2018-04-10,0.0023148148148146586,-0.004629629629629761,0.11222680961843359,6020.0,64315.40094609815,1486,17317060,18616318,998069,1949779,5414558,3964503,4260731,2888543,2355451,2026248,1372392,1257381,1072879,1377169,436020,3052989,1406960,2099706
340,000885,2018-04-10,0.007246376811594235,0.005928853754940677,0.32599629008344044,21504.0,101275.89339504945,2169,57082657,59186461,1843064,1293968,11255062,9612444,11400027,9868064,12193871,15847237,5213986,5006566,5436824,4801684,2668670,3161209,7071153,9595289
341,000886,2018-04-10,-0.10275689223057649,-0.10275689223057649,0.173076686409885,39380.0,436734.482773744,2133,163961995,216747465,77908,2320905,1398082,11567204,4160586,12016039,12016572,24002662,13383791,20373171,11993971,17742799,12990664,14982224,107940421,113742461
342,000887,2018-04-10,-0.00909607731665718,-0.005116543490619629,0.4253471172314711,13752.0,112044.00403407605,1711,43182421,31837787,1887751,1054865,7296312,6823381,6078571,5704218,7323817,6632288,5239418,1708435,4566971,2587644,2570326,887713,8219255,6439243
343,000888,2018-04-10,-0.005208333333333259,-0.009375000000000022,0.2708542359986345,7623.0,28257.812086911177,1256,15929063,4760762,2375287,689368,8621488,2360495,2286218,1030381,1618574,413403,285600,267115,315400,0,426496,0,0,0
344,000889,2018-04-10,0.0035842293906811484,0.004301075268817289,0.4864176066984772,8328.0,61508.82587043135,822,8745677,13466128,736258,857036,2724064,2559803,1511334,2342140,1762556,3261628,201405,2114571,0,1384386,462870,946564,1347190,0
345,000892,2018-04-10,0.007672634271099765,0.005115089514066584,0.23269016923001407,2361.0,32281.551003045894,1130,6370503,6115142,736727,1770089,1967648,1952013,1225505,1013469,436673,1164755,697168,214816,707042,0,0,0,599740,0
346,000893,2018-04-10,-0.012259194395796924,-0.012259194395796924,0.1456007667230582,15147.0,120645.68722308532,1541,43678222,24940277,1301026,1114988,8795988,5602989,8041928,4142361,9343881,4729783,4087846,1642702,2015272,332925,3559951,453264,6532330,6921265
347,000895,2018-04-10,0.022169437846397466,0.008313539192398967,0.5540303442803369,15078.0,100532.4734654163,2079,54417009,42575419,1732211,1238398,9163999,9424185,8532201,6135777,11887814,7952662,9870572,7473737,1658256,3292263,1769160,3185913,9802796,3872484
348,000897,2018-04-10,0.003225806451612856,-0.003225806451612967,0.10167088649372169,3080.0,32279.053371446073,932,7536271,4125610,1319325,632379,2902745,1195850,1362739,1229208,862310,513033,202704,246140,308000,309000,0,0,578448,0
349,000898,2018-04-10,0.031509121061359835,0.026533996683250516,0.11419921318476352,13009.5,184129.93811098867,2798,75529934,126879393,1889873,3436722,10368365,9985378,8310136,10091889,13083171,15692375,7300718,12448188,7661304,12427258,3918554,10285746,22997813,52511837
350,000899,2018-04-10,0.004073319755600657,-0.004073319755600879,0.18104220776943225,1470.0,23419.71331910516,735,3800307,1857802,1032511,202464,1259222,740876,659652,224761,277606,689701,218004,0,353312,0,0,0,0,0
351,000901,2018-04-10,-0.015124555160142328,-0.025355871886120984,0.4473807192971541,33487.5,167654.40375278908,2526,130379049,82109673,1229598,1219795,12714621,11996518,15198958,12064949,25643333,18634312,20206868,11615915,11912163,6333889,5349612,4398722,38123896,15845573
352,000902,2018-04-10,-0.0031152647975078995,-0.006230529595015577,0.31657643165302,4795.0,77140.87200103389,925,15898117,10728490,677478,1071845,3207672,2378401,2751289,1778150,2669783,719182,2341858,1514957,1392169,1505231,479500,479500,2378368,1281224
353,000903,2018-04-10,0.009933774834437026,0.0033112582781456013,0.1274047259622469,9105.0,50532.703532436586,562,7467538,5409571,477953,479821,3192658,1753434,1655439,1069366,821654,722805,475348,662702,303000,0,0,0,541486,721443
354,000905,2018-04-10,-0.000987166831194597,-0.014807502467917066,0.2739306799871147,16063.0,152542.36735970722,1369,43924545,25944326,912693,917039,5990377,6910572,5352546,5040566,7121909,5660371,4959115,2236648,2591971,1040950,456912,867042,16539022,3271138
355,000906,2018-04-10,0.026582278481012578,0.015189873417721378,0.3094606159460514,15970.0,108401.94389264184,652,14037474,16517585,481424,644741,2769921,3506795,2167254,2080407,3015439,2679951,1011212,1492178,1439925,2065465,843396,0,2308903,4048048
356,000908,2018-04-10,-0.022508038585209,-0.030546623794212135,0.13188831166942794,14388.0,186783.3177583559,2230,79220405,49300159,1844213,1782316,10612380,8398259,8132826,7485467,14713739,9579619,7769334,4448621,8677906,1877814,1321386,2164742,26148621,13563321
357,000909,2018-04-10,0.004020100502512669,-0.004020100502512447,0.4043020157470931,10070.0,40177.89259449202,605,8261066,5690382,704571,555473,3252710,2220416,1949880,1229652,1405124,802812,567927,414436,380854,0,0,467593,0,0
358,000910,2018-04-10,0.007545271629778805,0.0,0.5369712266833202,11922.0,109915.90127767787,1371,30589953,15463847,2299096,760774,7706896,3658084,3951768,2317522,8166382,2976373,3599106,214919,660348,330330,483032,831209,3723325,4374636
359,000911,2018-04-10,-0.011780104712041828,-0.01308900523560208,0.2870729477017646,7530.0,42625.209949697535,708,10519992,4480082,1029615,530956,3033537,1823014,2793524,320773,2479406,840119,708646,433650,0,0,475264,0,0,531570
360,000913,2018-04-10,0.004242424242424159,0.003030303030303161,0.6136806608347606,11697.0,80866.76883203721,723,14522060,9217819,817582,473072,3691672,2576802,3260941,1675715,1127757,2687941,415254,228790,1342164,661335,424495,413750,3442195,500414
361,000915,2018-04-10,-0.016273393002440906,-0.02766476810414975,0.6121969809844938,24020.0,137008.07121372345,1612,61007327,40284765,814800,1395709,6406110,9845063,6476951,7758435,11359127,7816230,7254076,4769809,4459056,1756739,4921498,434700,19315709,6508080
362,000917,2018-04-10,0.0013386880856760541,-0.009370816599732157,0.22222833633830147,14960.0,148109.10270951595,1130,46855295,25025796,866082,1035456,4686871,4259010,4388270,4180311,6103972,5894995,5183350,1539357,7124702,1383165,1788931,2332612,16713117,4400890
363,000918,2018-04-10,0.007153075822603716,0.005722460658083017,0.24848929390611374,7010.0,74501.77337406555,791,10884740,10782639,696906,751819,2796203,2450732,1679258,2486781,1668695,1344282,1288335,1207961,0,688490,879350,1280222,1875993,572352
364,000919,2018-04-10,-0.006802721088435382,-0.013605442176870874,0.2797117895800833,7875.0,56212.675631627426,994,18194875,9119888,1506181,804181,4254794,2685794,3801214,1652063,3836414,1931203,2683099,1009205,1099253,0,491320,439250,522600,598192
365,000920,2018-04-10,-0.03236994219653189,-0.030057803468208077,0.23000131038628432,16720.0,89433.20519399793,1415,34543490,29082266,1106625,1549939,5793885,7032041,7451652,5638462,7451460,5006726,3935885,2676780,3198966,2065887,2204985,2165007,3400032,2947424
366,000921,2018-04-10,0.02073940486925152,0.012623985572588037,0.2281589235487276,14586.0,73397.26655431907,2364,46146714,48809058,2787884,1076169,13572127,8825231,11678691,8958493,7958779,12168856,4098140,7400133,2810274,3455982,1293537,2130085,1947282,4794109
367,000922,2018-04-10,0.045397225725094525,0.023959646910466592,0.22264801212536087,16611.0,72631.55158671529,1269,25410605,28088780,1009619,1043241,5988081,6429353,5271496,6451961,5522645,7160149,3585845,1441645,1655896,2723199,475104,843672,1901919,1995560
368,000923,2018-04-10,0.004837929366231064,-0.0019351717464926033,0.5813480035738606,12429.0,46372.998559465086,1264,18373804,14913021,834904,1044115,6755490,5890949,4710428,4251866,2475288,2775130,1753961,426120,1020949,0,0,0,822784,524841
369,000925,2018-04-10,0.005714285714285783,-0.002448979591836653,0.4439521665938377,12260.0,43075.00503992321,761,12822546,7394510,817585,470950,4664382,2440184,2569880,2357901,2310482,1589076,1392073,220349,1068144,316050,0,0,0,0
370,000926,2018-04-10,0.012889366272824887,0.004296455424274814,0.22407511637173674,6517.0,80395.82103187863,1727,27354707,20390363,2854209,1339986,6001226,4750199,5944128,3429712,3601600,2733318,1662422,4767602,2383908,1978942,870485,1390604,4036729,0
371,000927,2018-04-10,0.007389162561576512,0.0049261083743843415,0.13117596742661325,9672.0,85508.90213773701,959,19205610,18891960,1182087,626425,4175454,3047045,2904401,2195992,2314460,3282088,3701233,3009189,2754842,2448307,807078,1371582,1366055,2911332
372,000928,2018-04-10,0.017274472168905985,0.007677543186180413,0.18396889575349393,11025.0,57900.26688686174,802,11167597,13781217,608884,486014,2184521,3881223,2203734,3153512,2667929,3296527,1276655,1491468,1330220,1000873,895654,471600,0,0
373,000929,2018-04-10,0.002309468822170757,-0.004618937644341958,0.2884697488310396,3464.0,24180.279977786442,901,5861806,5278649,529447,1799627,2151242,2154334,1809104,684822,1147217,367942,224796,271924,0,0,0,0,0,0
374,000931,2018-04-10,0.0031249999999998224,-0.0031250000000000444,0.26223150091749303,9600.0,65563.10685498604,595,10361017,4706681,619171,565498,2999491,2279284,2155935,1081248,1819121,577137,0,203514,357918,0,0,0,2409381,0
375,000932,2018-04-10,0.04737516005121645,0.04225352112676073,0.138188555280677,42552.0,399258.14083670895,3205,225338071,291976052,1289467,2714654,9874029,12854223,15687363,22844721,21923390,26306488,20604953,27795340,16156033,18540190,15445169,16751110,124357667,164169326
376,000933,2018-04-10,-0.014084507042253502,-0.020486555697823206,0.1421338655205442,35374.0,286998.30547435925,3026,174798742,167602075,999561,2312291,11359472,15441038,15647983,18309927,28896472,21774623,16348648,17575713,17828896,16337633,12638588,12358297,71079122,63492553
377,000935,2018-04-10,0.038503253796095205,0.03524945770065058,0.35091180172451897,30624.0,138835.37588358612,2764,101777194,101668655,1549682,1747996,14610447,13026671,15878107,15142835,19084409,27165397,13662034,13601919,6463536,6302409,5769479,7228444,24759500,17452984
378,000936,2018-04-10,0.0013210039630118242,-0.006605019815059565,0.15210468431320343,22320.0,92339.64303870602,2481,72225105,54444185,1845794,1747489,13844793,11346910,14216986,9850744,17931821,15085009,7506302,6974847,4382777,4818167,2226077,2619763,10270555,2001256
379,000937,2018-04-10,0.0161943319838056,0.006072874493926905,0.10951322170036017,3479.0,57330.904829193765,2042,16465883,23379811,2258895,1848807,4130285,3722715,2649101,3359769,2548135,4121290,1493717,3771485,1224735,2095741,837771,2795346,1323244,1664658
380,000938,2018-04-10,-0.008836718543919653,-0.018596676338696883,1.4134125596036533,66874.5,432429.9966846576,2880,294915888,239544418,959425,656826,11851827,11294618,16129783,18376122,31992851,26701815,25591176,21236281,21414444,19411071,20897891,18677401,166078491,123190284
381,000948,2018-04-10,-0.006433823529411797,-0.019301470588235392,0.3271431394103401,19134.0,85258.99323780001,1107,25878247,19618600,664093,801012,5398522,6726930,3816364,4585152,6056213,4220285,3551537,1190836,668130,666789,940700,815701,4782688,611895
382,000949,2018-04-10,0.002577319587628857,0.002577319587628857,0.2440665078507745,7800.0,45642.22441546044,252,4736592,1896896,227284,252434,679970,606912,1298954,350091,2281424,452679,248960,234780,0,0,0,0,0,0
383,000951,2018-04-10,0.009859154929577452,-0.0035211267605632646,0.3384914202752388,12780.0,60342.87031790414,1760,29452903,22057408,2006317,1200188,10204538,5745518,5131203,4748598,6577633,3261326,2080084,2743056,630311,1012672,922190,887500,1900627,2458550
384,000952,2018-04-10,-0.0072895957587806315,-0.011265738899933764,0.4251968062098843,13365.0,83367.00211174905,1260,27779281,22903768,1315181,575787,4433599,3797489,6623502,6351640,7562490,6116024,2935242,2320872,2703347,370225,873239,411162,1332681,2960569
385,000953,2018-04-10,0.02937576499388017,0.01835985312117505,0.2861572448158278,14195.0,54278.410092850856,815,13003278,14349020,749161,837835,3748254,4180987,2814324,3199962,3464867,3238216,1032762,1740045,311455,327600,882455,824375,0,0
386,000955,2018-04-10,-0.05526315789473679,-0.05526315789473679,0.17213631439790048,35900.0,584419.9580187924,1955,164292840,241675004,76144,2214795,1528420,8834127,3495249,10204473,10136880,19915534,11538583,22973939,10112389,17395358,9073953,16246526,118331222,143890252
387,000957,2018-04-10,0.03406593406593417,0.03626373626373636,0.20636664540174401,19080.0,133579.6326126257,1948,54386041,62378025,1584451,1685955,9386556,8133502,9856981,6735016,11024257,10382112,9965261,6844330,4880548,7209799,1377830,3473337,6310157,17913974
388,000958,2018-04-10,0.011574074074073959,0.004629629629629539,0.15034986079758003,8690.0,49829.9759863534,826,11276703,8534088,1070051,619912,4233971,2328981,2202438,1756626,1952390,1922392,452228,528152,382799,0,424746,1378025,558080,0
389,000959,2018-04-10,0.019230769230769162,0.0064102564102563875,0.09725679050387433,6227.0,50996.29971772241,2326,28207910,21505861,3765855,1269734,11892696,6249579,3857558,3236935,2000500,5268825,1500981,1599857,995979,329430,4194341,1817084,0,1734417
390,000960,2018-04-10,0.016591251885369473,0.006033182503770718,0.26976692740571045,24012.0,229689.07230734665,2418,101253331,107498342,1366929,1607972,11822055,9662600,10414054,12499235,16352930,17073220,11076341,9614603,14288337,9535524,7085929,11140104,28846756,36365084
391,000961,2018-04-10,0.016620498614958512,0.008310249307479367,0.1626702206673266,25920.0,228978.73445343773,1973,73052560,105120838,962618,1413525,6029519,9513641,6242142,19336955,8467200,15295685,9870219,10444609,4490714,4942734,4059594,5235659,32930554,38938030
392,000963,2018-04-10,0.004552129221732759,-0.007488986784140783,1.4102780648669329,20451.0,125869.92654227493,2334,73824012,71910589,914761,2490854,10613811,12726061,12547283,8947311,18043829,13961730,8382977,7589479,5606573,6065843,3598026,3570956,14116752,16558355
393,000965,2018-04-10,0.0017605633802817433,-0.005281690140845008,0.15740373325219792,11350.0,132643.564385056,1304,35986674,22580964,1110464,911838,5408212,5334560,4596599,3527385,4328496,4257549,3883411,4490117,1703068,992610,2549331,918464,12407093,2148441
394,000966,2018-04-10,0.002941176470588225,-0.00588235294117645,0.1512769241283933,6740.0,74767.45567393026,505,11290659,5001601,569883,359919,2099679,1481119,1446492,440064,1526017,1455000,1861073,486172,1965315,309507,0,469820,1822200,0
395,000967,2018-04-10,-0.001273885350318471,-0.001273885350318471,0.3777733898841675,10192.0,63324.95685785997,431,7929870,4916554,369788,351906,1648283,1512932,1531576,916675,1935596,995445,964329,499527,695298,640069,0,0,785000,0
396,000968,2018-04-10,0.005663430420711935,0.004045307443365731,0.3104643446525664,3729.0,33727.741058510655,1588,11975352,11075908,1972216,1637983,4984304,3572717,1858266,2504254,2367219,1751587,0,0,361131,716122,432216,893245,0,0
397,000969,2018-04-10,0.003712871287128605,-0.004950495049505066,0.21835820091165775,8486.5,58483.31519572514,1370,24000608,15259232,1743873,971818,4745488,5018360,5499058,4153597,5328177,2971717,3469858,782640,713105,1361100,923543,0,1577506,0
398,000970,2018-04-10,0.018242122719734466,0.00746268656716409,0.2518423413783546,29256.0,216077.3633806246,2295,113856744,111035868,1403118,1213388,10457555,10059329,12027037,11197239,17531203,16242798,14257526,11731832,13829629,10921701,7688536,5358471,36662140,44311110
399,000972,2018-04-10,0.0023640661938533203,0.004728132387706863,0.1549318259375845,8883.0,50118.138140380914,746,9455235,8527213,681694,661815,3757828,3204794,1455064,1254678,1825033,1741340,449296,523562,389425,626712,896895,0,0,514312
400,000973,2018-04-10,-0.007920792079207928,-0.00990099009900991,0.17572655698071998,6513.0,78433.07093110411,826,14184039,9369441,759402,1114653,2926047,2639574,2062405,1898787,3385673,1445512,724609,955567,335169,388000,1407000,425349,2583734,501999
401,000975,2018-04-10,-0.0052631578947368585,-0.013157894736842035,0.35767610956200635,10603.0,90904.23932598319,1807,36190615,27280896,1983114,1258098,7462829,6512814,5265074,3206934,9352332,7214664,1592829,1957236,3469662,1652958,2204238,456000,4860537,5022192
