,code,date,pchange_whole,pchange,change_std,amount_median,amount_std,length,sumsell,sumbuy,sell_vol_0,buy_vol_0,sell_vol_1,buy_vol_1,sell_vol_2,buy_vol_2,sell_vol_3,buy_vol_3,sell_vol_4,buy_vol_4,sell_vol_5,buy_vol_5,sell_vol_6,buy_vol_6,sell_vol_7,buy_vol_7
0,000001,2018-03-27,-0.014414414414414378,-0.011711711711711592,0.18777624746011962,92347.5,572683.6899715784,3500,449622246,404491157,459840,788872,13619903,13244655,23561747,19824146,57870624,42706592,42034443,30599329,38205561,26204741,20470167,21892120,253399961,249230702
1,000002,2018-03-27,0.00420848170929089,-0.0016186468112657781,0.5208964235308347,164060.0,738360.8771358149,3519,652581569,797660356,456752,483382,6188810,12399027,13100112,23085379,35821421,53453573,36957582,48500121,34939404,42938044,37079150,37092330,488038338,579708500
2,000004,2018-03-27,0.03237095363079634,0.0209973753280841,0.8101723199576463,13602.0,52012.2550649174,796,16822378,8072982,813517,505080,4624797,2929341,2987750,1807611,5673023,1673935,1596800,501515,670891,0,455600,0,0,655500
3,000005,2018-03-27,0.013440860215053752,0.013440860215053752,0.14174872849232859,5278.0,33122.33689238128,689,5355192,6643799,767649,721631,2137050,1868412,1361466,1366890,1089027,1740772,0,946094,0,0,0,0,0,0
4,000006,2018-03-27,0.0013736263736263687,-0.0013736263736264798,0.1656446335718509,18915.0,123836.41805315275,1934,61014765,51643395,1220627,1802965,9031109,8620204,7766167,10338037,11547322,8321977,9795202,6885048,6098416,5358135,1758519,1313901,13797403,9003128
5,000007,2018-03-27,0.06384558277654051,0.034149962880475115,0.43323252053374517,14040.0,97162.15163945906,967,14734717,20254818,762238,710257,6060541,4895035,2328868,2579051,2741534,4735701,798236,2814949,0,1371634,0,931038,2043300,2217153
6,000008,2018-03-27,0.0,0.0,0.14335981226893477,6300.0,97632.79276961772,2394,47202645,23365021,5995380,1214284,6706231,5689823,4883199,4929279,5943260,4652259,2984619,2591113,2751776,1079522,1767003,1280631,16171177,1928110
7,000009,2018-03-27,0.00836120401337781,0.00836120401337781,0.13594273360097225,10268.0,94878.65250972698,1939,33018040,39928376,1624964,1781185,6294826,9346023,4319725,6003590,7250811,7045975,4026915,5887171,2153485,1911644,0,1689776,7347314,6263012
8,000010,2018-03-27,0.018223234624145768,0.018223234624145768,0.12406706483715443,9020.0,36703.962606587804,1254,9308668,14390469,894008,1399927,3000813,8666102,2132362,1878449,1872670,1059796,228541,485052,638024,383446,0,0,542250,517697
9,000011,2018-03-27,0.00064516129032266,-0.001935483870967647,0.44119254265144153,15480.0,53536.8542380488,1234,19962140,16183268,1366389,835148,6007320,5940566,5194171,4149803,4707962,2698312,895118,757742,309200,321885,0,881522,1481980,598290
10,000012,2018-03-27,0.004054054054053902,0.002702702702702675,0.16402892508542102,6705.0,60164.925626756005,2038,22396002,27101228,2106051,2496244,5832319,7041793,4187196,4255228,5082694,4526427,2948085,3198495,1371637,2148001,0,440444,868020,2994596
11,000014,2018-03-27,0.01388888888888884,0.012962962962962843,0.31263435921025706,14241.0,69963.84494902033,1196,23663834,21107706,844985,1088308,5560288,5888289,4223421,3449439,5809687,4514440,2416377,2787547,1972569,1676638,1376609,452648,1459898,1250397
12,000016,2018-03-27,0.024096385542168752,0.02259036144578319,0.14620666388416342,21600.0,174905.96763441584,2067,74128949,70432296,1529380,949781,8652281,11217230,9216590,9786940,11512840,11364483,6476988,7097896,6458764,5144266,5748306,2754371,24533800,22117329
13,000017,2018-03-27,0.010771992818671361,0.014362657091562037,0.19959432921025078,11180.0,49777.31922786579,779,9237928,9415264,829341,575639,3445114,3650956,2708426,1779769,1042291,2026387,650756,535013,0,0,0,0,562000,847500
14,000018,2018-03-27,-0.011475409836065431,-0.024590163934426146,0.14828987479999514,13090.0,310312.4008826453,1697,59400646,38538218,1492671,1317490,7020260,8676479,5251416,6291477,5167463,6571568,3137370,1359721,2396507,2056317,461536,924022,34473423,11341144
15,000020,2018-03-27,-0.012016021361815787,-0.009345794392523366,0.3945963695681414,16346.0,98951.8212913991,1443,33144528,32023181,1131944,1260467,6934449,6913374,4809015,5211047,6720645,8266190,3382301,4057316,2732633,1649247,2753701,875556,4679840,3789984
16,000021,2018-03-27,0.02666666666666684,0.021818181818181737,0.15633438648529582,16870.0,123615.31927779001,2790,66830015,80636262,2492985,2691990,13347430,11773772,11954952,12278073,16972462,14768854,6500919,9915623,2112091,5498103,5348716,4711961,8100460,18997886
17,000023,2018-03-27,0.033522727272727204,0.028977272727272574,0.5896958503946726,10650.0,39495.64862022609,891,11697674,9822096,1141896,775868,4021146,2950191,3245034,2424298,1721693,2991443,1235417,680296,332488,0,0,0,0,0
18,000025,2018-03-27,0.032850779510022354,0.03340757238307335,0.7430124557509571,26201.0,127546.99112095356,2339,75318504,76738131,1280377,1596143,11183394,11908227,11727153,11824777,17430897,15789133,10686633,11288917,7659377,6955259,2673795,3213376,12676878,14162299
19,000026,2018-03-27,0.03547459252157248,0.04218600191754551,0.2899403255272779,16840.0,127847.01856725934,1300,32354267,35919564,988242,792347,6148210,5827182,4196615,4703501,6780926,6063866,3891750,5334636,757254,2424071,2727328,1263339,6863942,9510622
20,000027,2018-03-27,0.0017452006980802626,0.003490401396160525,0.191766923910818,6336.0,57016.77387383058,893,9243284,10026975,1128167,1272807,2515253,2347746,1560760,1302504,1489286,1367150,831547,684737,1020620,1433043,0,401826,697651,1217162
21,000028,2018-03-27,0.032907075873827685,0.04330775788576302,1.3045682592321062,18956.5,140787.3748505973,2028,48787671,65460867,828554,1181733,9149732,14863089,7175118,7232596,6157661,9317518,3413642,5292306,5583174,5822646,3097574,4962202,13382216,16788777
22,000030,2018-03-27,0.005698005698005604,0.004273504273504258,0.18449640250731014,3515.0,29848.926304789995,1449,10039876,9001596,2187150,896923,2900594,2934730,2599210,1915855,912220,2829588,685116,424500,342576,0,413010,0,0,0
23,000032,2018-03-27,0.048338368580060465,0.014098690835850913,0.2470095895615894,15150.0,65915.11689156767,1618,30419740,27907425,1146723,1163239,8861748,6891626,7341149,5931549,6736673,5229479,2388529,3029269,1424050,1653659,405600,1370913,2115268,2637691
24,000036,2018-03-27,0.006009615384615197,0.007211538461538547,0.2255456317453771,12510.0,109433.60033024436,1361,24685861,35485026,1046749,1509199,5727209,5786495,5374048,4780385,4332510,5539188,2000967,2992761,1704788,1685995,1764430,3207407,2735160,9983596
25,000037,2018-03-27,-0.018867924528301883,-0.030997304582210172,0.19450470310074633,14360.0,136506.5876580489,1467,42201341,38310293,953126,1348327,4829506,6921894,4465369,5732352,6282846,7362342,6320343,6305559,4143014,1978580,4092191,1798981,11114946,6862258
26,000039,2018-03-27,0.023312883435582687,0.012883435582822234,0.2863326270270888,14917.0,137299.7403177333,3242,103585492,83534424,6054030,1031746,18116383,10458762,12451347,9404870,19853412,13998181,10409306,10386404,5421263,9588265,7099681,3608395,24180070,25057801
27,000040,2018-03-27,0.00859106529209619,0.014604810996563522,0.3747711774150797,4724.0,43187.71124586402,965,8764541,9095214,921540,939501,3809438,2617698,2029645,1317760,1347625,1263249,656293,470168,0,995778,0,902810,0,588250
28,000042,2018-03-27,0.0075862068965517615,0.010344827586207028,0.6835931188108575,8742.0,28446.108554849052,449,3421558,4097123,459676,410009,1893583,1750845,339823,1201993,437276,734276,291200,0,0,0,0,0,0,0
29,000043,2018-03-27,0.00893854748603351,0.004469273743016755,0.4574563437460299,14392.0,64442.42310247129,382,7294050,8112570,304214,378116,1507606,1631999,1569409,1594056,1943817,2311552,1190702,1528804,328302,668043,450000,0,0,0
30,000045,2018-03-27,0.02807775377969768,0.016198704103671746,0.18377793433851627,28049.5,110067.59360355206,2544,75020537,67526175,1676015,1570222,13880534,12991902,16886510,14638620,16850068,16643397,9268912,7347784,2072217,4865645,5255943,2299226,9130338,7169379
31,000048,2018-03-27,0.003722084367245637,0.0,1.302597551284026,12085.0,36838.587617631936,344,2490463,4476244,292386,388023,1495923,1979731,394100,979431,308054,328704,0,0,0,391713,0,408642,0,0
32,000049,2018-03-27,0.02246153846153831,0.017846153846153845,0.7346805154339776,16665.0,113210.73616137874,1957,45048047,44626464,1671517,2113385,8667885,8756557,8344042,10018199,10111487,9766397,6420159,4058825,3034300,4098182,866734,427050,5931923,5387869
33,000050,2018-03-27,0.014193548387096744,0.011612903225806326,0.2993791292887009,39137.5,154408.89971541968,2682,117465111,122584743,1279123,1698504,11180315,13701194,16419384,18506332,23193446,20946017,23766793,14902310,13694105,14288558,5883498,8614444,22048447,29927384
34,000055,2018-03-27,0.0,-0.004137931034482789,0.18688113661406283,14430.0,97160.23142593534,1506,33699650,25104401,1612423,1177508,7704208,5617187,5612231,6412027,6837452,5237356,5017371,3182272,667454,1459616,1865887,0,4382624,2018435
35,000058,2018-03-27,0.0078125,0.012499999999999956,0.24064331401429606,12700.0,35627.63614250113,707,8463911,8598954,620464,699461,3199942,3088714,2104138,1723640,2284167,2574556,255200,211633,0,300950,0,0,0,0
36,000059,2018-03-27,-0.0032858707557503752,-0.0021905805038336945,0.2528140028852381,17347.0,171782.26945448064,1304,42553264,38782833,1244631,1150912,6474391,5382102,5838379,5067504,7073890,3705395,3522723,4583826,757913,1365725,1829099,3561188,15812238,13966181
37,000060,2018-03-27,0.003232758620689724,-0.0010775862068965747,0.19503725544570943,21309.5,211394.9818193152,2266,86174759,96835860,1624807,1726070,9297280,9896027,10601069,10090935,17284418,15378980,10423093,11101132,6590047,9560501,4585073,4562255,25768972,34519960
38,000061,2018-03-27,0.03370786516853941,0.015449438202247201,0.1853929726883433,14320.0,89881.69466222613,1477,30098852,33247675,1118413,1487751,6373441,6460856,5423046,5141770,6821135,5066414,4266575,5942180,2812916,1340044,843165,3134698,2440161,4673962
39,000062,2018-03-27,0.012671594508975703,0.0036958817317847004,0.5015432549490053,5763.0,52645.54817434899,1426,16948483,14557732,1682147,1809316,4519935,4188636,3853706,3729523,3347082,2490157,1030550,0,0,990379,438993,1349721,2076070,0
40,000063,2018-03-27,0.012645590682196284,0.006655574043261225,0.5066128390409703,154683.0,986906.6056230164,3519,725096079,797760277,298571,510069,9065879,8329515,18989503,21147463,49503675,48385803,40253640,42945382,41023753,36977464,38296786,31374836,527664272,608089745
41,000065,2018-03-27,0.01045903544450888,0.0023242300987798004,0.3704638729181043,24416.0,103862.1204802518,2159,61862709,56907458,1156166,1250781,10791157,10534938,12922708,13393229,16682967,12418607,7277766,6003291,2285795,2015901,2162227,1306305,8583923,9984406
42,000066,2018-03-27,0.09749303621169925,0.09749303621169925,0.13156613023527525,55196.5,1177656.0563817811,2986,362016359,372659758,2501414,461377,16042094,4555827,20275330,8221529,35689732,20530506,26397902,25700670,18836911,24876118,22997089,17218821,219275887,271094910
43,000068,2018-03-27,0.004618937644341736,0.0,0.17410565834372752,4370.0,50515.946497822144,619,8376171,5932988,410113,419257,2199601,2221408,1462022,1557320,1067155,912643,1627031,475826,305060,346534,1305189,0,0,0
44,000069,2018-03-27,-0.0037037037037036535,-0.004938271604938205,0.14942563551824642,22680.0,146963.79348933836,2946,99284249,86717081,1424730,1355544,24115673,10478349,17774460,11696007,17168674,12176549,9466653,8284087,3435058,7389694,6716601,3079031,19182400,32257820
45,000070,2018-03-27,0.02905027932960902,0.025698324022346508,0.24177427695388373,14719.0,99423.98480636891,1371,23489917,29688298,1772101,865464,7095680,5563986,5420984,4989882,4115850,4856983,923018,3545709,1049944,1324845,499991,2192443,2612349,6348986
46,000078,2018-03-27,0.028960817717206044,0.030664395229982988,0.12233339825632449,13310.0,129646.26544561477,2309,51003291,76875030,1695737,2411796,7420029,9030284,7914893,10565858,8409051,12322177,7709607,6241701,5563620,9582957,3240688,3434387,9049666,23285870
47,000088,2018-03-27,0.0069637883008357715,0.00417827298050133,0.2003616291843167,7975.0,63871.51039863103,1285,18238314,23383141,955405,1336332,4506308,4866123,3529503,4567691,4337807,5455223,1830008,2666411,1333349,2400334,1241136,442185,504798,1648842
48,000089,2018-03-27,-0.003597122302158251,-0.0023980815347721673,0.22988465519442755,5831.0,73112.47545111575,1317,12757025,13420904,1091112,2677608,3335212,3368663,1278797,2046655,2911070,1997844,899673,1507540,341515,314250,967919,429240,1931727,1079104
49,000090,2018-03-27,0.007306889352818313,0.0031315240083507057,0.25390025854685977,5766.0,48617.98630750603,1424,14995871,13934146,1137097,1909924,4737242,4680682,2907218,2294423,2890219,3347837,550767,234710,1046400,0,450230,941735,1276698,524835
50,000096,2018-03-27,0.008012820512820484,0.009615384615384581,0.7541549416168143,6300.0,41969.695261781555,273,2915341,1584176,210136,350180,999470,832652,593152,211386,241804,189958,0,0,365980,0,0,0,504799,0
51,000099,2018-03-27,0.01575757575757586,0.00969696969696976,0.17661832766152963,11704.0,75662.90630886354,2186,44429566,34841162,2836881,1097103,11965051,5967265,8880525,5956232,8126146,5592753,6211570,4926627,2399023,4082319,906528,2312289,3103842,4906574
52,000100,2018-03-27,-0.002873563218390718,-0.005747126436781658,0.06330887395835814,24290.0,331406.9638622616,3055,140015213,153696824,1926328,1753045,12396249,19597997,12554204,13798103,13613361,18548890,11248232,8099455,7047410,7892880,8688529,3162451,72540900,80844003
53,000150,2018-03-27,-0.02430555555555558,-0.023263888888888973,1.0891277478902508,5646.0,18249.18064675133,700,4418225,3378467,947499,755341,2112940,1976888,872694,263618,485092,382620,0,0,0,0,0,0,0,0
54,000151,2018-03-27,0.06699081577525656,0.03889789303079416,0.3118669699498306,142462.5,412097.66438507335,3536,397267434,478323417,352199,506640,7370470,9429748,19462782,23355660,53359616,54212421,50091341,53805370,40934811,47160158,34285400,36840763,191410815,253012657
55,000153,2018-03-27,0.03404791929382078,0.022698612862547263,0.21095053813402156,15542.0,152343.73476186997,1417,29148061,33967916,1603692,1296636,7064922,5116039,5428911,6045012,6374087,5478608,4826023,4074782,722040,2445633,405999,404500,2722387,9106706
56,000155,2018-03-27,0.02552552552552556,0.016516516516516422,0.15631321934954975,25631.0,160930.10412292244,1818,62268862,78684758,1224210,1078210,8892851,6981387,8691999,9681797,14410675,11939084,8659325,12315885,7208429,7438691,2791727,4359580,10389646,24890124
57,000157,2018-03-27,-0.002375296912113911,-0.004750593824227933,0.10096848836832965,8841.0,139350.05739784916,1745,34831579,33464696,2037925,1144776,7983929,6410490,5084435,3745159,4447925,3077150,2346104,2893278,379260,1736613,3040977,2228370,9511024,12228860
58,000158,2018-03-27,0.033557046979865834,0.024161073825503365,0.18178998554177517,9156.0,115882.15273308074,1683,25092487,38318726,2081217,1443533,6329673,5693671,4998387,8862180,5801704,5607560,1939998,4059384,986662,1816654,0,852872,2954846,9982872
59,000159,2018-03-27,0.015695067264574147,0.011210762331838486,0.1555945951656628,4555.0,40381.29938204321,822,6923121,8042731,1008923,1140324,1897971,2788390,1373273,1054472,1546977,1974362,512244,757695,0,327488,0,0,583733,0
60,000166,2018-03-27,0.0,-0.0040567951318457585,0.12057221291624513,9840.0,128216.23009314746,1676,41428045,33295768,1568044,1368017,6022967,6170865,5123573,7201081,3932397,6085628,4283887,3724448,2207816,1061973,3651829,1788039,14637532,5895717
61,000301,2018-03-27,0.0,0.0,0.19712482074772697,26920.0,694356.4087795628,1166,134923311,67470865,1646823,10082,6361109,907567,5835523,2396011,11108513,6696984,9197931,8107200,7997425,5790471,6898152,6573765,85877835,36988785
62,000333,2018-03-27,-0.02777283247285034,-0.02741677051807012,0.9402126810440987,278133.5,841409.4867880329,3572,956139364,907764102,88480,52168,4609086,3406702,19171954,14223133,49248557,39605059,52079489,51171243,55461961,47052633,43443897,39782847,732035940,712470317
63,000338,2018-03-27,0.023959646910466592,-0.0012610340479192184,0.13926234188557804,26877.0,190641.23457020003,3250,142129849,116183274,2926743,1629670,18796752,10896632,21775632,12032495,30029728,21150470,11950864,11738956,12217817,9139457,8472212,8002235,35960101,41593359
64,000400,2018-03-27,0.005172413793103514,-0.006896551724137945,0.24367997860470425,13890.0,108458.52138349926,2268,61925359,44772100,2796903,1337753,10268587,9168266,9723450,7552739,13341384,10647045,6364054,5355147,3332619,3460918,2298106,453521,13800256,6796711
65,000401,2018-03-27,-0.0022123893805310324,0.004424778761061843,0.2442986646984636,38108.0,245099.2611701197,3085,165811528,175134185,1092553,1034725,19780646,13197619,18385945,15735187,30344192,24119222,14553628,16716314,14082224,18964665,12162681,17126925,55409659,68239528
66,000402,2018-03-27,-0.00805639476334341,-0.01309164149043296,0.2314309696512049,12863.5,145285.266375046,1842,62531766,39695148,1963101,2018136,6170369,7557031,8972186,5916594,14650499,7270969,4819489,4219418,2010956,2318341,6609072,495500,17336094,9899159
67,000403,2018-03-27,0.02150181938471718,0.007277538868673439,1.5913878791622251,21591.5,80788.45694246076,360,9737796,8569411,204046,332688,1522638,1811009,1850493,2164340,2650351,1900601,1287148,1436973,645310,307000,435656,0,1142154,616800
68,000404,2018-03-27,0.012544802867383575,0.010752688172043001,0.20907743980732185,11380.0,99164.81446434587,712,12517750,18104420,560481,548911,2913811,2195171,2711235,2428315,3355950,3511821,226400,2491085,1123500,975980,874724,2346232,751649,3606905
69,000407,2018-03-27,0.005154639175257714,0.015463917525773141,0.186524573053783,5920.0,56653.6414567256,974,13470117,9976230,537898,1116774,3102189,3536891,2588216,2542428,2749285,1633965,2705046,709505,711272,0,0,436667,1076211,0
70,000408,2018-03-27,0.014566181127295685,0.020899303356554988,0.41469302586881535,20462.0,249193.96585999767,1451,48677384,58053664,910159,1229063,5416553,7178510,7002505,7463536,9342015,10408369,4746377,4769479,5375807,3743936,2672876,1307550,13211092,21953221
71,000409,2018-03-27,0.03389830508474567,0.025423728813559254,0.14846525393458943,14850.0,71492.26460139336,1583,31645744,29121587,1361168,1204385,6701849,7414582,7450567,6053920,6411273,7785570,3366425,3956050,1599078,622542,1867179,464113,2888205,1620425
72,000410,2018-03-27,0.014763779527559029,0.003937007874015741,0.19110089299029195,30839.0,171179.99287083608,2831,110265619,102456482,1200716,1317075,14296496,13503982,18800489,14658780,24946235,22159875,13713710,11974057,9899216,7572702,7275108,3519289,20133649,27750722
73,000411,2018-03-27,0.024747937671860676,0.019248395967002674,1.3386700221736076,8880.0,56608.036075516764,265,3239728,3362843,295997,111147,854645,847893,879712,946316,233350,896237,484984,0,0,0,491040,0,0,561250
74,000413,2018-03-27,0.006605019815059343,0.005284015852047519,0.13786633682923072,29913.0,158911.19624225027,3021,107243923,122110617,1563750,1692530,12868660,16929858,18942437,19693749,21169897,22192663,11970119,13181715,10448377,13280862,6302943,7202380,23977740,27936860
75,000416,2018-03-27,0.0,-0.008695652173912993,0.17602662659202542,5770.0,45955.555484089964,1068,11630600,9474834,1389600,715968,3891779,3325327,2720233,1708836,2183128,1955801,490724,705504,0,662556,0,400842,955136,0
76,000417,2018-03-27,0.012096774193548265,0.008064516129032251,0.23456292734736017,3016.0,29478.828642614462,1006,6541977,8767050,755743,1206092,2542941,2021246,1500528,3716778,1432845,1393563,0,429371,309920,0,0,0,0,0
77,000418,2018-03-27,-0.008490704142878003,-0.01844532279314892,1.543828936067072,13758.0,90153.76435860267,1963,33598593,34755979,1077579,2513668,8805772,12682887,7693875,6937097,6520838,4223022,2921314,1750266,991100,1948709,903838,408000,4684277,4292330
78,000419,2018-03-27,0.014440433212996373,0.014440433212996373,0.2275770138912178,13717.5,41002.116578853915,592,7204160,10310881,570879,357286,2796743,2792141,1905552,2755869,1708031,3544750,222955,518899,0,341936,0,0,0,0
79,000420,2018-03-27,0.010752688172043001,0.0035842293906809264,0.10762428917570743,5600.0,46369.61026023241,673,8056092,7473810,321867,889698,1904071,2221335,2965137,1088777,1385858,2055356,209808,876484,385864,342160,883487,0,0,0
80,000421,2018-03-27,0.030360531309297834,0.018975332068311257,0.20666559960276792,4224.0,35937.674087865045,650,4631600,5885699,573821,435643,2099546,1516827,711827,1777734,617340,898527,225674,878920,0,378048,403392,0,0,0
81,000422,2018-03-27,0.016339869281045694,0.009803921568627416,0.10355281819005235,4030.0,52966.99568587677,875,8231305,11087327,528488,981388,1860137,3456641,1504803,2689648,1445470,1164878,1177978,984356,1056010,1346214,0,464202,658419,0
82,000423,2018-03-27,0.006557377049180246,-0.0026229508196721207,1.2304501966733157,36630.0,186155.39276901376,2457,125248156,96471833,701607,1304183,14627038,11859096,21424637,12527119,23484948,14920854,17929568,9977607,15473584,10005742,6184901,3562456,25421873,32314776
83,000425,2018-03-27,-0.0025316455696202667,-0.005063291139240533,0.07348095012306187,16899.0,169960.3031857069,2913,106942024,86266777,2174835,2377108,10292051,12533753,11914434,9868025,33183156,16612101,8728342,8056197,5889447,6639547,5297980,6035624,29461779,24144422
84,000426,2018-03-27,0.014690451206715638,0.015739769150052485,0.2006455717664769,11658.0,150731.34172257877,2260,58501731,74154249,1380282,2681496,7164068,8962959,7496146,8241982,10157917,11967187,6968978,9712109,7859069,6229782,5087962,3972176,12387309,22386558
85,000428,2018-03-27,0.02917771883289122,0.0053050397877985045,0.1450935799402684,2214.0,48866.72465323885,676,6756838,4760422,453951,530629,1599445,1369819,1151195,931214,899233,1209096,262580,719664,1811322,0,0,0,579112,0
86,000429,2018-03-27,0.020486555697823317,0.02432778489116516,0.2090878585978457,4000.0,54148.85258313124,1396,12727621,17731736,1624326,1342364,3650981,3561347,2460462,2729965,2441031,1976357,1643409,4116597,374612,2103237,0,1313413,532800,588456
87,000430,2018-03-27,0.03233532934131733,0.023952095808383422,0.2616167753486494,11970.0,82431.76275453428,1019,17409656,16953634,1198023,955916,4796388,4443183,2705813,3213191,2861305,2679247,1764118,912410,0,661172,1338509,910457,2745500,3178058
88,000488,2018-03-27,-0.00634005763688783,-0.012103746397694626,0.349620711403932,32680.0,217079.19377926693,2463,129792018,98513232,1515162,978558,11831103,10745703,16000633,11685471,22984931,15698528,14423149,10700657,11196260,7895300,11548018,5298432,40292762,35510583
89,000498,2018-03-27,0.004909983633387682,0.004909983633387682,0.2384615678805247,6765.0,39995.5958596111,656,7095260,6562893,815769,651813,2237333,2161404,1326675,1691340,1749164,999485,660819,268318,305500,307500,0,483033,0,0
90,000501,2018-03-27,-0.007741935483870921,-0.007741935483870921,0.31837072224416535,6192.0,41075.21958584399,2375,23658744,18837982,2602473,3634786,8531503,5932518,3349109,2974228,4101214,3897845,1958534,1063277,2025355,644243,446400,0,644156,691085
91,000502,2018-03-27,0.007963594994311762,0.0034129692832765013,0.41230428837736416,9713.0,65001.3669394856,454,8170241,4326515,547852,486294,1459122,2204082,1187207,1008279,2107705,627860,500491,0,0,0,440000,0,1927864,0
92,000503,2018-03-27,0.012376862844152514,0.00985097246779465,0.7995140269796998,48648.0,443726.6904507339,2454,205746063,274825198,582699,1926753,7499585,11884198,9006707,12808026,16673026,22600606,18115490,24135275,14601527,14655296,14525538,17540541,124741491,169274503
93,000504,2018-03-27,0.04982206405693956,0.05516014234875444,1.1475702225821067,13710.0,103135.85840816765,383,5907557,10923987,259528,325549,1019099,2162602,1113417,1468198,497407,1792814,711550,1779229,717515,707150,916441,470000,672600,2218445
94,000505,2018-03-27,0.03427172582619331,0.022031823745410017,0.20619531006676944,16976.0,91442.71565951334,1572,32702382,35618246,1491929,1010288,8564240,7592798,6784117,6652207,6087624,7531316,4856801,2764910,2060650,2059524,830442,1828884,2026579,6178319
95,000507,2018-03-27,0.017381228273464444,0.016222479721900163,0.18021425661806947,20736.0,132350.67231454706,2296,67479929,68362264,1943397,1881178,11805911,10852760,11263873,9240144,13803064,12730111,9556566,8910906,3067507,4966952,2189143,3483166,13850468,16297047
96,000509,2018-03-27,0.04699738903394257,0.02088772845953013,0.08681092680803168,10948.0,86347.15019337588,1956,38212004,36909731,1666991,1837946,7942488,7779401,5179068,6983901,7864335,6280531,3134180,5124078,3927443,2123394,4436469,1303300,4061030,5477180
97,000510,2018-03-27,0.02694136291600646,0.023771790808240878,0.24174937604596067,7062.0,38337.21418666412,681,6858055,8000036,691732,843044,1980312,3008191,1418814,2077319,1746285,1599975,0,471507,1020912,0,0,0,0,0
98,000513,2018-03-27,-0.003108528179483594,0.004730368968779652,1.3336070396745712,52262.0,299368.2714003963,3079,178283605,204747375,925407,1084458,12109533,16033959,17376045,24822433,35443976,34907732,22486203,24869154,12485454,15908397,10585263,17518862,66871724,69602380
99,000514,2018-03-27,0.006279434850863463,0.006279434850863463,0.21189580571599279,9750.0,43681.28822459467,904,11661369,10602353,1039276,851100,4387299,3471224,2755091,1764136,2591120,2314158,277123,1522631,0,679104,0,0,611460,0
100,000517,2018-03-27,0.0,0.0,0.08750223837539817,11144.0,83523.97978322419,2037,35350835,33844997,1905472,1915558,7796255,9487330,6412852,6432500,7879675,5917605,2799319,4077491,1005339,2745499,1309927,455040,6241996,2813974
101,000518,2018-03-27,0.006756756756756799,0.013513513513513598,0.20723873923658453,6010.0,49247.68480307459,816,8486111,6405383,987940,927977,2886492,2338326,1346732,1267888,1376179,1163792,0,0,1043368,0,0,0,845400,707400
102,000519,2018-03-27,0.025641025641025772,0.018162393162393098,0.1611101765903571,72149.5,222966.35577924526,3382,231367533,217891447,1107923,741446,14266580,13313600,25299789,21665531,51945068,47675231,36765931,36761909,18428529,19579800,21567282,11226292,61986431,66927638
103,000520,2018-03-27,0.012307692307692353,0.012307692307692353,0.10038082169516126,8225.0,100057.23248311081,1051,16039629,19047605,1022703,1227362,3644392,3905836,1895760,2410519,1419409,2653009,1950385,1994033,1397845,2802664,422304,0,4286831,4054182
104,000521,2018-03-27,0.004796163069544557,0.0023980815347721673,0.12026768236549015,9706.0,29078.223035324605,1205,11245865,9164605,1394594,913555,5531976,4049390,1401682,2391795,1868285,1362139,729072,447726,320256,0,0,0,0,0
105,000523,2018-03-27,0.004054054054053902,0.006756756756756799,0.31451600009194514,5984.0,29980.898359692732,553,4517491,5198537,446999,740484,1939205,1926579,1253837,1021121,661856,1301382,215594,208971,0,0,0,0,0,0
106,000524,2018-03-27,0.0052192066805847315,0.014613778705636848,0.3199750424173892,2898.0,30721.394753159093,897,3816170,6536513,663222,1352421,1670153,2138653,802513,940545,407753,898032,272529,721863,0,0,0,484999,0,0
107,000525,2018-03-27,0.0013729977116703207,-0.006864988558352492,0.5577523712795723,22130.0,176743.00061520247,1535,70651657,52135418,832846,967534,6530092,6782531,7651191,6003756,13026219,7440146,9275588,8857993,6902128,3085663,9846692,4179323,16586901,14818472
108,000528,2018-03-27,-0.015222482435597096,-0.01990632318501173,0.16961294351434741,23112.0,208303.67219099042,2540,116712953,79818647,1562145,2185686,11736667,12335157,12511971,11825187,16520821,14295957,13797443,10774439,6606404,6892889,6663020,6673601,47314482,14835731
109,000529,2018-03-27,0.009493670886075778,0.007911392405063333,0.2384789709476637,12720.0,49493.19791970628,702,11033436,9079014,743864,601625,3926968,2579224,2667074,2210742,2030653,2135836,756554,474030,357505,676291,0,401266,550818,0
110,000530,2018-03-27,0.015748031496062964,0.009842519685039353,0.12513568827516378,11286.0,106129.23361598942,1652,33573134,33068241,1455801,1126312,6790965,6655714,4932130,5614891,5022656,6656558,5138837,3382761,3704163,609428,2577205,1330123,3951377,7692454
111,000531,2018-03-27,0.01333333333333342,0.01333333333333342,0.2552097171540318,4068.0,33488.899504541674,699,6236762,4683131,708257,757870,1840925,1783252,571507,1579465,1621279,562544,1151794,0,343000,0,0,0,0,0
112,000532,2018-03-27,0.032786885245901676,0.03803278688524592,0.264133255258572,87751.5,280142.5651709873,3344,265258278,283399408,621601,680513,11018770,12336985,19434661,23590514,44112258,47474445,37331415,38565541,29489462,38567883,26193691,23743403,97056420,98440124
113,000536,2018-03-27,0.015228426395939021,0.015228426395939021,0.10844292825050365,3609.0,61326.15165807816,1323,11872734,16132245,704694,2278548,2457766,3299844,1551974,2973777,2154565,2326271,2091477,2019063,672184,1615334,0,833219,2240074,786189
114,000537,2018-03-27,0.028169014084507005,0.027340513670256916,0.27824366714581217,12400.0,96724.79204424648,1885,35107939,46323194,1204799,2172293,6453077,7031009,5807399,8180026,7868392,9300541,5842715,4668421,2847269,3155314,0,2558029,5084288,9257561
115,000538,2018-03-27,0.0044031311154599795,0.0009784735812132794,2.1178478234938964,30957.0,247443.20789686393,2329,120253471,123962795,17294,205,14232417,9589225,15487792,11277973,20463683,17283153,15461911,8531606,9380824,10352073,5981443,7106392,39228107,59822168
116,000539,2018-03-27,-0.0022321428571430157,0.004464285714285587,0.23051255581347826,4510.0,43563.72464644474,377,3107612,3440349,420018,395568,1198141,1508437,652453,501872,0,503452,207000,211970,0,319050,0,0,630000,0
117,000541,2018-03-27,0.01775147928994092,0.015384615384615552,0.17883777633200093,5118.0,53059.77008641618,2236,17513356,25183821,1956709,3579534,4857252,7310850,3711874,3804992,2387130,3773460,873920,1713686,723194,1383890,1795837,852628,1207440,2764781
118,000543,2018-03-27,-0.006211180124223614,-0.01242236024844734,0.09904260971904424,14505.0,71271.1178680964,2394,41133888,37594266,934129,2502345,7916961,11225563,11862932,6457533,7348543,5946660,4335338,4415850,2558673,3272455,3513538,1333068,2663774,2440792
119,000544,2018-03-27,0.03338391502276172,0.04552352048558417,0.4684770208926621,14608.0,218520.0527492868,791,11485267,26058041,694695,593894,3781466,4095607,3125551,3409661,2616696,3128315,499449,1280889,0,628260,0,0,767410,12921415
120,000545,2018-03-27,0.0187353629976581,0.004683840749414525,0.1405292336938214,10296.0,69278.33546122281,924,13366622,14146347,811179,1101404,4220443,4041764,2995639,3129021,1374049,2356783,1538434,647718,1438179,1004857,430999,499824,557700,1364976
121,000546,2018-03-27,0.02535023348899257,0.019346230820546984,0.3778814452327171,9258.0,63935.07543944508,1577,25795025,21208124,2002481,1446065,5433757,5209790,8243803,5361772,3761525,3438540,1303382,2356207,1844643,1617069,474300,0,2731134,1778681
122,000548,2018-03-27,0.021069692058346856,0.021069692058346856,0.22571756015209973,11250.0,73014.45055066963,747,11489987,12057156,837502,640537,2841066,3168251,2334746,2142802,2434926,1903625,1980427,1425540,1061320,391860,0,433751,0,1950790
123,000550,2018-03-27,-0.04007177033492815,-0.037679425837320535,0.34497108122243786,24330.0,241637.21459282804,2353,92044495,78529487,1191349,2008079,11975479,12920812,11244031,11427472,13321752,11661813,11651326,10085571,4876488,5053410,3048953,2124792,34735117,23247538
124,000551,2018-03-27,0.0182072829131652,0.021008403361344685,0.2526024414144321,7220.0,52406.44365788341,799,9255758,11407985,1110276,453905,2070372,3215303,2445961,2674475,1685602,2183860,1224162,1173513,719385,1040284,0,0,0,666645
125,000552,2018-03-27,0.0,0.0028818443804032867,0.08375038626282164,3123.0,59273.975655743656,1726,13809404,16343640,1206488,1902535,3489010,2589187,1654315,2752424,2075418,3510841,1801944,789085,652848,1724740,951780,847445,1977601,2227383
126,000553,2018-03-27,0.02681159420289858,0.0253623188405796,0.3448975253585872,7035.0,54578.46336160366,1601,18165218,22252582,1897782,1466900,5700607,4807089,4572888,5004515,4240806,4139701,825348,2994916,0,1818594,412544,0,515243,2020867
127,000554,2018-03-27,0.017711171662125436,0.0,0.18695202295502683,17664.0,88997.9818033324,1543,36876801,34755799,1355604,1061230,6606594,7631094,7715587,8924827,6369770,6582609,6492858,4482479,2471063,1354652,2342660,1355982,3522665,3362926
128,000555,2018-03-27,0.0229681978798586,0.025912838633686874,0.2876585380654937,117950.0,522210.0203337662,3499,395639640,445637796,344814,434981,9237152,9406813,21979724,23837151,46330614,51701071,39528376,45347992,31891769,37827249,32123054,27536889,214204137,249545650
129,000557,2018-03-27,0.0022371364653246406,0.0,0.1516867457533496,8010.0,47776.649534608536,869,10788213,11138097,874893,990613,2951120,3169206,2789162,2469861,2611227,1726232,1178616,1261902,383195,1092123,0,428160,0,0
130,000558,2018-03-27,0.020979020979021046,0.020979020979021046,0.11005640392871899,11050.0,68347.94846851153,1523,29066633,28068962,2050880,828487,7802955,4379541,5675482,4971137,5477579,8881276,2840910,4515440,1098183,1706039,3013839,2279626,1106805,507416
131,000559,2018-03-27,-0.004678362573099504,-0.008187134502923965,0.21850348638352,8560.0,62618.87775472303,1532,23760857,19522544,2008291,1307938,5905589,4637866,4717787,3989518,5880294,4000105,1983690,926279,1005630,1482279,854526,1267284,1405050,1911275
132,000560,2018-03-27,-0.0062266500622664145,-0.0062266500622664145,0.23202714927954576,8060.0,35912.22074365798,1198,14273571,11628409,1521812,928660,6172983,4550215,2329883,2366543,2412367,3504695,1165595,278296,670931,0,0,0,0,0
133,000561,2018-03-27,0.026206896551724146,0.02758620689655178,0.2169108527006788,9607.0,49448.950612047855,1118,11626857,16811062,1183501,1246348,4298336,5117130,3401138,2548430,2010779,3287449,219030,1444913,0,1687032,0,886883,514073,592877
134,000563,2018-03-27,-0.0025445292620865922,-0.0025445292620865922,0.10743989283245446,5895.0,87062.36006992025,1342,19171778,18799663,1045260,2070984,3903685,4406023,2926161,2689773,3427689,2876486,1278010,1752508,1458377,1817364,437016,430416,4695580,2756109
135,000565,2018-03-27,0.014164305949008638,0.0028328611898018607,0.1595332381348601,21525.0,120705.7787219489,1964,60838769,46089356,1289083,1402075,9517285,9677809,9748059,9370757,13677399,11684004,6247869,5807332,7911685,2029011,2187024,1720113,10260365,4398255
136,000567,2018-03-27,0.04177215189873418,0.03459915611814357,0.6665913416850193,17150.0,130471.98282822929,1267,29964490,39596668,1516809,747014,8579616,4175194,4183125,3340120,4579544,4444572,3367669,5507975,2417670,1835012,1814782,5661644,3505275,13885137
137,000568,2018-03-27,-0.027050610820244292,-0.02949389179755668,0.9944650119911301,56880.0,224768.75897653535,3323,258359992,139984204,543772,426344,18756469,10770613,26781145,15873047,60047773,27297133,30788288,19441188,19012165,11356146,24918225,8881042,77512155,45938691
138,000570,2018-03-27,0.011764705882353121,0.007843137254901933,0.2639104262147547,8721.0,49066.683280763966,373,3187937,5408787,301466,321012,1030136,1744778,662995,673435,715132,1059855,0,885307,0,310800,478208,413600,0,0
139,000571,2018-03-27,0.010940919037199182,0.00875273522975939,0.13080955233875105,1844.0,33022.4685232528,1223,6981404,8473998,863753,1060569,2260733,3158204,1664230,1290764,1298393,1586143,521606,922919,372689,0,0,455399,0,0
140,000572,2018-03-27,0.018372703412073532,0.013123359580052396,0.11533030468514345,5390.0,73444.15501375505,1094,12301277,15846026,1017137,1296507,3252905,3329418,2043644,2193495,3204382,3042728,678778,711589,315444,1110325,495300,846374,1293687,3315590
141,000573,2018-03-27,0.004301075268817067,0.006451612903225712,0.22751433537986143,8424.0,55606.56767805825,417,5459562,5709517,579558,465828,1633465,1601717,874616,715358,808275,1283190,722248,514624,374400,1128800,467000,0,0,0
142,000576,2018-03-27,0.008995502248875464,0.010994502748625568,0.8552375712062574,16168.0,76326.64979918944,547,3001212,20348553,157600,768419,748234,3376440,628484,3208497,757716,8655983,0,2294376,709178,692778,0,1352060,0,0
143,000581,2018-03-27,-0.006687472135532668,-0.0031208203299153414,0.4605704452163451,15813.0,178772.53449417537,2372,63243291,55658332,2084644,1813816,13006974,9603894,11684433,8341867,12197001,9847118,4492867,5542224,2736729,3233480,3040939,2679835,13999704,14596098
144,000582,2018-03-27,0.010739856801909253,0.014319809069212264,0.2740426745188828,9361.0,48750.05739995555,935,12119976,12631469,1100500,803675,3784906,3520839,2975418,2485110,2546108,2672748,1378479,1739420,334565,0,0,898609,0,511068
145,000584,2018-03-27,0.0007127583749109156,-0.0007127583749109156,0.5365433674340635,28180.0,84507.72723915437,683,19400203,11879955,339736,389091,7423639,2253455,3795573,3278115,1850627,3551496,706119,1511289,0,0,895154,896509,4389355,0
146,000585,2018-03-27,0.024169184290030232,0.027190332326283873,0.11095508907803348,6243.0,81021.68028105557,892,8937990,12358398,888167,941693,3409409,2811653,849259,1463178,1653229,693822,711166,478737,340000,327019,412760,866652,674000,4775644
147,000586,2018-03-27,0.034146341463414664,0.03484320557491283,0.5009312857953777,14620.0,205393.95790336668,821,12277399,37698401,761616,544946,2757792,4777585,2366206,3400790,1967552,3775975,1939676,2700843,620954,723940,401202,1347384,1462401,20426938
148,000587,2018-03-27,-0.005649717514124353,-0.004237288135593209,0.167373293343732,24675.0,280746.1604130164,1792,73004697,94605379,950796,1891196,6574056,6195681,15822159,6330223,20275799,8702970,5924032,5831428,7120043,2890163,3043436,1329929,13294376,61433789
149,000589,2018-03-27,0.012135922330096971,0.00728155339805836,0.17329711403525155,4160.0,54146.96229165098,565,5256807,7265794,415560,745704,1471261,1752513,859124,1684676,774842,630612,590889,1217183,740135,713487,404996,0,0,521619
150,000590,2018-03-27,0.026064291920069538,-0.0008688097306689402,0.4933150418163492,2336.0,48899.380133344566,544,3981555,5692119,201242,646859,1395685,1342847,481952,795746,856676,1265022,437920,254624,608080,0,0,884541,0,502480
151,000591,2018-03-27,0.010638297872340496,0.010638297872340496,0.1083847885127471,4248.0,57020.206286619905,1886,12894370,22045388,1018990,3552605,3559737,5763982,2021180,2842948,3048007,3706495,925617,2223030,990626,1098906,0,914784,1330213,1942638
152,000592,2018-03-27,0.013986013986013957,0.01631701631701632,0.10234225066613273,14068.5,118968.98242620757,1764,44573033,57108756,1276709,1737285,6069041,7568475,6481651,6911675,6913288,7439909,6310878,11623957,5178630,5107553,4968516,3041443,7374320,13678459
153,000595,2018-03-27,0.01631701631701632,0.011655011655011593,0.19819890397601275,8650.0,31041.36542506244,468,4096549,5031543,561860,429404,1943544,2193500,746545,1157433,372058,829387,472542,421819,0,0,0,0,0,0
154,000596,2018-03-27,-0.03628495339547266,-0.025466045272969362,1.5785744095444123,11852.0,92879.89597563395,1450,36893274,14643156,1922325,1085419,6809747,5454120,4409541,2158689,8061412,2717153,2602118,1249565,1047056,303552,401472,401608,11639603,1273050
155,000597,2018-03-27,0.049214659685863804,0.043979057591623016,0.23057760329632604,5916.0,52066.01436667974,1718,17244486,21908741,1382918,2014358,5100089,5358007,4375375,4386835,3785751,5408027,453767,1780564,1064274,2350174,0,0,1082312,610776
156,000598,2018-03-27,0.010245901639344135,0.008196721311475308,0.14981660722382364,10300.5,89079.70657495878,1062,14558141,20077227,1130184,870044,4217382,5707891,2571194,2582969,2371086,1857600,2181311,1941285,968837,1818918,432080,410476,686067,4888044
157,000599,2018-03-27,0.006825938566553003,0.0017064846416381396,0.23428723895253023,8835.0,54263.42115101049,625,7822635,8544943,627984,673384,2367228,2293766,1859605,1922718,1077107,1449730,1067616,748189,351000,378138,472095,401016,0,678002
158,000600,2018-03-27,0.0,0.0,0.15171848742783553,13660.0,109066.23388584472,2007,46706594,45875717,1627106,1567120,9953484,7958209,8195726,5445874,8278665,7207151,4592352,7414646,3379223,5678111,3117433,2644835,7562605,7959771
159,000601,2018-03-27,0.01298701298701288,0.008658008658008809,0.21938962052740385,3525.0,47890.06965817096,998,8529721,8854061,542243,1571576,2075120,1988887,1669133,1830017,1233166,1782552,1024976,979920,751596,701109,0,0,1233487,0
160,000603,2018-03-27,0.005253940455341555,0.003502626970227851,0.3972316474374498,13746.0,93074.44358842047,826,16606229,16733555,551720,578116,3640470,4270672,2967507,3411912,3402284,3442468,1934709,1862144,678544,2250224,409013,416100,3021982,501919
161,000605,2018-03-27,-0.006918238993710801,-0.004402515723270439,0.48789406843970545,15880.0,50165.72156797071,1062,17114609,16953987,970295,952076,5168103,6345399,3730708,4264870,3611101,2458843,1114012,967782,1640663,1965017,879727,0,0,0
162,000607,2018-03-27,0.01744186046511631,0.013565891472868241,0.19818481768584933,5230.0,58627.370278633534,678,5979389,6651252,763288,626827,1604047,2005564,842096,1225834,514383,1230471,982070,269357,0,0,0,443625,1273505,849574
163,000608,2018-03-27,0.007621951219512368,0.004573170731707377,0.24164231865388142,9960.0,106885.62043581546,737,11591767,8925852,592891,843225,1814654,3864755,2244396,2212110,1627976,1514468,522937,491294,958874,0,0,0,3830039,0
164,000609,2018-03-27,0.014672686230248422,0.015801354401805856,0.3574549883417267,4472.5,193922.4859682276,614,9624665,4955719,637238,894912,2021633,1619382,1072810,1197802,639966,925968,487143,0,0,317655,0,0,4765875,0
165,000610,2018-03-27,-0.0010152284263958977,0.007106598984771617,0.32564765568372167,5964.0,35854.276500671054,915,9527020,8007220,1204831,1098076,2867810,3016200,2173051,1632940,1988643,1543110,982095,402392,310590,314502,0,0,0,0
166,000611,2018-03-27,0.02060439560439553,0.027472527472527597,0.38431799117673915,7355.0,60710.73779568918,358,3235411,5792766,233815,626615,895425,1639605,454487,920312,943934,930194,0,236160,0,953680,0,486200,707750,0
167,000612,2018-03-27,0.047361299052774086,0.03382949932341006,0.15618479708701985,5460.0,48039.432017825806,2247,19017925,24043753,3152372,1753652,7675285,6736435,4244527,3290297,2257317,3265791,867305,767445,319135,3069757,0,4555093,501984,605283
168,000613,2018-03-27,0.033487297921477976,0.02886836027713624,0.19742214369973884,18060.0,110811.65725417298,1929,47004712,50444461,1822368,1543933,9656827,8080402,9183109,9619765,9041464,9239010,4119935,5922156,3712037,5044937,877522,2172023,8591450,8822235
169,000615,2018-03-27,0.012422360248447228,0.017598343685300222,0.18244527132128743,39040.0,545194.9499293349,2811,176518959,250088829,1255542,1978861,10694437,13892397,12067948,18637234,18676001,22234078,16035813,17249255,13876371,16478418,12101298,15882902,91811549,143735684
170,000617,2018-03-27,0.0007380073800737907,-0.010332103321033292,0.5248304285533493,8106.0,55328.8806729627,666,10400461,6342751,624876,619265,2307814,2425044,1959306,1362140,2285180,1112237,1909867,824065,0,0,0,0,1313418,0
171,000619,2018-03-27,0.015536723163841915,0.008474576271186418,0.277784679553881,4284.0,38120.032687693056,649,4623456,6733235,498551,653393,2194041,2349021,642284,1305094,571188,1147795,717392,484902,0,392630,0,400400,0,0
172,000620,2018-03-27,-0.007692307692307665,-0.004615384615384688,0.14330410249568742,19470.0,184786.03783836594,2067,64177268,71203352,1457958,1603823,7023162,9499559,8847529,9139310,15662044,12045585,7130140,7588958,7812908,5461562,2634351,3038156,13609176,22826399
173,000622,2018-03-27,0.030952380952380842,0.030952380952380842,0.18743366206886322,3483.5,115800.61606223989,502,2127162,9112847,271073,829266,1154989,1640170,526700,814120,174400,799935,0,0,0,304500,0,0,0,4724856
174,000623,2018-03-27,0.006419753086419622,0.0024691358024691024,0.466112027311405,25489.0,132906.05877235148,1887,63229688,68778492,959206,998237,8973474,9624362,9331763,8983722,13870210,14903651,7628528,10820193,5538886,5120134,6289046,4310993,10638575,14017200
175,000625,2018-03-27,-0.004432624113475114,-0.0035460992907800915,0.23779405551602434,18032.0,122233.31371917964,2251,54430812,63540404,978227,2097336,8767439,11768413,9785975,12320330,10600775,13007103,5239220,5816717,1679442,4121480,3173960,3071989,14205774,11337036
176,000626,2018-03-27,0.006914433880726101,0.01123595505617958,0.345923880576497,11830.0,93476.37057621637,1119,21701988,22262913,1009949,942926,4243509,4685113,3886625,4331895,4572831,3500428,1838051,2185611,2061209,2046107,454352,0,3635462,4570833
177,000627,2018-03-27,0.0025706940874035134,0.005141388174807249,0.17248628384205672,9396.0,67807.2891066785,2038,33158155,27651236,2229798,2122448,9194126,7259508,6436985,6608825,5342857,4704742,4288785,2011311,3021807,1456202,470400,0,2173397,3488200
178,000628,2018-03-27,0.007972665148063829,0.007972665148063829,0.2582836867906763,17100.0,77813.46550166118,1157,25649055,19445740,1179293,926380,6567607,5116173,5270223,3504152,5763145,3365569,1887223,2585671,340104,1734055,895868,1338940,3745592,874800
179,000630,2018-03-27,0.0037735849056603765,-0.0037735849056602655,0.053397050172745146,7685.0,114596.64943404865,2498,35171303,49711970,1672626,2695607,6626764,10254579,5563786,8350444,6102002,7249013,2904769,4332716,2983091,2002815,400150,861042,8918115,13965754
180,000631,2018-03-27,-0.004889975550122161,-0.007334963325183463,0.10865824892670152,4908.0,120107.53749452111,1421,25350501,23724939,1551410,936285,3959157,4691538,5070714,2345344,4424151,3621328,2002318,3109886,4608890,1047271,2100990,1679916,1632871,6293371
181,000632,2018-03-27,0.02473498233215543,0.02473498233215543,0.23023070425883052,2875.0,83458.39433194962,609,9574234,11334899,504239,492877,777981,1458986,825173,1335446,2376993,2839889,1700843,2305961,704885,2473120,406392,428620,2277728,0
182,000633,2018-03-27,0.014760147601475815,0.009840098400984099,0.2822587257147689,11382.0,47531.124044367396,830,10781656,7537740,530709,1008831,4774968,3636644,2110578,1077807,2258035,798208,702366,0,0,0,405000,0,0,1016250
183,000635,2018-03-27,0.003843197540353671,0.010760953112989968,0.41826607702239627,10592.0,43625.27595090978,967,12035299,12722559,688498,994296,4136226,4280767,3020903,2631905,3007612,2303367,1182060,1727808,0,352440,0,431976,0,0
184,000636,2018-03-27,0.03211678832116793,0.021897810218978186,0.2319381563531844,154912.0,757949.106977774,3499,472421809,601363252,511366,395194,6972537,8256575,17957814,20841074,46906181,61618857,35990576,65629860,41913447,52246616,34810818,41931597,287359070,350443479
185,000637,2018-03-27,0.01284403669724754,0.014678899082568808,0.1937677488727876,11060.0,48079.65250132158,791,11300849,11649990,748378,612273,4079962,3297479,2511500,3260130,2225520,2064814,665329,1677012,626262,334242,443898,404040,0,0
186,000638,2018-03-27,0.026128266033254244,0.028503562945368266,0.23250495618198017,12040.0,71024.54935461894,1313,16681041,19856448,1265354,1547937,6250894,5627095,4255063,5237418,3805238,3183905,725184,447797,379308,728048,0,465339,0,2618909
187,000639,2018-03-27,0.007318695941450404,0.001996007984031989,0.4237904427941377,9135.0,69108.94383232802,1258,23108329,16960365,1328635,1141680,4836025,5085426,4423552,3112757,3920997,4407232,1739453,956073,2940068,1346897,428680,910300,3490919,0
188,000650,2018-03-27,0.022222222222222143,0.016161616161616266,0.14456110212257633,9699.0,90187.6816287163,1174,16290620,20657444,1017075,1033706,5159292,4028611,3505129,2244992,2778948,3103938,945448,2361621,343549,1367282,0,1736099,2541179,4781195
189,000651,2018-03-27,-0.029062627916496164,-0.022513303315595645,0.8151186823662557,275025.0,895243.6832167462,3593,971833286,842224027,86967,62741,3344948,3187748,13821229,11881800,51664801,49344842,72251856,61137519,66153299,55796007,57998228,54400141,706511958,606413229
190,000652,2018-03-27,0.004474272930648837,0.006711409395973256,0.10938894516923263,5406.0,90023.98676504058,1676,22432394,21790221,1629367,1784541,4141454,5199675,4190909,4839742,3577396,3595417,2880007,2386393,995261,0,1752747,451999,3265253,3532454
191,000655,2018-03-27,-0.028052805280528004,-0.024752475247524663,0.12541514054860278,17168.0,354254.37302056816,2345,77250957,100224807,840875,2623885,6095178,11938973,8835078,14283435,10848001,12231234,9229677,9147016,6060099,5375961,4904297,2325948,30437752,42298355
192,000656,2018-03-27,0.028571428571428692,0.028571428571428692,0.118512509474081,11604.5,255743.60226850773,1968,42592681,82628360,833567,4817140,5333029,9099266,6082354,5269868,7035851,6203591,5963743,7652078,2767540,3155773,440877,5353485,14135720,41077159
193,000657,2018-03-27,0.01217228464419473,0.011235955056179803,0.3261881182089281,6438.0,40597.6934494987,1072,9590633,9677614,789034,1530561,3409619,2926261,2066233,2166039,1873097,1655554,484250,243571,320400,663605,0,492023,648000,0
194,000659,2018-03-27,0.016129032258064502,0.010752688172043001,0.14437708134281801,11370.0,93017.62074074737,664,11689375,14076236,363950,577996,2717683,3085359,2086023,2475859,3498402,1931051,959247,1996567,755000,309448,0,867756,1309070,2832200
195,000661,2018-03-27,-0.026335919571631616,-0.020325647470221808,4.019327619865924,72806.0,277578.7289302511,2076,177585636,170260940,0,0,6465245,10390244,16636683,15927906,23567537,22370841,20898505,14886585,14974243,12764155,5172975,15815620,89870448,78105589
196,000662,2018-03-27,0.034399999999999986,0.02719999999999989,0.3488247081017061,9016.0,61716.87256205509,1285,17290481,19933722,1472368,1096520,5561295,4741549,3463324,4032930,4406754,3799045,1412930,2080102,339020,1513702,0,452200,634790,2217674
197,000663,2018-03-27,0.010779436152570376,-0.004145936981757914,0.27241300501886145,23980.0,111298.63649127063,1961,61378848,49309147,1036912,1470164,8210195,10427101,10351726,9806674,17238987,11852222,7248835,7803180,5689219,2081119,2197815,2272635,9405159,3596052
198,000665,2018-03-27,0.00390625,-0.001953125,0.29185887276517936,20360.0,116483.03139095602,1231,34335265,31703430,711237,671177,5150065,5217012,5510356,6528681,7695521,6356859,6118341,4128025,2050750,2131780,1782061,434472,5316934,6235424
199,000667,2018-03-27,0.010344827586207028,0.010344827586207028,0.07678529663856067,4688.0,50477.208413186236,1437,9682989,13433617,1213331,2699798,3511012,2964150,1370098,1231841,1392892,1719229,965437,1097234,304427,726050,925792,906232,0,2089083
200,000668,2018-03-27,0.013460015835312644,-0.006334125098970689,0.7836396181391712,7530.0,26744.327570978006,259,1956693,2086249,134442,288865,736743,1116849,350306,579895,505202,100640,230000,0,0,0,0,0,0,0
201,000669,2018-03-27,0.0071492403932083,0.006255585344057124,0.3300927605999439,3396.0,38952.196845256694,1149,9443359,8365426,912711,1556184,3352840,3024974,1600737,1971959,958482,1276161,422449,536148,1040624,0,0,0,1155516,0
202,000670,2018-03-27,0.007407407407407307,0.005555555555555536,0.10226786396689225,20900.0,197953.79556371778,2803,102761446,104562303,1795915,2080857,11362766,13073508,12433007,11400018,17532051,16996370,10495091,16182225,11057162,8616760,4841825,6217358,33243629,29995207
203,000671,2018-03-27,-0.006802721088435382,-0.0054421768707483276,0.14291931634551971,17520.0,199275.000883577,2651,113233017,102878731,1948676,1737000,8756348,12114302,7267949,11833749,15303244,13300083,15039480,10584676,9698298,7511973,8561553,7004018,46657469,38792930
204,000672,2018-03-27,0.001680672268907557,-0.0008403361344537785,0.21405269097106547,38128.0,195838.21499175968,3094,156068141,151656456,1572829,1308860,14039703,14021233,19887277,17997455,29127844,31092544,18361442,18871769,12151708,13255042,9811540,10722520,51115798,44387033
205,000673,2018-03-27,0.006451612903225712,0.018709677419354698,0.3733998190363802,17962.5,111608.73088914956,1724,35399513,51044029,1355583,1431136,7834869,9932331,7697479,5923247,7457887,7304658,3867010,3557693,2286182,4227470,1766595,2339680,3133908,16327814
206,000676,2018-03-27,0.01684397163120588,0.019503546099290947,0.32204296006065086,11420.0,61508.59706643529,1227,18284629,18678778,1171794,799788,6324829,4765055,4096967,3477797,4134400,2785251,1049159,2750365,1005760,2052063,0,402500,501720,1645959
207,000677,2018-03-27,0.022727272727272707,0.022727272727272707,0.13268380613393338,3120.0,28951.731145524667,539,2736152,4501964,378876,797287,1154360,1474490,522594,1011742,307122,1218445,0,0,373200,0,0,0,0,0
208,000678,2018-03-27,0.014827018121911006,0.01153212520593061,0.2662975326110917,9225.0,44336.45337131841,519,6422911,5190061,391523,644589,1700412,2271446,1176347,1160317,1209251,886169,821239,227540,686052,0,438087,0,0,0
209,000679,2018-03-27,0.014634146341463428,0.016260162601625883,0.25396729400194895,6200.0,27653.92384164961,586,3537849,5568313,645491,415284,1808632,1957346,708426,1625141,375300,1308667,0,261875,0,0,0,0,0,0
210,000680,2018-03-27,0.007092198581560183,0.0023640661938533203,0.12207902550259939,5100.0,46212.24445283754,1203,13036184,12107521,1058740,1323317,4315363,3240626,1904000,2894259,1940634,3483019,995392,814484,743360,351816,2078695,0,0,0
211,000681,2018-03-27,0.051663405088062664,0.045401174168297365,0.4785573166080236,41136.0,229971.90093246242,2861,136058125,169716937,1042402,895832,14291051,13036410,16435075,17180221,25626054,28723352,22464239,18652760,11857566,12913889,10004295,10560437,34337443,67754036
212,000682,2018-03-27,0.018604651162790642,0.016279069767441978,0.12474564426881671,2190.0,19663.221090748917,1192,3570969,4822833,890011,1411896,1581492,1701080,878605,251071,220861,491791,0,966995,0,0,0,0,0,0
213,000683,2018-03-27,0.00746268656716409,0.003731343283581934,0.06899858910172914,7560.0,68930.44799448297,1522,21024657,19697702,1325261,1191260,7207771,4120685,3580193,3078795,3559149,2317838,2783922,3159156,977232,308880,434160,1824216,1156969,3696872
214,000685,2018-03-27,0.015212981744421983,0.011156186612576224,0.2847409264370574,9910.0,99252.33351936948,1199,19621165,22532735,1382752,1702996,4999992,4082134,3493813,3023913,3163752,3320170,1356544,2827096,664987,3951092,889047,2195906,3670278,1429428
215,000686,2018-03-27,0.0012886597938144284,0.0,0.21060935706515976,13260.0,158927.08281691605,1358,24258025,31198232,1147917,1219640,6115451,6401793,4657730,4534325,5792166,3735129,2232824,2858031,1780999,1665772,473371,944190,2057567,9839352
216,000687,2018-03-27,0.029013539651837617,0.03384912959381037,0.2110408911089803,29106.0,261986.211609817,2409,104206003,137419327,1162819,1471673,9590441,10633484,10844124,11968962,15569988,16988747,14760365,11721254,7341701,15309285,9563337,9891647,35373228,59434275
217,000688,2018-03-27,-0.003960396039603853,-0.007920792079207928,0.2660679916610389,15075.0,117433.55941729878,1441,33013754,30357706,991092,977385,7593012,5946137,6029161,5219092,8361471,5893276,3376290,2146036,1324206,1049486,424691,979364,4913831,8146930
218,000690,2018-03-27,0.05341614906832293,0.007453416149068248,0.2268019552850875,10588.5,116069.80480402867,1260,26303529,27786116,845069,1073211,3335180,6766604,3135090,4268098,5648306,3944605,2384574,2783627,2421816,1734802,2126222,891010,6407272,6324159
219,000691,2018-03-27,-0.016233766233766267,-0.01461038961038963,0.3261789467587894,8547.0,35913.216711455505,356,4283481,3358838,302407,375625,993093,1809981,1061744,548598,1508610,401258,417627,223376,0,0,0,0,0,0
220,000692,2018-03-27,0.017766497461928932,0.017766497461928932,0.15904494536147956,2411.0,33538.36937550507,614,4511313,3916379,314341,802949,1510892,1358903,1067203,768163,636277,412009,662600,243492,320000,330863,0,0,0,0
221,000693,2018-03-27,0.0,0.0,1.200509657395558,2904.0,33705.38293711407,64,0,714384,0,159720,0,202312,0,96800,0,0,0,255552,0,0,0,0,0,0
222,000695,2018-03-27,0.043052837573385405,0.02739726027397249,0.2672953193229316,10560.0,46526.89111088471,1465,18650538,17335905,1614923,846825,7473613,5603720,4896375,3228210,2927703,3829770,950055,1532068,324450,652088,463419,864460,0,778764
223,000697,2018-03-27,0.015025041736226985,0.012799109627156469,0.5151507525719191,18380.0,161364.96682179137,1217,34090672,39085296,970148,928263,4645774,5376434,6418507,6573967,6767709,7917847,872819,5415166,1756441,1832600,3014216,417453,9645058,10623566
224,000698,2018-03-27,-0.028911564625850317,-0.025510204081632515,0.14702968377553413,16324.0,340842.22645851236,1603,51221853,64527376,1009771,1454630,5122588,7623089,7340119,6606610,8078634,7443635,5688407,5327461,4505146,2638578,2958907,3973628,16518281,29459745
225,000700,2018-03-27,0.012244897959183598,0.012244897959183598,0.1672365273968762,5010.0,59213.379872790436,859,8851921,9430042,2092292,627693,1979106,1896096,1183296,1740999,1196903,678927,2400324,250500,0,1020927,0,1901536,0,1313364
226,000701,2018-03-27,0.045563549160671624,0.04196642685851315,0.19984524714606927,11089.0,75583.91894719852,1745,24177616,34358706,2135096,1323426,7658250,6608516,5353888,6166229,5025730,5896603,1613529,4496970,618047,3125791,439877,1309150,1333199,5432021
227,000702,2018-03-27,0.028963414634146423,0.021341463414634276,0.18308652065356196,13380.0,66861.0690330048,1285,22355203,23983669,1332814,1038438,5749367,6273536,5165093,5243920,5680181,5006004,1430426,1995435,2431407,1658388,0,402000,565915,2365948
228,000705,2018-03-27,0.031081081081081097,0.029729729729729648,0.2249293350601886,4512.0,53250.61386985336,1084,10153844,12156175,1251936,1139186,2733567,3345821,2214883,2661196,2691920,1539402,883538,202019,378000,1105029,0,0,0,2163522
229,000707,2018-03-27,0.032745591939546514,0.022670025188916698,0.14377241157689452,5712.0,37662.95297935313,763,6750138,7067510,1629094,428360,1660736,1863225,1106173,1307492,1268064,2362567,1086071,803206,0,302660,0,0,0,0
230,000708,2018-03-27,0.016000000000000014,0.016999999999999904,0.3419095508558531,8159.0,63452.725811722725,855,10132355,13421220,548916,567801,2819653,3084097,1975025,2550221,2067816,3433483,945549,896994,617181,613800,467000,869444,691215,1405380
231,000709,2018-03-27,-0.008522727272727182,-0.005681818181818232,0.07026683646590566,10912.0,191263.36642457178,2529,77956588,55698457,1923283,1754879,13880857,8665403,7232572,6371775,7873897,7160968,4025902,4714165,5380539,3236934,2805904,1363958,34833634,22430375
232,000710,2018-03-27,0.05576622797233988,0.05598929288422938,1.024154565244867,23985.0,191605.2417628095,1918,69070992,68025892,1921203,1190771,10001670,9263412,9881250,9976131,11065411,11210544,8962281,6806969,4574217,4033594,3278563,1825645,19386397,23718826
233,000712,2018-03-27,0.020562028786840436,0.014393420150788261,0.36436023372894366,14890.0,130398.45128559416,1604,33499848,45456524,1173569,1312806,6615323,7668397,5694307,6260007,5053818,9236308,4456285,5732937,1364734,1692850,2644276,1343619,6497536,12209600
234,000713,2018-03-27,0.05693430656934306,0.05547445255474459,0.14760376981178158,17966.0,208274.74966941314,2166,62734576,51509570,1941676,1379298,11218404,8753921,10785602,8059758,10209869,10131472,8160749,6931789,5681923,3048033,3130526,1803143,11605827,11402156
235,000715,2018-03-27,-0.0011709601873536313,0.003512880562061005,0.42049160918752665,2970.5,33309.730230298206,412,2714520,2774343,240026,545865,959992,1153920,736963,345913,521340,298645,256199,0,0,0,0,430000,0,0
236,000716,2018-03-27,0.011764705882353121,0.009803921568627638,0.1526558542724088,10280.0,63635.317862785974,1117,14783983,15162507,1186760,783313,6054553,2852634,2951981,2122042,1944842,2580554,1479881,1888405,751034,2048297,414932,0,0,2887262
237,000717,2018-03-27,-0.014802631578947345,-0.021381578947368363,0.12380843356138169,20298.0,202861.51053088636,2417,96925486,77227191,1295403,1931334,10158405,11461840,10486867,11352940,12907600,13799894,12873642,9829631,8405963,7755398,8064064,3021514,32733542,18074640
238,000718,2018-03-27,0.005025125628140614,0.002512562814070307,0.10114930095932183,3200.0,59815.06305789281,1554,12675074,16724405,1644548,1551195,2648055,3268160,2313730,1923097,2207906,3470465,1681403,2943772,642800,1383188,0,0,1536632,2184528
239,000719,2018-03-27,0.009615384615384581,0.019230769230769162,0.19990134898921533,1684.0,33007.18800744755,1735,7914360,10326280,1535433,2034415,2063291,2214445,1969045,1982605,759290,1990236,505404,898379,1081897,643571,0,0,0,562629
240,000720,2018-03-27,0.0,0.0023148148148146586,0.164338638607673,17280.0,76369.3477776872,691,14196267,14748321,422339,688904,2186957,4104166,3429813,3378700,3689292,3078438,1829700,1359822,1315548,704211,0,434000,1322618,1000080
241,000721,2018-03-27,-0.007518796992481258,-0.005639097744360999,0.14221886418212068,10640.0,67629.03625974905,1402,25365712,17123774,1124269,1324896,6060113,5486018,4575832,4661790,5572356,3303691,2847123,960177,1337967,395820,439234,420812,3408818,570570
242,000722,2018-03-27,0.03600464576074347,0.03600464576074347,0.28083382155716635,8870.0,55067.74676417814,941,11490689,12506888,1315018,842316,3572718,3736225,2682138,3004741,1839603,1808129,444787,1505083,1058575,706920,0,0,577850,903474
243,000725,2018-03-27,-0.0072202166064981865,-0.01263537906137191,0.09256377477010841,235972.5,1701549.8179780573,3600,1170663998,1212073202,128229,131171,6152138,5233457,19389712,19127807,49354936,50147835,52606997,51152841,49864231,53058027,48223495,40454767,944944260,992767297
244,000726,2018-03-27,0.0019047619047618536,-0.0009523809523809268,0.3372142593106635,3150.0,51958.14951186482,969,9310508,5543019,983974,1027791,1764124,1798253,1177349,1176794,937879,849523,959978,253858,630000,0,0,436800,2857204,0
245,000727,2018-03-27,-0.004184100418410108,0.0,0.05227802204933031,6480.0,95779.41564984333,2122,24065534,37164833,1568231,2091664,5758914,8462611,3726263,4571638,4641171,4970787,2702670,3627235,1007250,1746815,1287938,1794717,3373097,9899366
246,000728,2018-03-27,0.005592841163311046,-0.005592841163310824,0.19864850507796672,19580.0,111027.30083716403,2027,56220443,54281881,1450061,1419816,9530217,11549245,8359279,11381058,9668131,8791688,6122568,6280265,4223282,1722974,3099364,3141531,13767541,9995304
247,000729,2018-03-27,0.006693440428380271,0.009370816599732379,0.16047183138956933,12000.0,68236.07581303554,2172,20641531,38279507,1049491,1869922,5912913,16403773,4297574,5581534,3906802,6292786,1851318,3037180,331058,1907529,428375,1304420,2864000,1882363
248,000731,2018-03-27,0.007832898172323688,0.006527415143602999,0.23686542491175258,16951.0,116937.89180658477,1046,30111819,23732360,866820,831126,4690611,5207732,4409879,6201727,4041548,4318456,2357775,2255092,3219508,1327171,816556,427248,9709122,3163808
249,000732,2018-03-27,0.00038865137971222374,0.0011659541391373374,0.4826014663222413,48820.5,303497.9531754693,2844,176924680,194278855,940732,916594,11369882,13068351,14940980,16679484,26168105,26591854,26177704,22531204,17867856,19873157,13168995,14329056,66290426,80289155
250,000733,2018-03-27,0.028662420382165488,0.022292993630573132,0.30409354957463913,13970.0,102802.45537549177,1707,30902904,38425983,1594594,878487,8784353,6885438,6477322,5990580,7230359,11167400,1617595,2586722,1715931,4599358,412806,453944,3069944,5864054
251,000735,2018-03-27,0.023913043478260843,0.01413043478260878,0.15845448610213536,91434.0,456992.4588291126,3381,313092623,393043273,871053,885998,11743660,11896558,20150932,20035486,47019179,39563937,41227267,36549379,30435483,30992720,24590288,34632300,137054761,218486895
252,000736,2018-03-27,0.02847181871005211,0.01394538059267858,0.7619055526287296,15795.0,65501.28681695487,510,7855242,10264305,420496,373098,2029990,2143827,2433608,2832201,1232137,2973165,263495,500250,334632,330750,0,416976,1140884,694038
253,000737,2018-03-27,0.015625,0.01041666666666674,0.1901920101963642,7740.0,44090.47969008488,407,5088492,3559281,420720,503959,1400776,1602380,1467633,716982,727810,154800,227328,220020,388000,361140,456225,0,0,0
254,000738,2018-03-27,0.01700251889168758,-0.0012594458438287548,0.29579147934323385,48135.0,283808.10627901234,2886,171615922,185227074,1297376,1299652,12473063,13016541,18276939,16648257,30916804,31179081,20088437,18100758,11131691,18054322,12263985,13323861,65167627,73604602
255,000739,2018-03-27,0.04123711340206171,0.03608247422680422,0.1717335697503725,13354.0,108751.00799820876,1150,17778410,30319799,986650,1024711,4406743,7272431,3707022,3476875,2894037,5166639,3208666,4385004,693634,2107082,1278658,490400,603000,6396657
256,000750,2018-03-27,0.0,0.002331002331002363,0.1182907196760796,8600.0,150813.4416652526,1318,25477761,25443480,1009004,1208717,4602175,6303900,2973686,3616768,2740629,2531455,2108611,1319491,1074613,1245928,837837,1340788,10131206,7876433
257,000751,2018-03-27,0.008888888888888946,0.008888888888888946,0.1307184333031603,9060.0,54995.24592276893,1187,14698096,16735344,1089514,1411227,5215529,5345519,2425971,3482792,1855184,2401050,998558,1538125,1742022,668955,864446,1297996,506872,589680
258,000752,2018-03-27,0.012125534950071293,0.009985734664764712,0.5793507350144088,12852.0,49116.92393383684,585,7022173,7504068,628289,534730,2824790,2738622,1368204,1681849,1496872,784296,0,658933,704018,352518,0,0,0,753120
259,000753,2018-03-27,0.06990881458966558,0.06990881458966558,0.0819738050087904,12053.0,194601.98011701778,1622,68912364,31315047,1145542,1421691,6393582,5846599,7662399,4662004,8295544,6092253,5980684,2568637,4462499,1456062,916940,842955,34055174,8424846
260,000755,2018-03-27,0.018003273322422242,0.018003273322422242,0.3094822941344083,8177.0,53358.32372385559,389,6185702,3739882,474306,396374,1370050,1370531,969035,1292587,1276608,680390,478707,0,988996,0,0,0,628000,0
261,000756,2018-03-27,0.004901960784313708,0.005718954248365993,0.3499531504294189,13607.0,58313.8611579701,1223,20487457,22376532,976631,974511,6155540,6029460,3860185,5540355,5110487,5247836,1966338,1967734,1403402,725826,475300,1358470,539574,532340
262,000758,2018-03-27,0.0034662045060658286,-0.0017331022530329143,0.1345346438483271,6984.0,141247.89342672267,1844,36160959,30663648,1779081,2713221,5527353,5986830,4172397,4646803,3460627,5691080,2074219,3341731,1775373,1099800,1747522,1351713,15624387,5832470
263,000759,2018-03-27,0.03169014084507027,0.0035211267605634866,0.1819000932625527,18798.5,85113.08310843678,2198,50723856,46006255,2103255,1400677,11903399,9372447,11435574,10439623,12818713,11068821,4874879,4706707,3069113,1732580,2655757,859658,1863166,6425742
264,000760,2018-03-27,0.032327586206896575,0.03879310344827602,0.14157179451441407,9996.0,66043.97234115347,1076,13026057,19005140,985361,1084948,4722434,4662273,3228090,3312408,3072483,2889567,700853,1618619,316836,1062198,0,1312004,0,3063123
265,000761,2018-03-27,0.0,-0.004566210045662045,0.11006418215484705,4380.0,89840.71492265568,1588,20398534,21612794,1326731,1720354,3727858,4989388,2445640,2151241,2555077,2379782,2899809,1887224,1023496,696525,2218901,2738854,4201022,5049426
266,000762,2018-03-27,0.008396946564885654,0.003053435114503955,0.30753643941301145,14432.0,111164.34537652759,1815,42729270,40639047,1406867,1518447,7692216,7314280,8632248,7937979,9442297,8734358,3109200,6264645,1408804,1096465,1819852,833792,9217786,6939081
267,000767,2018-03-27,0.018656716417910335,0.014925373134328401,0.11330890593093425,5032.5,49267.401413267864,560,5604834,6830769,339646,501852,1082803,2011857,777293,1541249,1507453,927632,1232935,1182494,664704,665685,0,0,0,0
268,000768,2018-03-27,0.020118343195266286,0.016568047337278236,0.2878883055742668,137133.0,551945.8231130751,3453,466264045,490131694,441996,284450,9092636,8362071,21578781,19012919,45002562,50361793,50160186,56388855,36815284,37092185,33763608,37352826,269408992,281276595
269,000776,2018-03-27,0.004334365325077361,-0.0018575851393187737,0.312946891905879,41860.0,266441.6617848201,2664,152059700,174934828,1416855,1226285,13514680,10185446,19031438,12500130,26480694,23335298,15938610,15192996,12283244,22075167,10722269,13219044,52671910,77200462
270,000777,2018-03-27,0.0,-0.0022222222222221255,0.41300262932850706,9415.0,45607.25159898558,1068,12164889,14934534,1042419,1166333,3746012,4130668,3186577,3301608,2165063,3722403,1272922,2208522,313200,0,438696,405000,0,0
271,000778,2018-03-27,0.0020618556701033075,0.004123711340206171,0.10474399068848671,9760.0,120465.99163232555,2151,41344226,41742893,2952155,1937154,9219134,7649729,5782796,5244915,6116321,5765989,5200992,4298698,635048,1495170,4073769,1903146,7364011,13448092
272,000780,2018-03-27,0.006172839506172645,0.00411522633744843,0.19950377229331762,3920.0,47526.90333846659,593,5584417,5707799,843377,355111,1875979,1561024,862166,788731,1101983,1140846,900912,781163,0,0,0,0,0,1080924
273,000782,2018-03-27,0.006230529595015577,0.007788161993769416,0.3282418518870296,8443.5,36165.64808090244,382,3058444,4257327,335709,472887,1432951,1633985,361609,1059028,548009,499451,0,263976,380166,328000,0,0,0,0
274,000783,2018-03-27,-0.001394700139469962,-0.001394700139469962,0.17750051791084,12888.0,117688.55414748119,1633,37806336,38744835,1547481,1205488,6948541,5695411,4630564,8509970,5847248,6024951,3421648,3335181,3186422,3065024,875142,1749682,11349290,9159128
275,000785,2018-03-27,0.011702127659574346,0.011702127659574346,0.35978343494747916,9550.0,53459.049050019355,682,8556274,10361453,771461,762076,2654481,2710858,2144087,2032481,1905450,2794792,666675,980803,0,304003,414120,0,0,776440
276,000786,2018-03-27,0.0,-0.010479645304312668,0.4363201735091448,69272.0,282888.1848555253,3236,265443952,205913178,996791,833486,12120840,10730853,37261971,17762712,48765645,33509688,33093125,30717690,17895705,17509650,16512736,12803330,98797139,82045769
277,000788,2018-03-27,0.007163323782234832,0.010028653295128809,0.2258653064250318,12564.0,49320.41488993462,955,14957336,13167472,1158077,863494,3929664,4367685,4330136,3430621,2895099,2827376,1247132,661734,392418,1016562,446040,0,558770,0
278,000789,2018-03-27,0.004557885141294404,0.0,0.20542207974866664,43720.0,254507.4188188439,2855,153721670,163114555,1208076,966938,13241990,12337917,18464766,15805297,29056632,31162907,16585768,19699608,15195216,14743721,9506312,15414485,50462910,52983682
279,000790,2018-03-27,0.029113924050633067,0.025316455696202445,0.1546580649226308,26792.0,153916.6498748379,2617,89974373,93411085,1693580,1545374,13550551,12972387,13291673,13866835,19600837,21256608,10072866,11348450,6230800,6996575,5369246,5190735,20164820,20234121
280,000791,2018-03-27,0.017857142857142794,0.01041666666666674,0.16833872891884633,13110.0,71176.36240490092,1595,26894124,28090941,1559350,1384102,7850357,6371040,4764271,5974258,5657796,6968295,2031006,2843038,984820,1362435,862308,907345,3184216,2280428
281,000792,2018-03-27,0.008744038155802825,0.0,0.24372596841902766,26397.0,211834.77212682427,2667,131558350,121838374,2655911,1031289,12087671,8046138,14574813,11510033,21122334,19889921,15500188,14623448,10349975,12846047,9376274,3666815,45891184,50224683
282,000795,2018-03-27,0.0229681978798586,0.014134275618374659,0.11505220784631486,17400.0,110774.41801798485,2427,59744254,59143215,2026917,1607793,13191530,10084729,10411353,9369480,13707712,11496838,6615005,7378023,5172906,4535119,3175570,3162720,5443261,11508513
283,000797,2018-03-27,-0.0022675736961450532,0.0022675736961450532,0.3368820513818393,8860.0,68675.18261216805,685,12409440,9885901,682733,793518,2491517,2475044,2238132,2375717,1554570,2299596,2195777,456250,1467236,1078156,422145,407620,1357330,0
284,000798,2018-03-27,0.022864019253910906,0.014440433212996373,0.3270917702117496,10140.0,61148.19988580288,645,9459441,8097986,751100,541906,2670810,2988934,2266672,1989107,824481,814769,1011392,544954,307546,0,900000,0,727440,1218316
285,000799,2018-03-27,-0.003507233669443166,-0.0048224462954844505,0.5064992274924086,22950.0,112645.94267922679,2029,66764636,50086655,1012681,1318196,11269395,11148282,11684595,8440177,12202921,11098395,8211772,4759370,7451051,1952467,2771660,3601534,12160561,7768234
286,000800,2018-03-27,0.0029440628066732533,0.0,0.2693773887278408,20380.0,113152.03549834958,1431,37194150,39654606,958487,887296,6348103,6048840,7503666,5284511,9919988,9045549,4105317,5874252,1811104,2395053,818225,2641837,5729260,7477268
287,000801,2018-03-27,0.03639240506329111,0.05063291139240489,0.11761224961250086,34821.0,491281.8223765203,2905,194696916,250455601,1956656,1609454,11918429,10565960,14366659,13342811,21475157,22282717,18845883,14497881,16542221,19800464,9937313,14237291,99654598,154119023
288,000802,2018-03-27,0.010657193605683846,0.015097690941385356,0.33549369037636073,11500.0,71711.87286268586,1126,13070316,24275870,1094430,702203,4842457,5545098,3212434,4601170,2763833,4389917,1157162,1404784,0,1431018,0,856197,0,5345483
289,000803,2018-03-27,-0.00516431924882621,-0.00516431924882621,1.6638483738138354,12647.0,51349.424019327045,163,3015498,1676049,105490,120222,562221,749632,641361,396705,1030426,409490,252000,0,0,0,424000,0,0,0
290,000806,2018-03-27,0.04800000000000004,0.040000000000000036,0.1350502891292517,34540.0,188228.23442744443,3093,115288281,138408137,1619251,1585517,18564019,12694611,20706955,17429490,22989148,28168566,14207476,18242173,10083760,12186021,7592874,9958449,19524798,38143310
291,000807,2018-03-27,-0.0013037809647978849,-0.0052151238591916504,0.14293836563896578,33836.0,245310.7230176129,2885,141976553,148947280,2031276,1480265,13147257,12638477,20305239,16601551,22034899,21338024,16926630,13712555,12192258,13595418,9334712,10691605,46004282,58889385
292,000809,2018-03-27,0.021341463414634276,0.018292682926829285,0.13403445781903672,4676.0,51102.16349099298,599,7131363,5336150,904882,170553,2059458,1158117,1255091,1052269,1661548,995384,424368,685015,328016,339606,498000,429190,0,506016
293,000810,2018-03-27,0.03137254901960773,0.019607843137254832,0.15390752845555206,14049.0,70451.68201581281,2480,46886434,43374786,4254975,1412009,11914389,10702561,7860112,9507474,8966933,8914724,5351301,5053260,3390341,2771664,3022963,1804876,2125420,3208218
294,000811,2018-03-27,0.007194244604316502,0.008633093525179714,0.28938988540545213,10500.0,60556.507259602746,576,6993859,10916273,431624,640947,1978462,2448170,1804723,1901158,1312325,2357510,1466725,1323240,0,723779,0,865499,0,655970
295,000813,2018-03-27,-0.003588516746411363,-0.010765550239234423,0.26252388147339395,6608.0,53482.88416177489,1014,11792249,11163400,1815140,601648,3465301,2761320,2291123,2735855,2039945,2118606,478899,1231328,1259451,708100,442390,0,0,1006543
296,000815,2018-03-27,0.059125964010282805,0.05741216795201365,0.2968879844477756,12360.0,98477.09323918085,1549,24397720,40149865,988744,2122145,5594643,6672270,4576140,6461947,6578072,6618867,2617737,5282000,1368765,4490262,425580,1675246,2248039,6827128
297,000816,2018-03-27,0.019718309859154903,0.022535211267605604,0.06303656744335513,28431.0,218071.3978032694,3206,137656493,137978874,1906269,1820280,14861323,13745363,18058703,14907806,28467861,23678010,20011787,15354735,12793353,9579311,6633213,6931353,34923984,51962016
298,000818,2018-03-27,0.014026402640264113,0.01650165016501659,0.30570534543541467,12190.0,69310.9196841466,1573,25080127,28466741,912214,2116689,5590518,6970585,4891405,6131545,4844499,6610626,2023346,2963511,2174369,1732009,1743672,911753,2900104,1030023
299,000819,2018-03-27,0.040663900414937615,0.012448132780082943,0.2600209803780211,23980.0,100289.22543737394,2154,58172954,59610484,1346207,1341193,10671840,9817686,10656889,10732517,16314982,15817680,6304214,7771150,3126067,5052959,2097836,3239101,7654919,5838198
300,000820,2018-03-27,0.04868035190615827,0.04868035190615827,0.5293101475019354,110515.5,1886496.183941738,1040,221024426,246013609,1026983,17480,4165099,363765,3644393,1928198,9473823,6210688,10417418,10346882,10480183,9719069,5922502,14005671,175894025,203421856
301,000821,2018-03-27,0.015570934256055269,0.011245674740484324,0.29152690504613527,17610.0,89074.9059461907,1573,41852058,31632273,1247959,887697,8419229,5893040,11258533,5509142,6922523,6931151,5585089,4233916,2718919,2178288,1325182,1314482,4374624,4684557
302,000822,2018-03-27,0.0053475935828875,-0.0013368983957220415,0.1890847540534143,10514.0,70412.46236897734,1566,26841456,25697312,1716508,1263663,6316620,6378987,5093854,5492210,4848669,5260893,2237081,2571189,2729535,2719851,1350503,445284,2548686,1565235
303,000823,2018-03-27,0.023026315789473673,0.014254385964912464,0.1955336928186296,23350.0,150091.1288010816,2179,83471883,83376194,1833899,1453219,8498397,8876943,10174923,10208229,15235210,15850867,11337083,15776423,6648320,6551897,12313711,5281079,17430340,19377537
304,000825,2018-03-27,-0.005347593582887722,-0.007130124777183555,0.10210788011157798,24508.0,419420.94052962563,3031,176983670,180038109,3290007,1403866,11852647,11562051,15264372,15956421,22039877,20518368,12927794,17981335,10665199,12816574,10068714,6740186,90875060,93059308
305,000826,2018-03-27,0.014635931211123276,0.009879253567508295,0.639456584846915,27640.0,163970.32849289506,1826,68429257,72110438,958541,1064223,7489660,10326652,9699086,10946959,13244971,15500900,10364000,10043002,5625885,3353028,2707832,3889630,18339282,16986044
306,000828,2018-03-27,0.00764087870105068,0.00764087870105068,0.3397957236971133,8408.0,40074.57780696996,949,10834089,7965268,1535544,647112,4175096,2465015,1108197,2246610,1440152,1455431,631040,799785,1944060,351315,0,0,0,0
307,000829,2018-03-27,0.008611410118406937,0.009687836383208026,0.2672127764295323,10296.0,76750.9861696974,1209,17135788,25611099,1262079,1505009,5803679,4341353,3374990,4034776,3108345,5331402,2343805,1998096,0,2432002,0,1887150,1242890,4081311
308,000830,2018-03-27,0.014810426540284416,0.004146919431279539,0.287366330887005,99586.0,673008.0581746764,3453,476384151,466338095,807588,515199,13358564,10866076,21913848,17559147,44507790,41894361,37473948,36916168,29680507,30748839,21747550,23300486,306894356,304537819
309,000831,2018-03-27,0.014782608695652177,0.0008695652173913437,0.21562324084362275,41112.0,540772.9443267663,2851,219955333,241727307,1247197,1257293,10905794,12159552,12164119,16348560,20837296,27269705,15678224,22611812,15512070,17535721,11592301,14432427,132018332,130112237
310,000833,2018-03-27,0.013114754098360715,0.00819672131147553,0.19596462342714643,3708.0,36255.55885188822,969,8625611,7651274,1462066,550844,2147375,2843467,1472366,1876954,2354514,1743050,200850,243974,988440,392985,0,0,0,0
311,000835,2018-03-27,0.012676056338028374,0.008450704225352101,0.26944689386927645,7215.0,64534.32084342285,694,8046169,8770817,652695,734774,2326747,2800757,1679673,1447835,494425,1931768,1292101,980877,399208,360000,0,0,1201320,514806
312,000836,2018-03-27,0.023758099352051865,0.02159827213822907,0.10433027613940747,15889.0,92286.4593523227,1976,49068414,49187601,1787489,1421096,9557109,8366669,8133245,6580680,9606751,10284025,9447149,9603083,4195402,2437847,4167579,4018296,2173690,6475905
313,000837,2018-03-27,0.007476635514018781,0.007476635514018781,0.18458935817319927,10203.0,51384.97920217686,840,10568333,10245914,788527,808423,3502697,3669381,1735713,1891953,1515143,1759328,1364928,442202,1104095,333797,0,809128,557230,531702
314,000838,2018-03-27,0.01603206412825653,0.012024048096192397,0.16143065840666282,8305.0,88374.13703841677,956,11661816,13985968,963838,900304,3511569,3748386,2078861,2060085,2557405,1462701,2240409,1664874,309734,704523,0,0,0,3445095
315,000839,2018-03-27,0.00855920114122699,0.004279600570613384,0.13361492335646538,22720.0,170054.52860480326,2758,89149189,111783343,1767880,1942767,12105319,13268492,15317843,13777510,18326316,19181121,9694763,11525834,10250619,12484810,7674598,6774249,14011851,32828560
316,000848,2018-03-27,0.002200220022002153,-0.0033003300330032292,0.2141076193858874,5454.0,88802.85185471666,1804,28978348,19050693,2143190,1900985,7832495,4774927,3411799,3287185,2797812,3052620,1873934,2328236,1099693,991506,4564661,414048,5254764,2301186
317,000850,2018-03-27,0.0023923444976077235,0.004784688995215447,0.15785271992992725,2532.0,67051.07173496291,702,8268256,6623405,570911,714879,861046,2023651,515564,1231257,1009320,1282217,1481196,468021,980902,358680,957589,0,1891728,544700
318,000851,2018-03-27,0.06733167082294278,0.06733167082294278,0.2138456044349685,23400.0,376798.6142103394,1408,87279064,61885791,1792078,246306,7827581,2729235,8471417,5129660,12340742,8422458,8715006,7863107,7050823,3759360,4483364,4744049,36598053,28991616
319,000852,2018-03-27,0.0025316455696202667,-0.0025316455696202667,0.21827182657177205,12576.0,71578.3919921328,1311,20863744,24887809,1069677,1515339,5478682,6419164,4860377,4054731,3846696,5668705,1900803,3200933,1716783,319939,921339,1335368,1069387,2373630
320,000856,2018-03-27,0.0026274303730948745,0.005780346820809301,0.38021505960383634,28815.0,141319.4421425717,2507,88286500,88073923,1861485,1385530,13613350,11993829,15418315,14266664,16368340,16690833,10500866,12982096,9457937,7358471,3181400,5492495,17884807,17904005
321,000858,2018-03-27,-0.03563380281690143,-0.04492957746478865,1.184673571445073,448560.0,1111875.2178168688,3593,1353108585,1263403238,48597,41876,1598410,1966561,7528587,6614071,29715073,37820835,48990849,47790510,61753038,57568132,71881124,64742482,1131592907,1046858771
322,000859,2018-03-27,0.016348773841961872,0.005449591280654031,0.13373258835543594,6660.0,53158.18956107317,754,10941639,8513176,758470,431054,2464800,1911177,2101659,2385707,4392158,2014785,223278,1013501,331674,756952,0,0,669600,0
323,000860,2018-03-27,0.0036175710594315014,-0.0010335917312662701,0.4189117538837668,7756.0,82670.48713667915,2139,36963464,31593874,1677117,3084184,5481433,7425600,12116619,4624843,7597785,5608066,1588988,1585456,3306396,1474401,812700,1333840,4382426,6457484
324,000861,2018-03-27,0.01041666666666674,0.00694444444444442,0.11246375632087931,4380.0,44147.93986203172,657,6084140,5444122,682874,498309,2512673,1330008,1032666,1070623,1018734,1231332,464713,222140,372480,0,0,439500,0,652210
325,000862,2018-03-27,0.013123359580052396,0.01049868766404205,0.12391982258555986,10314.0,56488.24687408716,947,12127285,9229281,1286628,644507,4948505,3032452,1399133,1491786,975620,1325762,1634996,270200,1108643,777952,0,473856,773760,1212766
326,000863,2018-03-27,0.0,0.00427350427350448,0.1695056743804501,2355.0,18881.880300432837,763,3431196,2660602,970069,543677,1961311,1022916,115492,266174,384324,569104,0,258731,0,0,0,0,0,0
327,000868,2018-03-27,0.014128728414442682,0.012558869701726927,0.1281906170058007,18937.0,119397.04065858446,2476,59741696,66103889,2052182,1787576,11688900,11609599,11540743,10995434,13820567,13580815,5002367,5974166,6025380,7214446,4934929,4960148,4676628,9981705
328,000869,2018-03-27,0.011667098781436458,-0.0041483017889552,0.9317092448655634,30783.0,159237.68743887395,1714,74764157,60061448,990279,822689,9902607,6859144,11145747,8046227,14242170,10317238,7490086,6772686,7590267,6308256,3113293,4558382,20289708,16376826
329,000875,2018-03-27,0.021671826625387025,0.024767801857585203,0.0854663952446192,8619.0,99987.73759624826,1434,25878568,25373759,1722069,970723,5478843,4449749,4132068,3717951,3545021,6265709,1838217,2385792,3754327,2485607,1326761,903865,4081262,4194363
330,000876,2018-03-27,0.0,-0.005464480874316946,0.13990971344327904,11696.0,142332.12037266302,2743,78251397,63162643,2434896,2757017,10118411,10698263,10411342,9128596,13012992,8337014,8062283,9236537,4270815,6284221,3429775,4499695,26510883,12221300
331,000877,2018-03-27,0.010597302504816941,0.007707129094412402,0.2202120504962519,17952.0,125153.09579742078,2224,63380231,61284989,1628768,1610145,11146684,8801252,10410203,9458117,11916252,9952544,7904916,7417515,4413236,4717098,4546448,3553552,11413724,15774766
332,000878,2018-03-27,0.0,-0.0017467248908296096,0.26843412137958694,17115.0,164341.52764515244,1820,59952392,45937620,1229543,1475751,8157773,8306650,8365681,6852105,10745177,8172126,4797860,6573512,5459804,4111790,1288238,1300275,19908316,9145411
333,000880,2018-03-27,0.02790178571428581,0.020089285714285587,0.5131891986065977,8280.0,52744.03806374448,304,2738607,3107367,368837,312522,1151960,1065951,320575,485057,678648,225894,218587,247900,0,0,0,0,0,770043
334,000881,2018-03-27,0.015761821366024442,0.019264448336252293,0.36362328461775234,11515.0,59154.98550003487,986,14249340,14725298,1299982,545317,4252017,3861993,2474884,2849514,2976865,3588471,684749,2410777,1425973,691050,488750,0,646120,778176
335,000882,2018-03-27,0.0031152647975078995,0.006230529595015577,0.07492006740282563,10642.5,105829.45571511578,1848,38583259,34010398,1814841,1425381,7804289,6244713,6875834,7254294,8067365,4492260,2438458,4174039,2176228,2393600,1372632,1762170,8033612,6263941
336,000883,2018-03-27,-0.0022831050228310223,-0.0022831050228310223,0.09984878700905353,3066.0,79343.83071318065,1932,21644921,23199921,1239665,2391180,4029987,4710091,3324728,2785962,3217277,2785886,1943208,3136934,2091161,1785037,449535,2279548,5349360,3325283
337,000885,2018-03-27,0.012430939226519389,0.008977900552486151,0.3434355050360426,14710.0,63362.06621982766,1778,34737276,32698273,1467572,1409702,9221663,7595486,7676188,7086931,7330061,8629048,4939816,3480959,1384575,2285123,887845,2211024,1829556,0
338,000886,2018-03-27,0.01298701298701288,0.010101010101010166,0.1404875307857586,32802.0,284797.98694873095,2442,158230495,145285597,1692476,1287245,11240062,8036120,14969610,10359891,23507677,13700686,14794923,12500734,12394206,12408525,9882194,16752627,69749347,70239769
339,000887,2018-03-27,0.016666666666666607,0.014880952380952328,0.3682970403124205,15295.0,109169.18372223584,2084,48718730,48788138,1254780,1551813,8458485,12243007,8301143,7719921,8823854,8553984,5972345,3798081,3756922,3570160,2699197,464200,9452004,10886972
340,000888,2018-03-27,0.006396588486140553,0.0,0.2879016255190126,9440.0,68146.77839052156,1061,18942448,14065451,961450,1313988,4294178,4108431,2362594,4089321,3925252,1592728,1652632,1431238,1849522,1024210,1827020,0,2069800,505535
341,000889,2018-03-27,0.046441947565543096,0.03445692883895135,0.3334484522547211,13525.0,93030.41441807018,1608,17236008,37597556,728225,2231569,3424964,13033408,2983651,4492305,2797629,5714853,2674065,3477680,310982,2344153,0,820772,4316492,5482816
342,000892,2018-03-27,0.020689655172413834,0.0193103448275862,0.3272945585095901,7315.0,49678.241157837256,490,4824225,6142674,425183,534274,1442260,1923263,1004192,1056013,845414,995769,296460,942040,311216,691315,499500,0,0,0
343,000893,2018-03-27,0.05309734513274322,0.04424778761061954,0.11529581857645897,21737.5,282850.44372341345,2416,85878724,82462787,1640697,1669486,10961327,11322894,11390926,13387394,14873588,11782671,12048074,7568451,6208826,4963898,5001454,3108417,23753832,28659576
344,000895,2018-03-27,0.0,0.0,0.44622390555295177,53938.5,347396.4577511952,3222,229822130,205172954,1046948,841574,15044336,12052318,30470071,19339491,30258275,28273896,23441137,18161737,20984043,18610087,21873196,8511094,86704124,99382757
345,000897,2018-03-27,0.0031746031746031633,0.006349206349206327,0.09274653089256395,4725.0,56746.13077749869,1158,12432002,12804671,960736,1421434,3468659,3147195,2116227,2566025,1841208,2095596,1492463,1248742,962022,1019410,972275,444969,618412,861300
346,000898,2018-03-27,0.010101010101009944,0.008417508417508435,0.11299918310655775,15626.0,186258.10702728332,2772,76158218,115602020,1506335,2936193,11880019,13265291,7687283,10549208,8810070,15960231,7022810,9618458,5659412,14126251,5683493,5910949,27908796,43235439
347,000899,2018-03-27,0.012024048096192397,0.008016032064128265,0.21503467475566052,9117.0,38152.58601717477,538,4882184,7201315,468655,504603,1868463,2320171,1177227,1805009,833802,1824313,228150,747219,305887,0,0,0,0,0
348,000901,2018-03-27,0.025785278949835844,0.006094702297233967,0.4154611264305062,40926.0,208480.25382191353,2637,122396499,132965751,1082020,838528,13526568,12025551,13145443,15949108,26237927,28984608,21436475,17848415,10291602,12294213,9222431,13011255,27454033,32014073
349,000902,2018-03-27,0.0,0.005208333333333481,0.297012648128854,5850.0,71182.28476629619,1046,17595634,11068194,1236199,927641,2903987,4588887,1434831,1426094,3367941,1707720,2013369,852732,1426642,1076241,3722603,488879,1490062,0
350,000903,2018-03-27,0.006430868167202508,0.0,0.08990105633726199,5321.0,58907.20849228401,1200,16545681,10918570,2465672,734751,3244207,2727234,3194235,2024710,2694144,2693293,669947,1325259,1290935,982588,875272,430735,2111269,0
351,000905,2018-03-27,0.019354838709677358,0.017204301075268935,0.286705642458351,9450.0,62271.36463892314,1052,13061074,19061557,930341,1596414,3264719,5268364,2907755,3452053,3259976,3484663,1339943,1726158,0,389500,1358340,1283079,0,1861326
352,000906,2018-03-27,0.014138817480719768,0.014138817480719768,0.3251682395565922,14211.0,81590.24656284423,572,8960082,12619491,395066,565275,2949102,2440354,1929071,2762937,991256,1567273,453050,1191706,721315,1046795,406879,879101,1114343,2166050
353,000908,2018-03-27,0.01851851851851838,0.014814814814814836,0.18937932621803663,6552.0,50790.40247369246,813,7787281,10935306,846231,590101,2449880,3099583,1770694,1930086,1108966,2033554,1291930,1171400,319580,1004692,0,481110,0,624780
354,000909,2018-03-27,0.009090909090909038,0.0010101010101009056,0.3053725360827383,10010.0,48287.90031682114,1051,14736547,14999012,1499584,923643,4686662,3804979,3101090,3605464,4183951,3557924,511900,2005492,342540,699570,410820,401940,0,0
355,000910,2018-03-27,0.009920634920634885,0.003968253968253954,0.434474237139534,8108.0,101388.35630367977,2157,42913276,33450403,3384081,1379630,8641450,6093809,5035347,4630120,6443300,5501514,3231347,3193551,3416736,1329830,1303464,3751131,11457551,7570818
356,000911,2018-03-27,0.008130081300813163,-0.0013550135501354532,0.27143780817342283,8892.0,38382.01503457218,739,8900752,7291143,806104,763724,3175576,2691429,1960487,2181545,1504173,1035259,780114,250686,674298,368500,0,0,0,0
357,000913,2018-03-27,-0.004819277108433884,-0.008433734939759074,0.6986430273926252,13280.0,143343.94184102633,565,17554088,10754097,527210,604525,2169898,2241888,2051320,1852615,1684969,1152226,948628,239040,2951849,332655,2345082,462400,4875132,3868748
358,000915,2018-03-27,0.010788381742738551,0.007883817427385864,0.5987508086224966,19336.0,100910.6704860571,1620,38949667,39589480,1254638,1281359,7071506,8254357,6959605,7630009,7203294,6365187,6953071,4297919,2553292,3774255,2629801,1422649,4324460,6563745
359,000917,2018-03-27,0.01728723404255339,0.0146276595744681,0.18235677219500027,22980.0,128090.06452822006,1702,55009240,62076111,1315913,1177296,7726603,7821632,8655759,8922737,11414276,13256618,9889191,6152456,5531530,5296114,6031296,3218291,4444672,16230967
360,000918,2018-03-27,0.00870827285921627,-0.0014513788098693414,0.22874715613969973,8905.0,58749.90798915975,907,11851502,14035130,746436,1503554,3253088,3417220,2548046,3249415,1892612,2958797,1410981,1031840,644291,1458752,0,415552,1356048,0
361,000919,2018-03-27,0.04428044280442789,0.038130381303812966,0.22454141715667708,16920.0,107360.88139417683,1313,29475213,30038486,1156642,1298224,5783031,6296674,6294689,6554733,6643278,5475994,4227958,1404198,1350198,2404160,1285780,447712,2733637,6156791
362,000920,2018-03-27,0.028070175438596356,0.011695906432748426,0.28974551537818116,17280.0,70499.08126329407,871,17055483,16975854,849671,708310,3667124,4405670,3945515,4303623,3356188,5918995,1272625,697636,306000,0,430899,433000,3227461,508620
363,000921,2018-03-27,0.01766190075693852,0.008410428931875602,0.23865769627648742,11970.0,55494.08799664956,2490,35529310,24023526,3577249,1077576,15214835,8538962,6312833,4077332,3500161,4314346,1686616,1658377,1341100,1067176,429600,470763,3466916,2818994
364,000922,2018-03-27,0.026279391424619547,0.023513139695712226,0.2737586688687998,14580.0,69717.08289262246,697,11216971,12827519,649639,528670,3063756,3163575,2865768,2834539,2380997,2739074,404865,692694,370000,1752042,0,453132,1481946,663793
365,000923,2018-03-27,0.012030798845043211,0.004812319538017196,0.5435217252934417,18882.0,65361.752368351954,1462,27954679,30173050,836734,992014,7452526,7845902,6251876,6052540,6907236,7283075,4617224,4028924,1390051,0,499032,1251210,0,2719385
366,000925,2018-03-27,0.09527754763877394,0.09527754763877394,0.4385847454384336,20240.0,742761.8780931662,757,62479623,19875106,1023051,104350,4852248,872203,4562545,1853422,7256315,3345654,4604184,1920512,752682,3462092,923574,2295778,38505024,6021095
367,000926,2018-03-27,0.004171011470281538,0.0031282586027110426,0.202209493485593,4835.0,85679.65994223698,2252,36815114,25080785,4210894,2053524,6147987,3972641,9222557,2917269,6225085,5559846,2637632,2303342,2735967,1865127,1391839,2726950,4243153,3682086
368,000927,2018-03-27,0.004901960784313708,0.0,0.15185530383356427,11026.5,77474.60308442789,722,13465225,13365707,535260,643689,2381018,3886850,2128365,2367646,2583451,2430661,1688330,1613159,990167,393720,1299559,880532,1859075,1149450
369,000928,2018-03-27,0.0,0.0,0.14803470400438654,12056.0,67279.51138370797,1367,25832897,21543331,846154,965184,8575198,4658269,4024854,4327876,4664491,3558208,3919214,3146323,2044073,3151470,941140,483756,817773,1252245
370,000929,2018-03-27,0.0333716915995399,0.018411967779056404,0.335122464868287,9735.0,38379.34986730254,672,7379477,8481481,667450,629674,2139620,3238066,2863125,2025544,937630,2107444,466868,0,304784,0,0,480753,0,0
371,000931,2018-03-27,0.015723270440251458,0.018867924528301883,0.21206430890442435,12800.0,68913.81247314624,900,17016588,15375650,975773,813661,3345345,3865632,3007186,3292119,4245590,4031382,2474200,1904504,991040,0,412804,918200,1564650,550152
372,000932,2018-03-27,-0.0055632823365785455,-0.006954102920723293,0.14200608523508948,23040.0,310895.3807956274,2569,114522679,131890965,1702922,1671518,11874009,10034290,11380548,12107951,18278039,15985276,11608479,9735681,10719499,8550488,7211222,9591861,41747961,64213900
373,000933,2018-03-27,0.0,-0.00939597315436247,0.13997057965832374,27306.0,215068.54551110073,2839,117729538,117584651,2005629,1520417,15721037,11161383,16519844,12578105,25367670,21591904,15648991,11373296,7803216,8584693,5362906,7362753,29300245,43412100
374,000935,2018-03-27,0.04317548746518107,0.04178272980501396,0.3725302028669823,78645.0,281608.0468616151,3349,256064153,271021691,768208,670858,12717927,11883486,22818945,24234431,46348399,37842088,36341543,34263110,24858733,27386089,26700574,14571669,85509824,120169960
375,000936,2018-03-27,0.03504043126684642,0.025606469002695365,0.13967976950439775,30320.0,147450.17172384344,2829,98082093,115415376,1675696,1518768,14529003,14366118,15834690,16707907,22793466,22601934,8806995,13996095,6818837,10574478,10213532,8860599,17409874,26789477
376,000937,2018-03-27,-0.001956947162426781,0.0,0.11966998631402316,5110.0,72436.48467482721,1828,19333301,22466471,1368930,2392217,3990527,4112926,3194839,3922119,2430865,2731018,2360945,2785157,985941,306089,2703594,859788,2297660,5357157
377,000938,2018-03-27,0.038633905115128986,0.025961984237366842,1.208606006253469,65700.0,240975.3827403743,2869,168919382,206460413,971688,660018,11449371,12440264,21367465,23221359,28927978,35862233,22264188,22366276,16053368,20060684,13112299,17167631,54773025,74681948
378,000948,2018-03-27,0.06367041198501866,0.06741573033707882,0.24585153979214697,23500.0,176650.02306549973,1891,76911388,46568501,1333797,921385,10624764,7589949,9922740,8888379,13702304,10058181,6814692,4736105,4645893,3275723,3139279,4007940,26727919,7090839
379,000949,2018-03-27,0.010638297872340496,0.010638297872340496,0.19908102214198833,7600.0,44066.32257813466,356,2759934,4266889,234223,433882,953237,1632890,491104,1088676,420579,591582,296745,0,364046,0,0,0,0,519859
380,000951,2018-03-27,0.008219178082191858,0.005479452054794498,0.33918325189275333,10220.0,64373.67494056188,1853,24514423,25965959,2036803,1645936,7597595,7875504,4764390,4671715,4325692,4898829,1077184,1695040,699814,303056,863704,883275,3149241,3992604
381,000952,2018-03-27,0.021739130434782483,0.008695652173912993,0.39848999150961545,9814.0,77155.3314283076,1200,15619895,19522148,2117342,1296685,3955520,4780231,2650848,3014343,2888615,2716413,1326666,1878628,1668104,1727424,416400,863380,596400,3245044
382,000953,2018-03-27,0.042857142857142705,0.023809523809523725,0.28998797278381666,12645.0,62615.416644889825,839,14494508,12259713,730991,851045,3779759,3880305,2752928,2963945,2389864,2056566,1658483,917678,1045045,1083175,1379638,0,757800,506999
383,000955,2018-03-27,0.04938271604938271,0.03703703703703698,0.15383537136615008,35860.0,231237.15940184452,1787,74881854,89507071,644021,1214410,6873038,9506841,11478312,12257478,11331757,14779077,10009417,10029875,5426811,8986147,4374643,3636282,24743855,29096961
384,000957,2018-03-27,0.0010471204188482464,-0.004188481675392763,0.24301818851109608,13524.0,73315.44400631973,1545,31755480,25583381,1978064,1303467,8044414,5917316,6203664,4857206,7906615,6464706,3104879,2076070,1753952,1082537,1778256,933744,985636,2948335
385,000958,2018-03-27,0.004545454545454408,0.006818181818181612,0.12945780862578002,10680.0,57526.44041344292,1157,15327038,17790134,1205308,988870,5798687,4332678,2854713,4381592,3431992,3958280,457015,1935368,370740,360602,446901,410960,761682,1421784
386,000959,2018-03-27,0.021321961620468954,0.01705756929637503,0.104093605655735,3366.0,48840.92262590205,2039,15837628,22312716,1414993,1969423,5115688,6599755,3701969,3893988,3340638,3608842,922887,2739140,762903,397992,0,959855,578550,2143721
387,000960,2018-03-27,-0.0015094339622641062,-0.0067924528301887,0.2530658260692706,27573.0,239090.86917961243,2743,132803010,135933697,1483361,1784542,10989591,11132479,16557256,12250868,22260022,19136615,12875212,15678550,12918078,10090569,9764692,7600652,45954798,58259422
388,000961,2018-03-27,0.008955223880596996,0.011940298507462588,0.17229172094872258,16080.0,189141.97997344536,1514,56500626,49581402,1021669,1271021,5428615,6820637,5107702,5581698,7234327,4518758,5474649,7045765,8162453,6504080,3662771,1224591,20408440,16614852
389,000963,2018-03-27,0.010808342213426858,-0.0009133810321205749,1.2567586573980651,51048.0,295174.030305247,2736,157463230,212453923,1241264,1373168,9627291,12923733,11434824,20585958,24403321,37915675,18062442,20199256,13938954,12255303,9023300,8460475,69731834,98740355
390,000965,2018-03-27,0.025925925925925908,0.020370370370370372,0.1611786249517853,15915.0,79502.1712947408,1124,24523380,21130826,784453,797208,6528629,3800331,4511503,4291539,5707286,4120428,3235842,2979545,0,2377490,841220,1222857,2914447,1541428
391,000966,2018-03-27,0.03170028818443793,0.023054755043227626,0.10388450705612497,12565.0,76549.70764346451,1119,21025507,22917962,809895,813255,4720729,4793696,3561989,3914102,4149012,6074101,4137531,2384711,1694642,2170551,841250,470560,1110459,2296986
392,000967,2018-03-27,0.0092592592592593,0.0092592592592593,0.28028140146482033,11475.0,48549.28271732452,727,11170521,12293909,698332,506673,2558482,3053185,3007656,3393658,3238964,3831411,1667087,1136502,0,372480,0,0,0,0
393,000968,2018-03-27,0.0023419203747072626,-0.0015612802498049527,0.3293753869978422,7758.0,61555.56023507897,1514,23497025,15515558,2064464,1231514,5253878,4346278,7363990,2480664,3439970,2722050,1093295,751146,1696594,2143895,402745,439890,2182089,1400121
394,000969,2018-03-27,0.0332889480692411,0.026631158455392878,0.1870287349120747,6112.0,62108.594928271086,1615,15843539,25078289,1352665,2127603,4483889,5088648,3656781,3974396,3065940,4989954,2177766,2670654,0,1463308,459000,1850717,647498,2913009
395,000970,2018-03-27,0.011382113821138073,-0.004878048780487809,0.24169333603403534,37185.0,272046.7884788218,2594,131990329,153881348,1526688,1366240,10780128,11039369,14614590,12412802,24331769,21776346,17600321,17549932,14756195,10051966,8409455,8556357,39971183,71128336
396,000971,2018-03-27,-0.012091038406827903,0.0,0.27636570574761876,35400.0,872297.1302275176,2593,167507267,246700489,1247175,1370975,11662406,12361973,14269219,12965801,20435155,21008401,15618185,17471456,11255796,12455504,6636906,13315947,86382425,155750432
397,000972,2018-03-27,0.01750000000000007,0.007500000000000062,0.19210149446339975,9361.0,60849.27340777859,433,8100748,5176283,468007,278634,1996322,1402600,1310762,832022,1625252,1531088,659561,1131939,1370447,0,0,0,670397,0
398,000973,2018-03-27,0.013513513513513598,0.015444015444015413,0.13650942019245976,14040.0,85923.28532379177,1442,28357584,28063447,1439908,996753,6527811,6583378,4710802,4216889,6989769,6115888,4399320,2473967,1772501,965401,922149,1320642,1595324,5390529
