,code,date,pchange_whole,pchange,change_std,amount_median,amount_std,length,sumsell,sumbuy,sell_vol_0,buy_vol_0,sell_vol_1,buy_vol_1,sell_vol_2,buy_vol_2,sell_vol_3,buy_vol_3,sell_vol_4,buy_vol_4,sell_vol_5,buy_vol_5,sell_vol_6,buy_vol_6,sell_vol_7,buy_vol_7
0,000001,2018-01-30,-0.0036496350364962904,-0.0036496350364962904,0.23049855405933223,102975.0,702086.9226286041,3536,488491466,520152018,571423,1054727,8494643,13077647,19062442,25465899,37336243,54419121,36049479,52600869,29403628,31912520,31379523,27986150,326194085,313635085
1,000002,2018-01-30,-0.04315789473684217,-0.03368421052631587,0.6346661223534562,304978.0,1455798.118190785,3587,1302377801,1365948154,88233,137252,4584779,4294289,14387279,16721787,37111486,42482289,37570737,49334206,38105141,42749877,46561121,50681840,1123969025,1159546614
2,000004,2018-01-30,0.0,-0.003274087932647385,1.5085849652903214,8558.0,56769.30458868069,200,2326917,2300902,217631,168703,977146,611431,633551,307752,498589,302652,0,213200,0,0,0,0,0,697164
3,000005,2018-01-30,-0.007194244604316613,-0.0023980815347721673,0.2112437924212366,4170.0,44118.22427018666,389,2942831,3484315,433740,315263,1366806,837060,624249,491019,518036,721566,0,458045,0,0,0,0,0,661362
4,000008,2018-01-30,0.00121212121212122,-0.002424242424242329,0.2802808853620163,4120.0,56113.495817750314,866,12034648,5823573,1221443,880982,2219317,1062553,2982043,809519,2575652,1313994,784867,1010454,0,332072,852097,413999,1399229,0
5,000009,2018-01-30,-0.0015082956259426794,0.003016591251885359,0.1850100125655478,9990.0,96773.47543762598,1285,26830158,22420940,1389122,1332044,4286117,4956351,4091240,3667792,4301921,5030612,2743587,2223331,3694013,2134093,1307040,418750,5017118,2657967
6,000010,2018-01-30,-0.04646840148698883,-0.044609665427509326,0.13806253112103486,12825.0,122351.44389890517,1522,41304183,22773620,960389,1317390,5773715,6749859,5554910,4816279,11002699,5387974,3458178,1440378,1046302,659708,1289772,1319664,12218218,1082368
7,000011,2018-01-30,-0.007484168105929889,0.005181347150259086,0.4873786215703778,12309.0,48640.8454949898,1270,19158760,19579254,1401858,976731,5685077,5501097,4267321,5436953,5088889,4230566,1749094,1713089,966521,1720818,0,0,0,0
8,000012,2018-01-30,-0.022148394241417457,-0.019933554817275767,0.20424365163743827,22137.5,158314.37830681296,1956,83662715,46309806,1577610,1822966,9853202,9175361,10466116,7811446,14074199,9908210,7014382,5161604,7516691,4863659,4023311,3112379,29137204,4454181
9,000014,2018-01-30,0.006309148264984188,0.007886435331230235,0.33589502671059923,13893.0,59202.930187254955,1427,22552318,25583346,1132869,1077682,6713044,6684483,5463465,5024289,5648834,5886837,2036733,3420287,332189,1451207,0,926936,1225184,1111625
10,000016,2018-01-30,0.02714932126696823,0.03770739064856721,0.15611916976957277,26860.0,205290.6282459396,1806,65613310,77120169,1207753,1088261,7086916,7856403,8203183,9715818,13864090,15952884,10063690,8884214,5989275,10011465,2183268,4779781,17015135,18831343
11,000017,2018-01-30,-0.008319467554076532,-0.014975041597337757,0.2654424004727768,3600.0,48911.71730165353,512,6513347,2332766,517612,515274,1348997,914784,1405741,511820,958479,390888,736899,0,0,0,409947,0,1135672,0
12,000018,2018-01-30,0.0,-0.0016501650165016146,0.1841133481296,3030.0,28992.622950046676,1084,8336334,5961636,1424335,704630,2876366,2328803,1891117,1185269,1026796,1742934,727456,0,390264,0,0,0,0,0
13,000020,2018-01-30,0.0,0.005094614264919972,0.8442382493737732,6897.5,27742.42416681147,264,2417783,1382047,290668,310717,972544,550749,271621,222720,663530,297861,219420,0,0,0,0,0,0,0
14,000021,2018-01-30,-0.03630705394190881,-0.022821576763485507,0.19036003436253482,24569.0,216480.23817491805,2567,116953010,84733325,1681736,2145852,9657279,12924942,13659235,14036666,19671084,19144333,14257773,8253437,5914613,5344837,5820094,3517296,46291196,19365962
15,000023,2018-01-30,-0.011055276381909507,-0.02311557788944707,1.0224710955017668,3915.0,39387.18050971494,379,3083344,2154628,213206,627675,654896,617525,899863,432353,399253,107525,205852,0,710274,369550,0,0,0,0
16,000025,2018-01-30,-0.0016094420600859527,-0.0008047210300429208,1.1941852178544312,11211.0,42669.50950746429,974,12468784,10666948,1008618,976708,4626042,4699366,2817815,2281784,2277690,1668250,268344,690314,372100,350526,453750,0,644425,0
17,000026,2018-01-30,0.014981273408239737,0.000936329588014928,0.6360611205426681,10630.0,42090.0414231655,281,2832110,2804138,223430,190875,1127456,1002276,675070,664904,440109,497754,0,0,366045,0,0,448329,0,0
18,000027,2018-01-30,0.004878048780487809,0.003252032520325132,0.17348627301973818,6170.0,38104.273247564284,1258,12233523,9105039,1809116,778062,4296141,2619078,1666509,3142659,2268771,2209384,564134,0,1010852,355856,0,0,618000,0
19,000028,2018-01-30,0.005511022044088154,0.0045090180360720655,1.4430284771567463,17808.0,129603.1107628486,1725,59869850,42244849,816747,1356123,8741349,5021118,13903523,5447369,14365320,8046526,2358492,3525471,2879845,3393975,956180,2802997,15848394,12651270
20,000030,2018-01-30,-0.0073081607795372205,-0.004872107186358221,0.262262115491336,4920.0,69210.90983938795,980,11790135,8210659,908396,1164884,2782942,2770872,1560161,1656190,1716082,1153517,1216235,938935,964060,0,438729,0,2203530,526261
21,000032,2018-01-30,-0.014084507042253613,-0.011917659804983827,0.35367124295936414,9105.0,74833.75213356862,682,11102825,6028867,647598,695977,3733554,1726257,1815485,895705,1714849,459239,1035847,1363163,357192,371680,451000,0,1347300,516846
22,000036,2018-01-30,-0.006451612903225823,-0.0055299539170506895,0.20824851592249444,44080.0,257241.42572470132,2719,188990331,140381753,1171080,979807,12853946,11226076,17872044,14820069,25449615,21400610,24960652,15823627,15751917,15574899,10638047,8961463,80293030,51595202
23,000037,2018-01-30,-0.001506024096385561,-0.009036144578313143,0.42098682906920004,5296.0,43625.01339490952,248,3121459,1247680,166814,249087,1373055,403222,354878,445533,368680,149838,0,0,0,0,858032,0,0,0
24,000038,2018-01-30,-0.015921931176168358,-0.012840267077555256,0.7752937358970075,11592.0,56466.03682643453,630,10960430,5648621,663196,755951,3406864,2578352,1645834,752923,2157188,1341034,245236,220361,1077830,0,451386,0,1312896,0
25,000039,2018-01-30,-0.04121863799283165,-0.040770609318996454,0.41265670751560407,34656.0,421616.2156754585,2929,236878349,168541883,906596,1983721,9773273,15552653,12438696,15768574,22376395,22202750,19680168,17753172,14855745,14402279,11100369,9997550,145747107,70881184
26,000040,2018-01-30,-0.0007698229407235857,0.003079291762894565,0.3872729623283101,11718.0,111994.67759699392,1127,17303210,23661368,998382,1120231,3338690,5241685,2865400,3199155,4281557,3325239,1258537,1672260,1579932,1017078,1386974,473652,1593738,7612068
27,000042,2018-01-30,0.015197568389057725,0.013981762917933072,0.9407875936818533,6672.0,37418.74886908664,305,3380915,2445300,331554,275402,893346,1143595,485939,581690,1123680,444613,546396,0,0,0,0,0,0,0
28,000043,2018-01-30,0.009072580645161255,0.011088709677419262,0.5030413156821609,10000.0,55920.97640192239,388,6753946,4757150,337592,385505,1961613,1313930,913677,1289473,1822410,985460,972446,0,746208,315315,0,467467,0,0
29,000045,2018-01-30,-0.01829924650161463,-0.020452099031216364,0.32607989826261863,9190.0,53084.56902797935,812,13716768,6735001,709392,1100565,4402746,2891491,1999582,1149813,2061252,836317,2161269,205660,975401,0,1407126,0,0,551155
30,000048,2018-01-30,-0.019310344827586312,-0.019310344827586312,0.801600311259358,10909.0,69431.09720318837,737,14139286,7101817,777459,493501,3852943,2618369,2811698,1463078,3067140,1161169,2633266,204250,354780,0,0,0,642000,1161450
31,000049,2018-01-30,0.010081209745169462,0.010081209745169462,0.9403752348567596,18000.0,87934.21451928279,1442,25433512,37039180,684020,1453333,6346935,8528339,5876838,6925727,5129774,6893006,1204037,3489835,2795051,2029781,450327,2184349,2946530,5534810
32,000050,2018-01-30,0.0026427061310780875,0.0005285412262154843,0.3957042021322183,18970.0,96024.12327238305,2287,63290275,55086461,1884806,2018893,10774651,11672740,9852705,10105859,12325652,14262436,9144840,5703508,3621233,4915811,4368999,2163423,11317389,4243791
33,000055,2018-01-30,-0.020125786163522008,-0.020125786163522008,0.15818848524934429,23730.0,223633.95756360266,2531,101214993,80126051,1714724,1586977,14622229,9645295,15833720,11087523,20137035,12276230,13490888,6429220,6124946,4047657,5952467,4010218,23338984,31042931
34,000058,2018-01-30,0.00273972602739736,0.0,0.2941962996940171,7320.0,52956.99479279898,615,7531927,6236892,434252,862113,2156457,2399898,1440041,1492747,1696793,771258,431984,710876,0,0,438000,0,934400,0
35,000059,2018-01-30,0.013047530288909481,0.02329916123019582,0.22163714098386902,36652.0,273078.12243204215,2346,119496626,162253475,908275,967995,12149671,8624803,12841550,12331307,20145292,20656377,14202894,14961943,10716238,13583209,6527702,8929256,42005004,82198585
36,000060,2018-01-30,0.0,0.006779661016949268,0.20243615804781515,132440.0,535641.7604999127,3402,509701525,545254908,608460,554380,9002431,10010296,19640244,17185817,46943000,47600032,40923061,38875780,35487969,33326175,27027987,34807069,330068373,362895359
37,000061,2018-01-30,-0.008894536213468918,-0.0025412960609911828,0.3445329048877458,5474.0,50742.02222346952,521,5065578,6840422,433731,644039,1169061,1659996,1014882,1031621,1155685,1823423,528387,970907,306143,710436,457689,0,0,0
38,000062,2018-01-30,-0.014893617021276673,-0.008510638297872353,0.8015186383819801,7062.0,56624.01543720971,859,14120087,7931378,908860,715942,3364470,3020785,2257253,1372671,3784125,1482388,1465289,492152,1292840,0,466000,0,581250,847440
39,000063,2018-01-30,-0.0038436899423445192,-0.0006406149903908087,0.5210973475690388,313908.0,1589212.3608298297,3591,1256531312,1244093947,102750,81153,3350159,3791546,10620547,13399928,41525970,49942969,56514850,52044687,62051069,60317796,50034244,63830561,1032331723,1000685307
40,000065,2018-01-30,0.00867052023121384,0.007514450867051936,0.427178529187308,10440.0,32473.87469700516,1640,16489703,13832912,1530787,1437279,7674500,7277682,2625498,2949830,2378074,1416742,1152925,751379,696400,0,431519,0,0,0
41,000066,2018-01-30,0.009790209790209614,0.016783216783216703,0.16864651164488123,21480.0,218227.77854782905,1799,58592260,73208075,1318730,1227909,7252317,8613738,8118054,7844229,11141470,12313485,10064339,8311901,5896500,5876364,3651095,5559325,11149755,23461124
42,000068,2018-01-30,0.0019685039370078705,0.0019685039370078705,0.1762195161060419,10300.0,50593.075149025804,832,7709949,8634488,447047,1052318,3550840,4679733,781038,355228,682623,974878,505898,627306,777914,0,419121,0,545468,945025
43,000069,2018-01-30,-0.020076481835564097,-0.017208413001912226,0.1854123337617313,53872.0,359223.47024399205,3193,284942952,213150106,917035,768854,18745082,10416398,21619820,14909750,41774832,31182095,27227267,21189038,19839232,18258810,18945561,12523875,135874123,103901286
44,000070,2018-01-30,-0.012182741116751217,-0.006091370558375719,0.3114335497341287,10857.0,74614.3161715401,1000,22413002,10360681,1108999,1268353,4772242,3697093,4673809,3730013,4037298,1665222,2134964,0,1130878,0,1432812,0,3122000,0
45,000078,2018-01-30,0.01018675721561979,0.00679117147707986,0.15867471368896383,5920.0,80874.22225792757,1379,18000855,20991219,1168266,1238587,4105250,5968925,2660032,3427640,4577484,2248394,1290977,2730191,1073322,747769,0,887038,3125524,3742675
46,000088,2018-01-30,0.004825090470446325,0.00965018094089265,0.2550764113060423,16054.0,95348.23936395894,1056,20201767,28107190,949451,961627,5258977,4632294,4387521,3617385,3583313,5461706,2108107,3784873,1073564,2478625,858095,2101517,1982739,5069163
47,000089,2018-01-30,0.0066006600660066805,0.0066006600660066805,0.20093927782909338,6426.0,78096.73588406699,2049,42276822,33091144,1159698,2981893,6098166,6377870,9306969,4444959,12121573,8182536,3953283,2639518,3675104,2706393,2226962,1805529,3735067,3952446
48,000090,2018-01-30,0.013537906137184086,0.0027075812274368616,0.22540332025369125,10179.0,125972.62211680683,2421,64012794,48666561,3501933,892910,12698265,5839287,9422355,5510823,9703300,7612824,6667646,6461150,3655331,3124527,1399544,3544440,16964420,15680600
49,000096,2018-01-30,0.02102102102102088,0.020270270270270174,0.6524670972789508,6845.0,54836.93653051456,416,2588511,7559004,356398,411332,1363640,1731881,868473,1366160,0,1264385,0,970066,0,0,0,1219500,0,595680
50,000099,2018-01-30,0.008611410118406937,0.008611410118406937,0.2862657405190577,4690.0,39063.873718449584,1053,9096288,10826453,910216,1217708,3237394,3289991,1872140,3034469,1614134,2243920,1045363,216678,0,324800,417041,498887,0,0
51,000100,2018-01-30,0.005555555555555536,0.005555555555555536,0.06352234148422223,12722.5,228347.57746530703,3248,81700337,133865166,1905997,3166420,9856327,16539085,6884607,13576474,10289000,20368601,4472211,14872548,5575868,8464868,5285020,8884496,37431307,47992674
52,000150,2018-01-30,0.024334100624794353,0.024662939822426733,1.1261905835585526,24840.0,157760.584703287,729,22187929,45900898,616944,529789,2824787,2407588,1745233,1914296,3260449,7684643,3283384,4694026,4141030,11701038,1640626,9078423,4675476,7891095
53,000151,2018-01-30,0.005473025801407294,0.0023455824863174435,0.534004876207039,11466.0,50410.94489971066,573,9295363,6537993,604411,364021,2548433,1713886,2617953,1755709,2148284,990652,980144,487000,396138,750346,0,476379,0,0
54,000153,2018-01-30,0.0037037037037037646,0.0012345679012344402,0.42402508549050066,4884.0,31678.355053248673,364,4113786,2199050,516594,225456,1204149,1135788,954879,572625,820796,265181,617368,0,0,0,0,0,0,0
55,000155,2018-01-30,-0.005025125628140614,0.0,0.14329910528271658,14690.5,90077.4462549698,1738,42690587,38400867,1326847,1542781,7351597,7331104,6935065,6948643,9417990,8990337,6838388,6432964,3394066,3123577,1843488,1351659,5583146,2679802
56,000157,2018-01-30,-0.0022172949002217113,0.004434589800443645,0.08711985755806524,7216.0,120224.98549896135,2696,50373238,46232712,1556546,2304103,8825442,10269796,6531725,8325098,6686806,7584343,5345375,5057858,3897714,1994743,902095,3718537,16627535,6978234
57,000158,2018-01-30,-0.00704225352112664,-0.014084507042253391,0.19004947173938258,14994.0,122488.44978623775,2013,51973280,30083218,2549673,1441892,10192448,8482417,7042906,7982366,9693533,5975646,5390100,2580953,1689662,1289898,1316064,0,14098894,2330046
58,000159,2018-01-30,0.033644859813084294,0.01495327102803734,0.20790408866781082,11161.5,84764.46945376424,662,12763316,11952357,485569,535884,2854959,2451398,3020313,2550497,2905712,649123,1140246,2522713,1351205,0,477568,1232594,527744,2010148
59,000166,2018-01-30,-0.019677996422182376,-0.017889087656529412,0.1054295314783105,33733.0,242771.59368462668,2822,144040109,79453688,1539443,1266640,22199018,10607204,23316754,12689968,17106465,11678028,9261894,5983740,5888702,2730360,3027688,6777658,61700145,27720090
60,000301,2018-01-30,-0.006756756756756799,-0.006756756756756799,0.20509914481747216,10548.0,53681.562417420806,833,14664751,9845492,782224,771052,3125461,3395298,3291491,2174265,3312935,1829282,2649956,1147295,1094024,0,408660,0,0,528300
61,000333,2018-01-30,-0.011107371255469567,-0.008919555705149795,1.0068293897079128,180540.0,705937.5662508381,3484,643872121,711008443,240170,287120,7659713,6162999,17951898,17620715,45146280,46711647,49283940,45165160,50410748,45409011,40945580,37433312,432233792,512218479
62,000338,2018-01-30,-0.013289036544850363,-0.008859357696566983,0.1529194750423155,40230.0,262767.1330920995,3494,221074144,164169221,2218788,1290823,21525555,13252053,23810381,17740000,36673870,31664797,20208240,19409539,17402287,13410829,13473040,12190650,85761983,55210530
63,000400,2018-01-30,0.005700325732899136,0.0008143322475568926,0.25929818640166624,9888.0,89035.54252007746,2247,36371247,25009162,5067671,2074224,10520842,7822097,3241851,4930847,4278023,4353945,2677986,3748724,1707501,1001720,2225167,465045,6652206,612560
64,000401,2018-01-30,-0.016083916083916128,-0.006993006993007089,0.2742308041686978,32660.0,210755.2691793795,2721,132871428,100171836,1644026,1304621,14884823,13270012,17918989,13552940,28759298,18266544,13516112,10471785,13016843,9448219,7131964,9037329,35999373,24820386
65,000402,2018-01-30,-0.02911813643926786,-0.016638935108153063,0.21632456605170544,43056.0,242325.45567759633,3092,185984297,130908354,1538463,1139648,14087104,9502215,27308974,17147347,35950047,24137331,19833926,18512193,11109763,12688269,11098215,7093910,65057805,40687441
66,000403,2018-01-30,-0.0019537609899056285,-0.0003256268316509381,2.252012504717166,15360.0,49588.663393277755,185,2750053,3116831,130872,95556,844190,962521,750799,922124,417305,829130,210387,0,396500,307500,0,0,0,0
67,000404,2018-01-30,0.0,0.0017241379310344307,0.2769156246819796,8092.0,82615.60894975206,438,6860077,7924904,489402,303450,1538512,1228486,679135,1386947,1218489,1200858,1266746,1196926,1062417,1088637,0,0,605376,1519600
68,000407,2018-01-30,-0.0064683053040104355,0.010349288486416475,0.3032634904066376,10088.0,61767.879036980645,649,10022134,12423563,778323,599789,2532805,2457617,1851057,1527359,2526076,3573257,1166836,2706291,312400,1092212,854637,467038,0,0
69,000408,2018-01-30,0.009888751545117369,0.008652657601977864,0.4442087279550763,32200.0,270186.0830349677,1327,60291622,53232046,607298,1055457,5072922,7153886,5513810,8890007,8861953,13176502,7720173,7290099,3670822,3684449,1841227,1876146,27003417,10105500
70,000409,2018-01-30,-0.01765650080256831,-0.009630818619582704,0.2971803050094053,6160.0,28803.08865127863,439,4381035,2143060,560738,432614,1606690,1115958,783256,299024,986099,295464,444252,0,0,0,0,0,0,0
71,000410,2018-01-30,0.017191977077363862,0.006685768863419206,0.30232342768176923,16880.0,95691.30638626493,1199,23895531,33246233,744887,982469,4762358,5785149,4582045,4793290,6083238,6379258,4096630,3989562,2092515,2478396,902658,1759322,631200,7078787
72,000411,2018-01-30,-0.005472636815920584,-0.007462686567164312,1.314316243462016,6000.0,40555.52051276682,233,2831565,1718040,529739,113989,1077989,369919,579314,264132,644523,566000,0,0,0,0,0,404000,0,0
73,000413,2018-01-30,-0.03628117913832207,-0.030612244897959107,0.15473914303983047,48735.0,351062.1111819147,3254,262117341,233007597,995039,1791944,11902025,17615801,21528676,23880937,28498715,35369808,17837883,24316842,13567732,15660272,17448801,9968253,150338470,104403740
74,000416,2018-01-30,0.004273504273504258,0.009971509971510084,0.33143052499881254,7080.0,50170.90513171597,448,4179159,6499075,591774,317004,1483714,1182744,1042331,1706320,395251,1239225,0,1301477,666089,309720,0,442585,0,0
75,000417,2018-01-30,0.016393442622950838,0.021437578814627933,0.1842284878454223,10555.0,80446.85917033615,1854,21626288,44689496,570635,2639597,4220075,10693383,3979315,7795208,6542441,7574123,3149642,4791401,1402964,3047198,411378,3057512,1349838,5091074
76,000418,2018-01-30,0.019068413391557515,0.03202328966521106,1.5928487192945489,28195.0,149681.79805913722,1861,53831486,65154726,1254175,1756651,11993041,8972655,9326397,8077144,8712215,9924073,5196568,6862872,5491831,4454249,2207176,5922190,9650083,19184892
77,000419,2018-01-30,0.008223684210526327,0.008223684210526327,0.31572542300537204,7368.0,39113.73889102741,370,4297395,3987339,185182,443013,1310250,1177516,844469,1093882,1266573,1012132,690921,260796,0,0,0,0,0,0
78,000420,2018-01-30,0.003225806451612856,0.003225806451612856,0.12325637123824457,2496.0,86063.94590437453,633,8223688,3190599,567387,488359,1799772,1195403,433879,481267,788948,390798,1239230,246644,934312,388128,0,0,2460160,0
79,000421,2018-01-30,0.0,0.0016501650165017256,0.2990392518090996,3938.5,51992.387422938635,410,6953008,1893891,284640,322914,1423056,713806,1127906,336404,1730231,520767,1163744,0,618431,0,0,0,605000,0
80,000422,2018-01-30,0.014251781472683911,0.0213776722090262,0.11631338077828217,8600.0,114264.31966838382,1313,21969208,28753771,1012135,1291262,5236690,4893902,3182611,3448943,3112752,4557336,2442282,5307515,1363291,3055365,0,1729328,5619447,4470120
81,000423,2018-01-30,0.0033778596652846993,0.008905266390296207,1.3274533783732627,39396.0,232157.9617304822,2408,134926059,137466000,583758,1962104,7703203,13471919,11545899,16776211,15300368,26063326,15259497,13061461,12879118,11772199,7209649,8725948,64444567,45632832
82,000425,2018-01-30,-0.017353579175705014,-0.008676789587852451,0.07952847761077207,37720.0,439336.2292828969,3383,241743993,225978573,1445844,1773245,14812465,16179767,17373143,20898644,26814635,29888051,22483928,23839667,12234123,15098374,12594017,10326349,133985838,107974476
83,000426,2018-01-30,0.021682567215958404,0.050303555941023426,0.20874969216373176,64543.5,418168.77030976146,3068,241083591,325118723,1045519,863724,11398728,9707237,17977995,16841176,35728354,28864432,26939063,28127306,22055304,22209176,20980180,18609113,104958448,199896559
84,000428,2018-01-30,0.0,0.0024271844660193054,0.2399438946136331,2894.5,68228.05229955177,294,4859345,2255561,243937,281248,720316,590516,869846,421040,932115,402616,1227931,249641,0,310500,0,0,865200,0
85,000429,2018-01-30,-0.007159904534606243,0.0011933174224343368,0.27302382749736176,6740.0,71300.7530577236,942,13387522,8943259,1039402,896805,2987784,3002142,1624165,1128347,1338062,2647552,458744,950733,721080,317680,1328025,0,3890260,0
86,000430,2018-01-30,0.010344827586206806,0.006896551724137945,0.47692559171419496,11271.0,72014.24905181548,332,4352246,5610961,291525,355218,1747084,1201212,980539,569569,720617,726709,222250,984317,390231,0,0,892936,0,881000
87,000488,2018-01-30,-0.009584664536741228,0.009052183173588801,0.33245136006924164,84330.0,467834.91665093414,3193,337806953,303870873,1241103,671910,11213124,10869075,20439765,21817254,38943220,42811997,36863343,28413705,26779630,25059934,20226983,16896361,182099785,157330637
88,000498,2018-01-30,0.010324483775811188,0.008849557522123908,0.21420909577095257,6860.0,33136.40494243457,1002,9628837,6360288,1024400,1275985,4888265,1945855,1200442,778853,2166717,1220007,0,0,349013,640908,0,498680,0,0
89,000501,2018-01-30,0.041543026706231334,0.032047477744806985,0.359710923442151,18997.0,157527.26446183896,2195,65503309,93098679,873929,1879631,6134668,11117244,7408663,13175569,10806582,16319544,3584469,11375506,6194538,10988632,2607714,7850392,27892746,20392161
90,000502,2018-01-30,-0.016267942583732098,-0.017224880382775143,0.5794447421719945,5150.0,94201.43731949985,325,8197772,1502488,297316,259193,798107,592231,579582,169177,1306889,275887,1496095,206000,1358383,0,0,0,2361400,0
91,000503,2018-01-30,0.0036737692872887973,0.0053881949546901176,1.1043257363610757,32560.0,239140.86091031745,1367,78225931,68728978,1134819,885797,5946606,5545738,5894313,6909224,8577611,9003295,7777209,10259107,5329645,6922666,7262743,7330481,36302985,21872670
92,000504,2018-01-30,0.006968641114982743,0.006581494386372455,1.0107076645109692,26130.0,316502.2400232567,655,23721231,32299150,281712,294119,3766523,2638821,4045796,2701343,3882093,4238302,2065970,4155348,2869289,1006140,851398,1341998,5958450,15923079
93,000505,2018-01-30,0.0851970181043662,0.0851970181043662,0.2826752463388833,13247.0,549233.2985252342,1104,70230391,77384086,1359418,24025,4803063,319973,4513253,2032340,7764323,4162930,4465997,6153328,4881637,8124176,2209158,4004033,40233542,52563281
94,000506,2018-01-30,0.005649717514124353,-0.005649717514124353,0.3033583292931926,2828.0,49085.91621147849,544,7972989,2834567,827578,283289,1823368,971298,1632101,387702,1171232,503498,1104940,249565,993170,0,420600,439215,0,0
95,000507,2018-01-30,0.006876227897838927,0.0009823182711197198,0.20429642216222865,29783.0,159174.1037895364,2485,94419645,88451180,1097998,1165508,12544486,12614504,13988478,13242783,18081760,24044247,10786462,10250104,5361300,7238009,6687466,6648455,25871695,13247570
96,000510,2018-01-30,-0.0096735187424426,-0.0072551390568317276,0.3338703342370537,8220.0,35231.88216334009,613,8222420,4383323,831818,629230,2867222,2177925,2326238,805254,1497057,440514,292585,0,0,330400,407500,0,0,0
97,000513,2018-01-30,0.007333967132962194,0.0023088415048213573,1.4572976092631114,44643.0,151855.53970606352,2554,117653881,110176971,1266238,1559859,10670589,11690580,16551698,17064468,33938924,23768251,21098464,15252703,13458411,9159425,4337607,7905807,16331950,23775878
98,000514,2018-01-30,-0.02052785923753675,-0.01319648093841641,0.19824407786877082,10320.0,67025.88006474182,1184,23213342,10062051,1173755,1026961,5471670,4504935,4074179,2403859,4333229,1642505,2708704,483791,1044989,0,898361,0,3508455,0
99,000517,2018-01-30,-0.03883495145631066,-0.019417475728155442,0.09756116559677953,24597.0,166400.8235203173,2799,103467449,95153985,1664846,1576621,11593262,12468011,13264274,14679781,21131636,20459594,11779205,12988048,8643059,8677050,6557532,1701034,28833635,22603846
100,000518,2018-01-30,-0.004524886877828038,-0.003016591251885359,0.33453608054557754,3966.0,55312.83502990862,392,4061307,1509652,352124,445419,1309616,902461,657312,161772,420755,0,0,0,331500,0,0,0,990000,0
101,000519,2018-01-30,-0.00919540229885063,-0.005747126436781436,0.2160943676325989,9827.5,75477.29280632664,1622,27258237,19567094,1599381,1702725,7397235,6287190,5806911,5146406,4801282,3012673,2586554,1943826,397900,377555,409836,0,4259138,1096719
102,000520,2018-01-30,0.0,0.0,0.14677195548322144,6545.0,79894.63157775074,692,9662945,7743592,755412,784216,1916749,2745638,1060993,808096,1444373,984418,1535047,1036133,379225,1385091,463200,0,2107946,0
103,000521,2018-01-30,0.00990099009900991,0.013861386138613874,0.256798176063649,5110.0,52237.546173978524,386,3958182,3390334,580744,263505,1296951,888662,825361,506065,551622,436837,703504,507960,0,0,0,0,0,787305
104,000523,2018-01-30,0.0037359900373601374,0.0037359900373601374,0.49614412578965894,9660.0,38301.81234002318,261,3865288,2230994,329355,261760,1174809,865854,985896,575675,832139,318951,210647,208754,332442,0,0,0,0,0
105,000524,2018-01-30,0.033006244424620856,0.03389830508474567,0.3867295498875614,4478.0,34821.96517130816,840,5353205,6802494,776565,782439,2125344,2352677,890556,1160610,1286450,994523,274290,1014819,0,0,0,497426,0,0
106,000525,2018-01-30,-0.030461270670147922,-0.025674499564839026,0.6137195906893665,24618.0,155277.96740850995,1403,65579318,35682297,807569,749649,6461545,7882942,6066255,5864385,9195640,7181436,8309632,5233916,4098728,2081152,4571534,2603927,26068415,4084890
107,000526,2018-01-30,0.014174822814714938,0.014849814377320358,2.0814304369722554,14965.0,73966.07429469343,202,4486891,2238473,225905,123647,761417,838678,753576,592377,981938,683771,518200,0,0,0,471000,0,774855,0
108,000528,2018-01-30,-0.020477815699658675,-0.018202502844140933,0.1925368606026528,15552.0,180558.36554838513,2087,76367516,45699499,1853433,1457713,7541229,8541527,9153184,10012247,12673063,8801506,14214563,2233977,2684602,919249,3075873,2793803,25171569,10939477
109,000529,2018-01-30,-0.014204545454545414,-0.008522727272727182,0.3711012317098476,10530.0,37897.454960174495,359,5640371,3632499,284102,396990,1457735,1410454,1505864,931330,2392670,616525,0,277200,0,0,0,0,0,0
110,000530,2018-01-30,-0.005586592178770999,-0.007448789571694592,0.22480502204761135,10710.0,59578.391676096486,570,9823563,6807194,320427,600177,2279749,2739536,1817804,1023274,1658576,1011372,1443507,1131095,350304,301740,836716,0,1116480,0
111,000531,2018-01-30,0.0038461538461538325,0.007692307692307665,0.3314641823743015,7850.0,40523.23031898566,553,6220393,4601145,753156,563136,2098869,1719177,831997,590718,1423767,899739,720104,445395,392500,382980,0,0,0,0
112,000532,2018-01-30,0.051709027169149824,0.07887817703768629,0.25634218255470526,20009.0,120261.59739827963,1985,37380990,64931657,1213781,1439404,9348713,10103591,7251650,10445438,8867416,13768312,3870110,8419224,1744793,2401984,1255188,3008481,3829339,15345223
113,000536,2018-01-30,0.006521739130434856,0.0021739130434783593,0.12205488051106866,3704.0,55266.00240393379,1425,10073605,10576608,1975779,2293382,2268502,1553010,994248,1236443,1444102,1304233,1392298,1862956,723827,0,468930,0,805919,2326584
114,000537,2018-01-30,0.005408653846153744,0.01081730769230771,0.32596179318831414,49851.0,356661.74941148044,2616,217920782,196414371,1028275,958338,8957016,10747956,14461973,14829373,26383760,22874039,17078591,19804791,17580243,12493023,19610817,13747409,112820107,100959442
115,000538,2018-01-30,0.012474645030426057,0.014198782961460488,2.3237653644754674,29967.0,160718.80985790567,1800,63375195,68832519,1174566,1874881,11050853,12571006,11219985,10179018,9916129,10409981,7117523,7129753,6227061,3740490,3939033,4396182,12730045,18531208
116,000539,2018-01-30,-0.00203252032520318,0.00203252032520318,0.17423719579258728,1476.0,35717.17225448888,797,2221780,5184709,216043,1042560,832796,2611348,269394,144156,126187,485861,227796,206640,0,0,0,0,549564,694144
117,000541,2018-01-30,0.007470651013874008,0.006403415154749181,0.217167843374765,7552.0,49100.379004703216,1863,28835489,17493702,2794817,993902,6662977,6004691,7754913,3712932,6763044,4428139,1261346,1455564,710807,363226,2320095,0,567490,535248
118,000543,2018-01-30,0.005825242718446422,0.009708737864077666,0.16059087343302908,5230.0,96038.22732339185,1029,12616876,20945404,735975,1157862,2848541,2974370,2535650,2355436,2694070,2409498,1324002,2020774,1683038,2899995,0,460404,795600,6667065
119,000544,2018-01-30,0.004908835904628317,-0.0021037868162692153,0.7287617948258287,8538.0,35344.182318285886,382,4277568,3352468,422569,436763,1363555,1202623,1314656,647054,746528,1066028,0,0,0,0,430260,0,0,0
120,000545,2018-01-30,0.002004008016031955,0.0,0.1865883419458206,10000.0,99019.08012392207,715,14816946,7244328,1030724,615629,3173173,3240800,2023177,1259115,2020816,1076205,627641,677579,687819,375000,0,0,5253596,0
121,000546,2018-01-30,0.019674355495250984,0.03324287652645852,0.4298021009474305,21448.0,64331.27767414664,1177,16106313,34366529,549547,838261,4701506,5772331,4293148,9856029,2985108,9012647,1940338,6229839,613600,1039164,458700,906013,564366,712245
122,000548,2018-01-30,-0.010294117647058787,-0.010294117647058787,0.18681166756698245,11517.5,51645.05581323032,1326,22573998,10483405,1342765,1116043,8125619,4110564,4422407,2082654,4049649,1038065,1727473,480814,998742,1054145,0,0,1907343,601120
123,000550,2018-01-30,-0.0020942408376964927,-0.002617801047120505,0.6260764341138848,13331.5,61171.284759734466,930,15670010,15288648,946896,991738,4153435,4106455,3665098,2585538,3219456,3534820,1752443,1508020,1364182,1414477,0,0,568500,1147600
124,000551,2018-01-30,0.0012515644555695093,0.0025031289111387967,0.3628592201623848,7230.5,31603.36501518533,484,2743045,3975672,214181,1185188,981544,1277702,565456,638276,781115,195128,200749,0,0,679378,0,0,0,0
125,000552,2018-01-30,0.0027247956403271267,0.005449591280654031,0.08529615710482029,5920.0,80855.98747714533,1861,29510708,28170993,1341315,2131807,6265162,5553156,4144318,3857539,3064789,5278112,4069834,2599308,5306584,2378879,2633014,1394891,2685692,4977301
126,000553,2018-01-30,0.009063444108761143,0.009063444108761143,0.4136779191008755,16610.0,105196.46288852901,1601,34707247,35581961,2059773,1217721,6515977,7578691,6434431,6237723,8423625,5935641,3162389,3768306,2721343,3425087,1382074,934969,4007635,6483823
127,000554,2018-01-30,-0.01629072681704269,-0.00877192982456143,0.2528243684211635,12680.0,70714.15329486787,996,24794870,10447850,846883,1159675,5585847,3888354,4094843,2239883,5444800,1547539,1879266,1216399,2809567,396000,859817,0,3273847,0
128,000555,2018-01-30,-0.011035653650254607,-0.008488964346349714,0.3464897971595782,10503.0,74325.3564589555,1156,21596645,12138086,1592801,990751,5005540,4804586,3837061,1422495,3973196,1746048,1047954,1462004,0,1712202,867796,0,5272297,0
129,000557,2018-01-30,-0.008421052631578996,-0.006315789473684275,0.1513509324061019,7080.0,48826.75471399478,986,16305787,8192424,1378856,602216,4741047,2337492,2607943,1790187,3076405,1535810,3221802,1618715,0,308004,1279734,0,0,0
130,000558,2018-01-30,0.02610441767068261,0.016064257028112205,0.15089369992720286,10834.0,62840.22456159174,1090,14156943,22177246,773651,1037756,3750729,5661206,2553515,4572700,1948571,5754547,2533213,2087793,1376801,2089559,454963,426869,765500,546816
131,000559,2018-01-30,-0.004255319148936287,-0.005319148936170248,0.2621506337316087,11352.0,117203.89947455871,1286,24759966,26611380,978459,1406891,5675656,5415875,4602825,3574179,4231781,4640294,1844882,3459360,1784332,2387699,428850,905443,5213181,4821639
132,000560,2018-01-30,0.006535947712418277,0.0032679738562093608,0.31625397726151605,12908.0,81403.41678139195,842,14547127,19422522,960224,763087,3698337,3662158,3359528,2230323,3215577,5280643,1286101,2813789,348374,1672527,495114,469482,1183872,2530513
133,000561,2018-01-30,0.004962779156327368,0.003722084367245637,0.3762623591619829,8070.0,35536.35445277327,458,3650482,4930240,512278,656488,1306468,1481281,664957,1165566,508063,1409825,246339,217080,0,0,412377,0,0,0
134,000563,2018-01-30,-0.011086474501108556,-0.008869179600886956,0.11445289437231854,13107.0,108048.58660078375,1557,42854802,20208503,1514397,1075165,10232534,4543031,5430673,3704881,6207450,4121578,3226095,2276332,1765641,956586,2620569,2225126,11857443,1305804
135,000565,2018-01-30,-0.004207573632538653,-0.004207573632538653,0.355699196507428,9940.0,73725.55866817907,401,8186280,3603208,378290,405749,2038371,1398704,1387352,1024502,1655611,774253,774504,0,774394,0,0,0,1177758,0
136,000567,2018-01-30,-0.023908918406072233,-0.02542694497153708,0.8106168679586652,20476.0,169192.8065640538,1058,41852307,27386064,730018,678041,5004388,3687720,5252899,3939403,7404638,6240557,3949870,3112503,4134255,1002390,1733048,448070,13643191,8277380
137,000568,2018-01-30,0.002927580893682613,-0.005084745762712006,1.0917680173546336,109667.0,357498.71039803786,3537,388237045,350301714,421300,268135,10428927,11593787,24102284,24660965,50498977,48540779,44363416,39151203,44935155,37384077,30381133,26279763,183105853,162423005
138,000570,2018-01-30,-0.001828153564899404,-0.001828153564899404,0.315861065792422,2730.0,25139.704666258585,299,2340098,1496413,266989,182534,828771,697919,832994,258111,411344,357849,0,0,0,0,0,0,0,0
139,000571,2018-01-30,0.03867403314917128,0.03130755064456725,0.1404928037929249,8976.0,53081.47824909573,1498,17090050,24452325,1334495,1097507,5200587,6157800,4686637,4828993,3945714,6864688,868266,2163295,327471,1361407,0,1432845,726880,545790
140,000572,2018-01-30,0.0071770334928229484,0.009569377990430672,0.11883995196541675,5046.0,56818.734371680766,1240,13986711,14649877,987164,1396629,4028686,3447705,3558303,2067541,2746548,3314008,1681644,1286307,984366,1083179,0,422940,0,1631568
141,000573,2018-01-30,-0.0020283975659228792,0.0040567951318459805,0.18661360157283408,9850.0,57962.06274003237,698,10639976,10108757,706671,837173,2785304,2354692,3078712,1993113,2256902,1396586,1509892,943837,302495,1056292,0,453939,0,1073125
142,000576,2018-01-30,0.008264462809917106,0.005312868949232552,1.0142085182713847,8477.5,42313.52212318165,278,2838648,3298681,329010,266822,818006,1221134,302180,1005876,450814,464849,938638,0,0,340000,0,0,0,0
143,000581,2018-01-30,0.004946727549467234,0.005707762557077611,0.5000129129086681,53960.0,293277.6063880779,2763,199910985,200033797,1127635,816916,11378551,10168143,17548269,16229889,29227754,29952173,25039103,21472301,14601402,15046026,14097357,11542619,86890914,94805730
144,000582,2018-01-30,0.0010020040080160886,-0.006012024048096198,0.38055494459541606,9940.0,66967.1062999752,687,13036739,5603841,960499,730110,3597564,2136897,2440216,1514741,1943860,727499,704200,0,1027073,0,0,494594,2363327,0
145,000584,2018-01-30,0.014314928425357865,0.008179959100204526,0.3096641009430831,19324.5,110550.3746551398,2246,59358212,56691039,1711794,393880,24234082,3919346,11771307,5379443,8585152,14826760,2562831,11945697,2447467,5157413,404424,3970675,7641155,11097825
146,000585,2018-01-30,-0.02749999999999997,-0.022499999999999964,0.09032930194958064,7820.0,53397.3081843795,1971,29133322,18376078,2030131,1912652,8672876,5977230,6063128,4005773,6205439,2015130,2125394,1216374,1728453,328319,1732393,834317,575508,2086283
147,000586,2018-01-30,0.0017045454545452365,-0.010227272727272751,1.8557144586387775,10464.0,35549.719941285046,89,1492227,269016,83643,34955,479061,177969,287260,56092,433823,0,208440,0,0,0,0,0,0,0
148,000587,2018-01-30,-0.010810810810810811,-0.01216216216216226,0.15374062325624419,30053.0,208979.16293705945,2325,100856499,101521081,1506611,1178422,9348095,8503277,19347832,9942772,23151056,15938156,7260123,4866721,4695090,2487608,3043314,2765057,32504378,55839068
149,000589,2018-01-30,0.0022026431718060735,0.0,0.22111271902235538,3656.0,58457.160060537826,421,4738439,3693558,555972,268872,929280,833993,754651,714803,215773,562752,737619,989378,0,323760,884547,0,660597,0
150,000590,2018-01-30,-0.006731488406881092,0.0029917726252806087,0.9057751195419838,8046.0,57355.02640663724,217,3090472,2050216,149903,268541,838866,623428,526164,387707,428041,260462,547242,201000,0,309078,0,0,600256,0
151,000591,2018-01-30,0.0018181818181817189,0.0,0.174559542836443,8265.0,132032.95743870575,993,19970003,12024314,1121220,825869,4531465,2529009,2329142,1957186,2061623,1392187,1858560,1258484,1040430,765487,0,0,7027563,3296092
152,000592,2018-01-30,-0.04553734061930781,-0.05646630236794181,0.108833873176891,19703.0,141262.87129369305,2560,103208343,60572831,2244649,1492335,11139727,10860504,12999165,9571875,15978780,13854979,14320561,9057929,9559208,6012555,7288972,1766099,29677281,7956555
153,000593,2018-01-30,-0.014336917562723928,-0.008363201911588791,0.30523358459844746,8345.0,69844.53710804263,752,14398900,8893051,494704,1030838,2491655,3056976,2126889,1593582,2854111,1156010,1222747,905097,1707083,720508,2218135,430040,1283576,0
154,000595,2018-01-30,-0.0019379844961240345,0.0,0.23840059877522113,6695.0,39989.05020038347,468,5922536,3537216,404267,440530,1779458,1278070,1535949,879151,1243103,666501,232716,272964,727043,0,0,0,0,0
155,000596,2018-01-30,-0.0073913043478262,-0.0015942028985507228,1.546511835680954,13832.0,133299.43602362237,1997,48801103,60885758,881114,3364677,5566881,9093224,11044875,11124327,7453968,11096031,3277215,5929621,3922663,4454358,471270,4450421,16183117,11373099
156,000597,2018-01-30,-0.015653775322283625,0.0009208103130755596,0.40909868970465496,8664.0,42543.27019621611,704,9106335,7337970,578996,738848,1993686,2161046,2636836,1675925,2630571,1426759,1266246,953192,0,382200,0,0,0,0
157,000598,2018-01-30,-0.005586592178770999,-0.0018621973929235924,0.17316047005522334,9648.0,120187.6278057021,962,18568481,14893308,762049,708286,3265062,3689187,2258859,1789179,2442270,2683749,1098493,2511409,1165133,1061084,428000,0,7148615,2450414
158,000599,2018-01-30,-0.00924499229583986,-0.013867488443759624,0.2921116962301266,13385.0,40860.515228538934,493,9121566,3291765,515121,242375,4313628,1353241,2331392,562531,929727,649682,489412,483936,0,0,0,0,542286,0
159,000600,2018-01-30,-0.06355382619974059,-0.05706874189364464,0.14163701937047743,27435.5,196623.05968196085,2970,133242089,95422680,1295717,2585606,14213957,15172040,14767344,17366160,22288336,17041478,15331590,12063939,13019358,6318693,12119446,7436882,40206341,17437882
160,000601,2018-01-30,0.015492957746478853,0.018309859154929775,0.3108300080932951,7230.0,47933.54039463455,521,3691257,9603433,326732,972130,1544896,2464115,982723,1570904,620906,2120161,216000,1281727,0,723000,0,471396,0,0
161,000603,2018-01-30,0.01224177505738333,0.017597551644988663,0.32872833345964875,23886.0,102965.36990567004,1582,44235563,47687143,1067337,803428,7181781,7701147,8965499,7754381,7773699,12237285,9515599,5378150,2694396,4053174,3656943,3567123,3380309,6192455
162,000605,2018-01-30,0.016338028169013974,0.019718309859154903,0.5807540874861158,14208.0,82867.95533265322,935,14764324,13084877,808382,828394,4843603,3970395,3215496,2917962,2080682,1454438,1191514,463320,637252,1038888,475800,0,1511595,2411480
163,000606,2018-01-30,0.0,0.0012468827930174342,0.4457847594946226,8080.0,52778.55272338794,323,4385737,3520389,374474,205536,1747295,1450138,117716,758702,497519,537699,476155,209820,704292,358494,468286,0,0,0
164,000607,2018-01-30,0.004950495049504955,0.0,0.2676170677638033,5476.5,37317.046948688556,512,5622966,2739611,596132,483486,1736271,1168798,1384056,299551,234909,581325,1260730,206451,0,0,410868,0,0,0
165,000608,2018-01-30,-0.012019230769230727,-0.0024038461538461453,0.15953104885965294,32526.0,251437.07678440283,2731,154028023,110445225,1769611,1335599,13101378,10158664,16200190,14200287,21134832,22126687,18364672,12872339,13023416,7887022,14159597,7109702,56274327,34754925
166,000609,2018-01-30,0.0018298261665141702,0.0027447392497714773,0.51636191157413,11100.0,53839.951959846345,448,5076330,7743230,373326,335955,1984439,2151818,1360333,1382799,1358232,1968735,0,777410,0,0,0,461760,0,664753
167,000610,2018-01-30,0.006926406926407003,-0.0017316017316018062,0.6867052553248447,5790.0,46611.796611820115,282,2788331,3113817,271711,182726,1005169,651974,655221,824840,438844,431777,0,673000,0,349500,417386,0,0,0
168,000612,2018-01-30,-0.019836639439906656,-0.014002333722287208,0.21090197613479156,5922.0,42432.008479700555,1654,19763475,13357953,2431351,1253247,5239296,4408804,3443354,3327991,4323711,3502711,2124852,270180,1352718,0,848193,0,0,595020
169,000613,2018-01-30,0.034117647058823364,0.027058823529411802,0.33097971707508433,15515.0,56595.16936460263,659,9363532,12410231,685242,717337,2496293,4195970,2884727,2326632,1603085,1617145,1260685,1460571,0,640616,433500,886695,0,565265
170,000615,2018-01-30,-0.030249110320284656,-0.014234875444839923,0.2286637452781665,22300.0,97193.8170914043,2418,76832172,49781107,1627665,1402512,13782119,10621072,13934289,11783413,14968247,10346337,11333614,5437702,7109242,2712703,4477711,1711871,9599285,5765497
171,000617,2018-01-30,-0.002035278154681075,0.004748982360922582,0.5666738810340282,10318.0,35632.918559904916,676,8049694,6666876,811092,529480,3168835,2344904,1968777,1525174,1653221,1258492,447769,1008826,0,0,0,0,0,0
172,000619,2018-01-30,0.01273885350318471,0.002547770700636942,0.4038915838606745,7860.0,81048.22452316154,377,4183791,8305860,263390,325934,1281379,1661548,515230,1149966,727779,1961012,501468,552300,0,311260,894545,836850,0,1506990
173,000620,2018-01-30,-0.015267175572518998,0.004580152671755711,0.1549406551544773,10592.0,248669.9754288831,1792,51602436,43177967,524855,2488650,4986481,8165480,5956773,6228659,8194059,7228915,3789039,4551555,2978232,3827651,2753659,1828878,22419338,8858179
174,000622,2018-01-30,0.04139433551198257,0.01089324618736387,0.2682711550796625,4645.0,39023.514228195534,292,2254060,3854842,184556,302646,1099899,820954,234812,1146044,528265,1091706,206528,493492,0,0,0,0,0,0
175,000623,2018-01-30,-0.00043478260869567187,0.003478260869565153,0.5406940932785606,23100.0,169339.56969195243,1809,81188214,56397248,906631,1248611,8567329,9828681,9835682,7696843,12702468,11443134,12407831,7533665,6301486,3492618,4533921,4601627,25932866,10552069
176,000625,2018-01-30,-0.010646387832699666,-0.0076045627376425395,0.2726264640475322,13150.0,172637.18106488933,2327,87463489,41444932,2105681,1346185,10663289,8746443,10518350,6032346,16051406,7178298,8457877,4261031,4871123,2792722,2663680,2540772,32132083,8547135
177,000626,2018-01-30,0.004132231404958775,0.005785123966942196,0.425098462822486,7271.0,88997.03163549681,810,8878998,12032462,366878,1076903,2538246,3506446,2622472,1540778,975666,842045,539961,724644,743247,0,488025,832646,604503,3509000
178,000627,2018-01-30,0.004938271604938427,0.00864197530864197,0.20088567607912713,11424.0,80559.66851449276,1627,32684131,29714932,1351410,1796603,6124429,6326622,5902457,5707988,4818705,7251100,5285869,2825117,2285015,2373246,4833111,1363967,2083135,2070289
179,000628,2018-01-30,-0.010856453558504175,-0.010856453558504175,0.38008597948431877,8987.0,54977.88788937041,475,6729921,4974057,417516,637325,2018083,1577569,1339377,1020674,840224,720628,667648,0,399024,1017861,431086,0,616963,0
180,000630,2018-01-30,0.0034843205574912606,0.0034843205574912606,0.0540178726803079,27260.0,307206.09299879405,2867,114295161,118934673,1212270,1601341,19883439,12355418,12269462,11067494,15157845,13827781,8034312,7770350,8468209,7283801,2994285,2603546,46275339,62424942
181,000631,2018-01-30,0.0,0.0,0.11447042883998966,15995.0,128921.33269138144,1592,34269923,44730036,975578,1080496,4865701,9466127,3799796,8763980,4925020,7027276,2747084,6924963,1102408,2528154,3189236,2271309,12665100,6667731
182,000632,2018-01-30,0.005076142131979822,0.0016920473773265332,0.30365361015997644,5900.0,52167.683679676484,378,5257101,4438629,192428,398188,1151883,1264189,807477,1224757,1483457,792463,770842,759032,0,0,851014,0,0,0
183,000633,2018-01-30,0.008196721311475308,-0.0030737704918032405,0.5775462748558569,9760.0,130974.652851406,285,8100309,5526407,257758,226777,1001316,963961,1010289,1167062,1690499,1048301,794934,294600,0,338450,968000,981500,2377513,505756
184,000635,2018-01-30,0.004810996563573866,0.011683848797250818,0.6048021837306683,11712.0,43086.00382445719,578,7235155,6125436,508010,510836,2888133,2640556,1766344,1669733,960708,1036216,0,268095,0,0,0,0,1111960,0
185,000636,2018-01-30,0.004835589941972973,0.004835589941972973,0.21572805375241164,21934.5,148636.19497560093,2300,80957381,67958142,1120970,1465224,11054656,11318984,11175239,10629753,13102826,13046190,9871418,10231775,5631465,4939803,3105523,1815017,25895284,14511396
186,000637,2018-01-30,-0.006814310051107331,-0.006814310051107331,0.2666523218421352,7008.0,50949.014447134236,484,7371182,5456404,298724,487163,1473666,1449445,2336016,1418710,2388923,1269977,556052,248039,317801,0,0,0,0,583070
187,000638,2018-01-30,0.012345679012345734,0.018993352326685864,0.2968099550354359,12708.0,69280.96873309829,1259,21852300,19600760,1135140,901703,6164750,5817464,4727958,4551140,3020328,3171243,1903645,1435089,1474791,1731942,437598,918984,2988090,1073195
188,000639,2018-01-30,-0.023242300987797893,-0.02266124346310283,0.4349472896682368,21944.0,90123.63727484125,1566,29180445,23257609,585074,1294492,14521259,7563667,5592058,4936649,3909889,2876909,1284783,906323,1367002,628440,0,0,1920380,5051129
189,000650,2018-01-30,-0.001890359168241873,0.001890359168241984,0.21515931790635104,4348.0,40729.18903599948,604,6917633,3026887,689819,362969,1442577,1062296,1297754,564231,1249013,787822,1252550,249569,985920,0,0,0,0,0
190,000651,2018-01-30,-0.017889410914347703,-0.01174557282255162,0.9230503510348678,340814.0,1291721.4633816527,3595,1264395159,1336751001,69210,27427,3753596,2694694,16679940,12305482,42181100,41299844,47831193,42394562,43556274,50000131,38008038,42206167,1072315808,1145822694
191,000652,2018-01-30,0.0,0.008350730688935215,0.10797885630216308,11928.0,231400.73902354215,1977,38081428,71961746,1302074,2098267,7198866,8319957,5968400,6220238,6134345,9251095,5472186,7127083,4163353,4556919,2323213,4507166,5518991,29881021
192,000655,2018-01-30,0.0016474464579900872,0.0016474464579900872,0.20903821156161428,8526.0,50156.98458864155,843,9640782,10404210,788170,896995,3969508,2756461,2462924,2041565,1358014,2091895,758166,494709,304000,331905,0,451001,0,1339679
193,000656,2018-01-30,0.0,0.003868471953578423,0.12244217783651767,12552.0,146061.94472384272,1789,42246203,35309238,1923119,711820,4978094,10653371,3390969,4549443,4278233,4249696,1227593,3980914,3894621,1769360,1274889,3151031,21278685,6243603
194,000657,2018-01-30,0.0007849293563579884,0.0,0.3678110290020618,12890.0,56128.83759664307,1200,20257299,17943783,833737,945983,5513612,5404962,4779493,4095971,5020111,5444063,1682103,678044,668115,381824,837580,484704,922548,508232
195,000659,2018-01-30,0.012468827930174564,0.029925187032419087,0.12161839903823667,18720.0,99332.8191678109,1089,22940151,33731175,809033,668912,4418785,5846355,4568241,4738258,4864884,7041755,3768932,5236082,2012588,2008630,1315763,2225173,1181925,5966010
196,000661,2018-01-30,0.017836593785960808,0.024165707710011475,3.953043450502882,53280.0,410485.45255057584,1938,133601182,175723356,26896,33580,8697589,7834332,10688357,10543612,20736838,23217071,9713052,21883889,9498360,10394430,7107017,8542681,67133073,93273761
197,000662,2018-01-30,-0.0006711409395973034,-0.0013422818791946067,0.8242137259378262,11908.0,47632.22887517727,326,4951556,3995315,215744,226211,1066003,1271106,1002854,1172556,1538816,853290,751711,472152,376428,0,0,0,0,0
198,000663,2018-01-30,-0.007870370370370416,-0.04490740740740751,0.6460707021213337,27443.0,90252.32565443541,1121,35608739,15747416,586440,539623,9445356,3809113,10335768,3103540,4426369,3588506,3352766,1199964,2384283,777843,1303112,1306750,3774645,1422077
199,000665,2018-01-30,0.0058083252662148865,0.0058083252662148865,0.40876351526648846,10380.0,41747.976660865344,638,5487944,8202897,613958,488007,1532462,4641052,840022,1050229,1297841,976627,474224,219440,315675,309622,413762,0,0,517920
200,000666,2018-01-30,0.0025706940874037354,0.0,0.5151598113897864,19440.0,81013.69387245778,1425,25639522,30599738,854521,1407832,4098142,11137877,4550167,5426457,5059673,5020358,3156127,2457734,947091,1861237,1363022,924558,5610779,2363685
201,000667,2018-01-30,0.0,0.003076923076922977,0.08538369355720614,3924.0,173165.13091356278,1455,17517580,28363792,1096298,1144960,4044291,4039839,2182526,4002476,3634821,3044261,1653073,2057229,2086016,0,428368,904008,2392187,13171019
202,000668,2018-01-30,-0.006702412868632712,-0.012064343163538882,1.177063288177403,7420.0,54471.96567014962,160,2240111,1804884,145357,127416,385764,682680,0,140220,1159278,278954,236800,230230,312912,345384,0,0,0,0
203,000669,2018-01-30,-0.003714710252600395,-0.005943536404160454,0.4398889411794665,6700.0,88387.91859532148,936,13584788,8763670,685041,1499276,2747236,2779025,2230529,1732534,1608880,1676362,1127252,722867,0,353606,801664,0,4384186,0
204,000670,2018-01-30,-0.003424657534246478,0.001712328767123239,0.15097514481549598,7604.0,60972.24968886588,1498,19201260,15449835,1574863,1460477,6054556,4981974,4043944,3634569,3345759,2502413,2135364,1227358,317070,1029629,0,0,1729704,613415
205,000671,2018-01-30,-0.05463414634146346,-0.03609756097560968,0.17892239820771016,85398.0,424107.17810467794,3295,348759604,351437902,843125,1254740,9349481,11588724,15531372,17936133,33718993,45201227,32436686,34788486,23120554,26728261,25107412,24940561,208651981,188999770
206,000672,2018-01-30,-0.040561622464898583,-0.027301092043681696,0.22299823118769607,47576.0,219335.20072801478,3313,194750098,158695980,1226675,1200330,14909876,14394148,24267964,20615322,37958247,35755967,26330489,18348098,14590718,11118516,15891127,9726837,59575002,47536762
207,000673,2018-01-30,0.0022658610271901747,0.0045317220543807935,0.62036719146008,11934.0,76822.35290094218,455,9296022,5449859,484390,306325,1816248,1680704,1756648,1504962,1479052,932015,915456,0,1432215,340285,411453,0,1000560,685568
208,000676,2018-01-30,0.05485611510791388,0.026079136690647653,0.37461584849032115,10188.0,47203.53937279235,881,8657264,12779642,672182,751866,2895772,4148453,2086956,2798965,1878093,1750449,614405,1771764,0,692780,0,865365,509856,0
209,000677,2018-01-30,0.0025974025974024872,0.0025974025974024872,0.18731384370892737,1930.0,34141.62732049316,422,2903687,2054091,319283,393390,941090,947895,298764,293985,824415,418821,0,0,0,0,0,0,520135,0
210,000678,2018-01-30,-0.018080667593880495,-0.009735744089012566,0.24191756701026615,7120.0,52923.901808605595,883,13459881,7520126,841977,1203904,3084813,2608593,2173087,1537409,2893386,1546464,1884107,251340,713852,372416,1239424,0,629235,0
211,000679,2018-01-30,0.01023391812865504,0.005847953216374213,0.27827826783837245,1729.5,35801.4308109091,604,5342730,4750231,314745,455184,1383480,2034020,1999416,886570,873881,651501,425708,722956,345500,0,0,0,0,0
212,000680,2018-01-30,0.0,0.0,0.1391059580323181,4870.0,49477.36588567917,1222,10005671,12526595,822623,1748003,2863192,2734024,1469285,2661572,2469797,2628238,1992774,465644,388000,312654,0,499662,0,1476798
213,000681,2018-01-30,-0.028235294117647136,-0.040470588235294036,0.46180030730788246,10502.5,77955.85911690099,2120,47561734,28652328,3702400,754528,8872527,7487827,7997522,5793963,9308102,6543499,5532502,3198523,2717320,1009364,2668526,1278315,6762835,2586309
214,000683,2018-01-30,0.0,0.0034129692832762792,0.08807584072360762,8790.0,89673.1567348939,1111,23466922,11046820,1123926,739814,4752430,3411576,3343718,2185014,2797262,2633464,4638489,488431,2505150,666568,422232,921953,3883715,0
215,000685,2018-01-30,-0.0028328611898016387,-0.0009442870632672129,0.27164890947834786,5285.0,94321.7124816416,1520,20679952,14801940,1337609,1102674,3756503,5046515,2853071,4398796,4281267,2406507,1609654,1466232,2013808,381216,422800,0,4405240,0
216,000686,2018-01-30,-0.008752735229759279,-0.005470459518599591,0.20945790006559903,18160.0,164167.85876018452,1905,65349538,61229895,1435084,2115753,6409055,9261140,6454623,10030501,11150311,11257500,6377212,7099286,3534939,5006825,2736059,2590912,27252255,13867978
217,000687,2018-01-30,-0.01869158878504662,-0.008411214953271018,0.39669864470672683,10590.0,50260.31338218603,727,9685451,8529341,489399,649686,3473691,2704700,2316125,1516321,1696866,1769915,1063210,0,646160,765014,0,424000,0,699705
218,000690,2018-01-30,0.0,0.0011086474501107446,0.2616910541276249,17157.0,227061.90111308312,1188,33582065,37765811,1422387,694611,6438659,2860967,7320618,4503570,6270126,7351308,3535541,3364565,2432144,3118985,888828,3080134,5273762,12791671
219,000691,2018-01-30,0.009776536312849249,0.0041899441340782495,0.4662047609482645,7170.0,134186.0083676877,235,7150876,854503,205820,219451,1191569,387641,529010,137147,666747,110264,0,0,0,0,0,0,4557730,0
220,000692,2018-01-30,-0.02237136465324374,-0.020134228187919434,0.22448793889815952,5250.0,48421.19903446463,396,5993434,2674527,275734,453593,1209874,1299976,1021588,683358,1601998,237600,687842,0,685108,0,0,0,511290,0
221,000695,2018-01-30,0.012565445026177846,0.019895287958115127,0.6257908373542458,6814.5,42645.928609501374,232,1990516,1864428,276185,281564,665367,506999,229008,374113,334456,493958,0,207794,0,0,485500,0,0,0
222,000697,2018-01-30,0.0033269961977187013,0.0066539923954371805,0.6378177486734089,14997.5,85821.80939225105,1088,21342855,19238803,578578,957678,5833001,5020858,4340239,3507264,4597429,4558117,2567109,1668700,696371,358680,0,428600,2730128,2738906
223,000698,2018-01-30,0.0033670033670032407,0.0033670033670032407,0.26417388587117546,11324.0,69441.4087373363,505,8643596,7645953,317811,438965,2241981,1842752,1508522,1237889,1313144,997443,736868,1423359,678892,327845,1344198,1377700,502180,0
224,000700,2018-01-30,0.003603603603603789,0.003603603603603789,0.2822004790786601,5565.0,63962.41794516462,386,5463923,3181130,288098,351447,1202900,767989,927273,596416,1005163,353772,783727,728032,0,383474,422763,0,833999,0
225,000701,2018-01-30,0.004048582995951344,-0.0010121457489880026,0.37431687431764266,4945.0,40917.380697031695,696,5380579,6957282,654999,840867,2082869,2121662,1285747,1546943,1119844,1251851,237120,503659,0,0,0,0,0,692300
226,000702,2018-01-30,0.0025974025974024872,-0.0025974025974027093,0.16808642062274187,15500.0,87084.0951085413,2103,51887280,34057623,2036496,1453576,13009136,7537929,10427395,5987815,10702825,6867780,6543244,4716071,3400057,2422063,1359408,1312862,4408719,3759527
227,000705,2018-01-30,-0.002418379685610539,-0.0012091898428052694,0.37139803164311025,4155.0,30225.73259831839,495,5375284,2678020,651107,323323,2113768,1456867,1241330,373414,895559,314500,473520,209916,0,0,0,0,0,0
228,000707,2018-01-30,0.0,0.009090909090909038,0.27681803780789244,8824.0,48048.18022485393,394,5943579,4707160,269616,446967,1453497,1439310,1209726,1197359,2410126,482656,217800,790518,382814,350350,0,0,0,0
229,000708,2018-01-30,-0.004173622704507607,-0.009181969949916602,0.3791689054487477,13090.0,79334.00706584209,998,23463946,14834365,827680,679435,5041499,3702297,3805427,4044986,4577576,3461994,2415905,1232083,1010493,355200,1249550,1358370,4535816,0
230,000709,2018-01-30,-0.021531100478468845,-0.014354066985645786,0.07675806264006567,17430.0,385670.2360125056,2986,216807517,120402529,2255601,1577335,14322355,9413818,12552240,10948460,16087883,16389736,10498330,9011102,8932186,8060065,7002467,6902747,145156455,58099266
231,000710,2018-01-30,-0.00781598928092897,-0.006029477445288145,1.3366130393716806,13449.0,53857.88701660574,1123,21505553,12111699,1270593,1221983,6433354,5013483,3873675,3458917,4104176,1221906,2490723,1195410,386280,0,1758002,0,1188750,0
232,000711,2018-01-30,0.019565217391304346,0.0014492753623187582,0.47968406310703277,12294.0,52030.12344306283,827,10710463,11138915,797650,525696,3963199,3437883,2587117,2952711,1525590,2927106,551219,438574,0,322848,420728,0,864960,534097
233,000712,2018-01-30,0.020543806646525775,-0.0006042296072508169,0.5010043505187364,16440.0,106856.67032628655,1091,29445732,22881623,829283,1060437,3884672,4371221,4397419,5009232,5470863,6595381,2805513,2263772,2780044,2437195,972573,416185,8305365,728200
234,000713,2018-01-30,0.0015015015015014122,0.0015015015015014122,0.364474609321334,5328.0,39402.22558656738,333,3579437,2894238,194118,276211,1019123,961641,736312,720227,1030484,693312,266400,242847,333000,0,0,0,0,0
235,000715,2018-01-30,0.012448132780082943,0.012448132780082943,0.3302740989013859,16405.0,118860.94888271957,852,23153363,22275342,628217,816941,3021215,3591394,3770250,3763680,6001372,5494619,1588025,3755955,1385119,1698679,860440,1787076,5898725,1366998
236,000716,2018-01-30,0.009208103130755152,0.009208103130755152,0.14539040733318578,8280.0,99770.50065169345,1397,18573849,27971866,1283409,1032087,4595975,4203770,4181475,5661226,4380130,6660491,1735462,2093303,1092630,1004317,458983,1350979,845785,5965693
237,000717,2018-01-30,0.0036231884057973396,0.007246376811594235,0.14848044739912397,47850.0,360346.17991109996,3115,231547357,259440763,1494444,1252779,12275075,14066048,17939149,17454006,33070248,26891927,24635386,23478659,17497926,14993358,19915367,17066672,104719762,144237314
238,000718,2018-01-30,0.0,0.002044989775051187,0.11274593585463602,13664.0,129390.48713421774,1887,54336874,46415859,2429042,1513471,7749071,7971962,5438767,6898273,8485807,10065507,8087622,6526245,3569288,3963787,2710645,2888257,15866632,6588357
239,000719,2018-01-30,-0.001052631578947305,0.001052631578947416,0.30600877741608046,3808.0,43849.70841729219,964,5501372,5105239,915314,1605248,1521459,1518297,600384,628063,916436,397437,216828,0,760951,0,0,0,570000,956194
240,000720,2018-01-30,-0.04761904761904767,-0.04554865424430632,0.10467287913608654,13919.0,215617.33704495174,2139,76499121,52680674,1468498,2440144,7880356,10356248,7741788,8402738,8327501,8175627,5960920,3361104,3097592,1946751,3251131,1384352,38771335,16613710
241,000721,2018-01-30,0.0018450184501843658,0.0,0.2680896425090075,5400.0,33646.572194303335,408,3878573,3025400,381467,314553,1361671,1271127,1134186,414954,732288,629641,268961,0,0,395125,0,0,0,0
242,000722,2018-01-30,0.0010845986984815426,0.0032537960954446277,0.48467679142450004,10153.0,34342.282754579195,361,4773721,2766050,485971,314134,2026792,1735543,730121,169126,748440,547247,462693,0,319704,0,0,0,0,0
243,000723,2018-01-30,0.004566210045662045,0.0,0.19313242934788444,4627.0,67569.37369145424,1159,15631105,16087609,936747,911210,3670629,2952405,2063847,2813523,2620334,3867201,2089012,1476992,3399203,1676286,851333,1395912,0,994080
244,000725,2018-01-30,0.004966887417218624,0.0033112582781456013,0.10084425873084533,294395.0,1575251.4651559251,3601,1101347449,1773629643,24879,113242,3449996,4841670,11518500,18491736,37513238,61968004,42009579,68992468,44562630,65641610,32827452,60369331,929441175,1493211582
245,000726,2018-01-30,0.005494505494505475,0.0064102564102563875,0.35795660955996883,5515.0,68705.04566929974,930,8575131,11621552,251576,2189776,1875260,3011759,1362747,1627019,2399835,951328,861871,867715,726642,329100,439600,431340,657600,2213515
246,000727,2018-01-30,-0.012295081967213073,-0.008196721311475419,0.05767940622450693,4870.0,100332.1010939626,1812,26174494,18276828,1781762,1254442,4473544,4558620,2439391,2819802,3994829,4550630,2990092,744878,1413639,741441,1937948,490000,7143289,3117015
247,000728,2018-01-30,0.002669039145907437,0.0,0.23654128850807923,22440.0,159385.7992473345,2259,78857323,77087719,1098753,1444896,8558368,11652787,7828935,12008114,16922451,16388307,9296701,9431830,7283476,5407642,5683906,3587981,22184733,17166162
248,000729,2018-01-30,-0.01059602649006619,-0.014569536423840956,0.17428906747208708,13518.0,163871.64465477553,1880,62643358,44394158,1586832,1974499,7055419,8964322,6074547,6131809,6850104,6223493,4192653,4066288,2462950,3865222,3024863,3686873,31395990,9481652
249,000731,2018-01-30,0.011523687580025754,0.008962868117797784,0.2278341197658295,15700.0,105512.6930996682,1175,27435867,35065480,1220183,760017,5124158,4482118,5135586,5959528,4239913,8270699,3458148,6174622,2675143,1486380,496640,2598719,5086096,5333397
250,000732,2018-01-30,-0.052659433712622494,-0.04154538237629002,0.6615975527300562,90168.0,570103.3687194794,3271,465968041,337236695,908040,546206,12638828,9539072,16228739,15156156,35084128,31211219,43660425,28932630,39747915,24922215,28242279,29634432,289457687,197294765
251,000733,2018-01-30,0.00888230940044421,0.009622501850481191,0.546196339818074,13600.0,44400.82931344493,611,8302261,8347593,456006,640175,2698221,3397993,1426163,1545967,2352696,2060546,924837,293112,0,0,444338,409800,0,0
252,000735,2018-01-30,-0.02083333333333326,0.0010416666666666075,0.16836221406877014,71603.5,415615.11969287065,3264,312610883,312408316,1264269,1008820,12585231,11251033,17570617,15923277,38855398,42224751,31897031,31140078,24414737,23987419,19493795,18111565,166529805,168761373
253,000736,2018-01-30,0.05454545454545445,0.05681818181818188,0.5305567133855368,18600.0,107543.01506139377,1104,27521350,30260707,789179,969979,5622793,4286848,5171362,4931865,5126938,6692882,2007952,2262401,3209946,2768423,480590,1764507,5112590,6583802
254,000738,2018-01-30,-0.0007037297677693344,0.006333567909922566,0.43737061254352183,12879.0,59113.383460084406,1055,16482728,16012668,914612,1214241,4447684,5261247,2737048,3025425,4610492,3441898,1899850,1141702,1015786,385830,857256,0,0,1542325
255,000739,2018-01-30,-0.005008347245409106,-0.0033388981636061077,0.20605830570314917,7800.0,44559.28480235117,845,11819462,5950847,801994,608627,3476495,1920931,2317549,1087750,2805978,973217,2074275,517042,343171,0,0,843280,0,0
256,000750,2018-01-30,-0.003906250000000111,-0.001953125,0.12744371116154293,10160.0,142495.26909658746,1617,40689659,32018253,1023519,1761739,4298233,7586136,3278442,4796389,4292869,5516361,5800488,3675716,1756049,700322,2268809,894852,17971250,7086738
257,000751,2018-01-30,0.021937842778793515,0.01645338208409508,0.09943756308680991,51005.5,254633.29432241333,3038,183154654,227040255,1057650,1390640,12815375,11733658,16954585,20722328,26024875,31494379,25432114,28858697,17844218,17525577,16310208,16090596,66715629,99224380
258,000752,2018-01-30,-0.0015649452269169695,-0.0007824726134585402,0.7611191642500373,6390.0,43080.77479921927,281,2543929,1761899,280933,303257,966917,673990,459668,601898,0,182754,213259,0,0,0,0,0,623152,0
259,000753,2018-01-30,0.0025510204081633514,0.0025510204081633514,0.1572807831337569,12183.0,115086.95047737053,621,18625090,12153907,540958,440323,2844963,2794870,2273154,2323360,3549219,1332386,1457048,487797,3914792,2141415,477750,440553,3567206,2193203
260,000755,2018-01-30,-0.013093289689034338,-0.00327332242225864,0.23757688342291725,8805.0,90399.15974804648,663,13927748,8495624,475832,682041,2232835,2689513,1602978,1819613,2830045,992681,1402181,0,1097196,659300,0,402084,4286681,1250392
261,000758,2018-01-30,0.02127659574468077,0.01823708206686936,0.1386947279117115,20040.0,207414.23689523,2255,68528506,107631444,1704165,1444019,11154544,8798565,8929175,10720668,14673078,14324794,7531220,9094801,5691378,8401207,4444237,2713448,14400709,52133942
262,000759,2018-01-30,0.02683780630105015,0.031505250875145885,0.1982402987736326,18123.0,121616.39954233626,1871,45656622,71174813,1371022,1867897,5955667,9253875,7054096,9316683,11133408,11933255,5590059,12175218,4703595,5843037,4403009,5841247,5445766,14943601
263,000760,2018-01-30,0.01971326164874565,0.017921146953404854,0.24156568010114937,6780.0,39696.6496381015,533,4686933,6092451,505463,506343,2242868,1981684,901358,1450405,749551,1057290,287693,549244,0,0,0,0,0,547485
264,000761,2018-01-30,-0.021001615508885463,-0.022617124394184285,0.11605736402729887,33495.0,429617.3318914236,2858,210152914,150261425,1897631,1118824,16118514,9114682,13717429,13025409,19906399,22840791,15146620,14620461,15944887,13988472,9687671,8392952,117733763,67159834
265,000762,2018-01-30,0.000652315720808927,0.0,0.3210204453270801,29250.5,218796.4778718063,2282,80801187,111853675,1199397,1522137,11026610,12048191,10814060,12590790,16339761,16840131,8341630,12165090,5831585,9056213,5751076,8577424,21497068,39053699
266,000767,2018-01-30,-0.00666666666666671,-0.009999999999999898,0.13195772063266825,3564.0,106834.66887122297,517,10846857,3531483,587313,358761,1290518,1069655,1207069,634732,1946134,542924,1487781,547033,304980,378378,0,0,4023062,0
267,000768,2018-01-30,0.004968944099378758,0.006832298136645987,0.3975567745831458,16140.0,108482.21496382351,1640,40394927,39073719,1363385,1702283,6463524,6671119,8970678,6884697,8416188,6527470,3967893,3443941,2149621,3750820,3043961,2999385,6019677,7094004
268,000776,2018-01-30,-0.023076923076922995,-0.015384615384615441,0.3375281885511508,102157.5,482895.56641640665,3340,445099728,333283462,750905,673743,9593633,11469391,18692237,19034325,44287320,37724584,52731333,42567042,31048533,30573752,33530284,24459383,254465483,166781242
269,000777,2018-01-30,0.011867582760774376,0.0056214865708932304,0.46452775498902427,16020.0,116461.49403029773,1188,30694329,25212617,1073695,1016241,5036866,5619888,4179026,5431269,5647690,4340965,1880240,2163358,3901742,1006300,1244421,1386175,7730649,4248421
270,000778,2018-01-30,-0.009041591320072317,-0.009041591320072317,0.12297453180911408,6061.0,193614.86781507594,2027,54766049,42519356,1564907,2316181,5599009,5135507,5240027,4912361,7517909,4983809,4537174,5100924,3891924,2090842,928518,462023,25486581,17517709
271,000779,2018-01-30,0.022535211267605604,0.014084507042253502,0.5140064799460149,14520.0,87242.77041313783,763,17731085,15980132,512534,589051,3393813,3442528,2927898,2714103,4394212,3222578,1794550,3027849,997314,710641,850892,438000,2859872,1835382
272,000780,2018-01-30,0.005769230769230749,0.009615384615384581,0.17856872339881247,9918.0,68723.51837587034,848,11798858,15005436,593006,656938,2288871,3038035,2405815,3620863,3017302,2939109,1888506,2427981,1079358,691072,0,0,526000,1631438
273,000782,2018-01-30,-0.005479452054794498,-0.001369863013698569,0.4288167125280119,7320.0,35889.66285222175,289,3115726,2084261,170769,290654,1257328,866036,552801,517111,726420,208335,0,202125,0,0,408408,0,0,0
274,000783,2018-01-30,-0.009708737864077666,-0.008495145631068013,0.17069029353359824,22973.5,156406.85166516766,2334,87871324,54055520,1173065,2102674,14744007,11469630,6792032,8914741,10434856,8179278,8399790,5303185,6559931,5335106,5917751,908847,33849892,11842059
275,000785,2018-01-30,0.008780487804878057,0.013658536585365866,0.3199629661932005,12378.0,49512.0396468617,1026,12122492,15859964,754191,749057,5169627,5353103,3241118,3700454,2231281,2136101,0,1266948,726275,633796,0,1317675,0,702830
276,000786,2018-01-30,-0.033530571992110514,-0.01854043392504945,0.4422367331919969,57994.5,229650.14153666302,3290,221195939,193311804,820019,1249820,11827848,15320238,22891970,24507758,35803415,37114832,29009535,25913024,23315939,15301761,18798797,7484338,78728416,66420033
277,000788,2018-01-30,-0.007299270072992803,-0.0024330900243311193,0.3867314539786912,8200.0,45300.941449551574,451,5161853,3927900,391545,650119,1655060,1539837,1076656,876762,1153404,529082,204999,0,0,332100,0,0,680189,0
278,000789,2018-01-30,-0.06995230524642293,-0.050079491255961894,0.21706650929498375,79105.0,366951.58170594904,3371,364471198,245572929,800609,790350,12064620,11881808,23675799,21083722,49761935,39512964,38975080,31616832,23823105,26768895,24361756,17807771,191008294,96110587
279,000790,2018-01-30,-0.008522727272727182,-0.005681818181818232,0.30824918907312715,9884.0,98468.86831314521,521,12144346,5397884,390229,547277,2042778,2305121,2420102,559964,1594712,783709,1899522,285307,356300,349888,0,0,3440703,566618
280,000791,2018-01-30,-0.0076142131979695105,-0.0076142131979695105,0.21598974260657283,12544.0,169211.08690965592,1332,31798570,21999565,1214349,1484281,6896474,4863408,5803734,3623434,6555692,3031528,1705391,1494350,1676929,352560,1711738,468418,6234263,6681586
281,000792,2018-01-30,0.0055710306406684396,0.012534818941504211,0.26274680627385705,48246.0,336036.3934179655,2990,209040538,195908733,1217097,1167671,13120870,12425974,18078467,16926498,31232840,33761252,21414200,21834658,18961665,21481777,13494622,12520547,91520777,75790356
282,000793,2018-01-30,-0.017894736842105297,-0.015789473684210575,0.2339394880743242,39510.0,614762.2552797518,1665,101206820,245506002,1178927,980946,6557823,4877406,8027729,7141165,12973387,11340680,11911258,10939409,8824572,13455100,9104038,9920901,42629086,186850395
283,000795,2018-01-30,0.0,0.0016891891891892552,0.20387231717670595,7722.0,61193.1774875018,843,12219101,9461420,786886,778955,2902910,3325898,1326753,1917465,2170711,1589048,1664988,745762,693217,681364,1368644,422928,1304992,0
284,000797,2018-01-30,-0.009514747859181716,0.0,0.38804615007454973,9432.0,54709.26571622524,733,11072815,7774005,619188,543026,2900572,2336582,2136524,1583758,1799364,1846811,1458812,675154,663618,313632,461035,475042,1033702,0
285,000798,2018-01-30,-0.0011148272017836858,0.0022296544035673715,0.4036767245996903,7192.0,32980.21441067717,493,3505959,5274998,595669,645209,1585495,1426894,572678,1651803,752117,966403,0,234859,0,349830,0,0,0,0
286,000799,2018-01-30,0.0004070004070002575,0.0,0.4870223056410038,14874.0,98350.18500087193,2546,55651012,60399613,1451235,3387563,10095888,12332231,9413202,9536694,11163732,12922190,9696629,8113502,3747124,3949367,948950,879900,9134252,9278166
287,000800,2018-01-30,0.0,0.01526717557251911,0.2507234493134396,32292.0,172415.10478808175,2213,86230325,103206849,919563,1210118,9587817,11292730,12454165,12663771,16761691,21558513,10753901,13126799,7515832,7585191,5060421,4080758,23176935,31688969
288,000801,2018-01-30,0.02900763358778624,0.0015267175572519776,0.14996996229747275,15816.0,76583.25577787874,1911,40125671,41881486,1604492,1490716,9136778,7808563,9013640,8035294,9514376,10473397,5034448,4159255,1983362,3899481,896752,2592955,2941823,3421825
289,000802,2018-01-30,0.0022505626406601476,0.005251312828207011,0.4340000958142833,13420.0,68829.2614187651,943,15256756,13860981,950623,788570,4197413,4310703,3565563,3485045,3167230,1739304,1373128,946353,966628,0,474055,465405,562116,2125601
290,000803,2018-01-30,-0.012522361359570744,-0.007155635062611854,1.9635443646545978,13212.0,84452.8293072038,129,1393986,2358264,93128,82220,564178,526059,260892,334252,475788,303233,0,224500,0,0,0,0,0,888000
291,000806,2018-01-30,0.006521739130434856,0.006521739130434856,0.18764894246374647,33408.0,574817.0444205393,2411,125553289,153952391,1162382,1417361,14232093,10974750,18799727,13952405,15364071,13236171,10006998,8189243,7585312,4431844,5934067,3952181,52468639,97798436
292,000809,2018-01-30,-0.0055248618784530246,-0.002762430939226568,0.20567140757409041,7964.0,89281.28794951722,309,7479626,3597956,159044,339844,1103739,1353484,761251,440884,857641,701117,475800,0,1003714,762627,1247697,0,1870740,0
293,000810,2018-01-30,-0.008450704225352101,-0.008450704225352101,0.3048318087269929,7050.0,39601.75642986391,542,7602940,3019277,582930,650775,2709842,1456470,1463133,417364,1508361,280956,224960,213712,659414,0,454300,0,0,0
294,000811,2018-01-30,-0.00990099009900991,-0.008663366336633671,0.38702937462322484,9660.0,233275.6314537403,435,19737224,5119509,555248,386278,2170336,1154318,1274977,886746,2767165,596822,1740781,219765,1363997,320000,978470,0,8886250,1555580
295,000813,2018-01-30,-0.0034924330616995514,-0.0011641443538998875,0.38894644448244436,9471.0,40767.508901097994,487,6241354,4659490,482321,548734,2075804,2271987,1212230,455368,1964459,873320,0,510081,0,0,0,0,506540,0
296,000815,2018-01-30,-0.0025856496444732757,-0.004524886877828038,0.6082918118825495,10780.0,36576.05091922166,647,8137738,6065064,546180,616535,3401176,2276966,2279925,986750,950013,1798022,960444,0,0,386791,0,0,0,0
297,000816,2018-01-30,-0.02777777777777779,-0.01736111111111105,0.07851551515890841,5760.0,175155.74440565714,1354,31014279,16970431,1147848,1296165,4400391,4654101,3035702,2223544,2386976,1926678,5827848,951049,1053247,1477797,902018,485317,12260249,3955780
298,000818,2018-01-30,-0.018110236220472364,-0.013385826771653564,0.3476567857763179,20080.0,166029.12177094442,1335,40508234,44931505,647290,1028884,4613265,6900607,4785991,7660129,8634822,8299490,5054856,4159640,6133524,3089789,3099249,1865739,7539237,11927227
299,000819,2018-01-30,0.021946564885496178,-0.005725190839694694,0.31606800885921976,10550.0,81103.93746465439,1101,18420727,15807578,602954,1145376,4205123,5356518,3505518,2962707,4661177,2750704,1388205,664070,384254,1135490,1282916,0,2390580,1792713
300,000820,2018-01-30,-0.05638665132336018,-0.04372842347525885,0.3209574083016186,38962.0,155496.53940189295,2935,133971721,115947294,917904,1670434,12148754,15147193,24409837,17542008,27814505,28174943,14867786,18036714,15132024,8778063,6785262,5391197,31895649,21206742
301,000821,2018-01-30,-0.01273344651952446,0.0016977928692700761,0.41956452449982434,10620.0,57294.24665459949,788,10373885,10929892,876549,646058,4096550,2779932,1908980,1644392,2186105,1864242,513809,204400,335216,1062093,456676,2228455,0,500320
302,000822,2018-01-30,0.013333333333333197,0.018888888888888955,0.1839446542834916,19320.0,91888.65774750257,2397,54783072,55034654,1916482,1687016,13461446,11143067,10851950,10948440,12653316,12357537,5599187,7907033,1987962,3063356,1365387,1850782,6947342,6077423
303,000823,2018-01-30,-0.01976935749588138,-0.014003294892915963,0.29943609941163407,24040.0,122151.3658016027,1650,44715230,50058524,822434,1425504,8854212,5253367,4326421,6535230,7384565,14200137,8631224,7613323,1780260,3896328,5616505,1397955,7299609,9736680
304,000825,2018-01-30,-0.009661835748792202,0.0032206119162641045,0.10415089593184212,155237.0,2850976.0278860587,3574,1058727436,1213923515,465140,686679,7788525,12115034,16210133,21398902,40683717,44325479,28263042,40362910,31497287,36037067,25001586,33429258,908818006,1025568186
305,000826,2018-01-30,-0.0009581603321621168,-0.0025550942190992743,0.9275750344086636,15580.0,141520.4797278931,1139,30937439,26860867,881589,1255460,5588829,4707688,3471544,3962267,3675246,4087541,2804376,1817771,3455070,1394728,1725821,404968,9334964,9230444
306,000828,2018-01-30,0.006086956521739184,0.0008695652173913437,0.42311400065062943,8081.0,61015.63745895528,738,8428410,9993843,695379,478067,2491044,2827110,1465998,1475436,1110137,2493419,949208,1010597,0,713849,823910,460000,892734,535365
307,000829,2018-01-30,0.019933554817275878,0.01661129568106312,0.2960524955558894,4585.0,56314.1840505611,930,6625503,11581399,1063179,881863,2544500,2900587,1392763,2586223,1184824,1778071,440237,820765,0,386057,0,466783,0,1761050
308,000830,2018-01-30,0.07827698008337203,0.05743399722093545,0.3633180649140921,137250.0,731800.3343359208,3535,478308687,683595226,414143,542831,8161399,11744656,16995278,21537771,42704675,51154223,36292277,46223958,36616225,53097639,37657430,40421860,299467260,458872288
309,000831,2018-01-30,0.0025751072961373023,-0.0008583690987123971,0.31848193874414044,16310.0,86782.554617928,1338,31864399,26024643,948891,1138361,6613640,6153317,6674374,5427367,6288383,6058569,3386691,2282130,2354959,1064336,1316414,842319,4281047,3058244
310,000833,2018-01-30,-0.02017291066282434,-0.02017291066282434,0.24277869874432628,10125.0,96101.73460543252,817,15512098,6759125,687724,933095,3407048,3311430,3617711,864341,2511241,560261,651187,471458,341000,0,456951,0,3839236,618540
311,000835,2018-01-30,0.004907975460122671,0.0024539877300613355,0.36202708057668925,8150.0,46761.44124833499,506,7479850,4369353,431539,502060,2534177,1462790,1668473,575656,1428513,756211,1417148,216790,0,319576,0,0,0,536270
312,000836,2018-01-30,0.10485436893203892,0.10485436893203892,0.09275506390258098,38597.5,667778.1565192807,3102,260008636,184722831,1482892,1419107,13780921,12895354,18488508,15558183,30247471,26898527,21699946,22853650,14078459,14984033,8239568,13039138,151990871,77074839
313,000837,2018-01-30,0.0016722408026754731,0.0033444816053511683,0.25839226240684293,6010.0,37416.58488367129,535,5878678,4697118,447581,552900,1441137,1298952,2374297,1264399,1132859,1158767,482804,0,0,0,0,422100,0,0
314,000838,2018-01-30,0.025510204081632626,0.025510204081632626,0.16287982369395598,11880.0,87573.045751532,1305,15780748,21093885,1191371,1096062,6166247,6157903,2958887,3737887,2776223,3347866,1548014,1101147,690168,1391162,449838,850786,0,3411072
315,000839,2018-01-30,0.0045045045045044585,0.0022522522522521182,0.1664048394575575,32893.0,230242.0938231695,2851,131461202,173909619,1970064,1848159,12703958,12795651,15572350,14173602,21755179,25461066,14707170,17483973,10725998,14057395,11339165,14106398,42687318,73983375
316,000848,2018-01-30,-0.010880316518298683,-0.0059347181008900796,0.22827434628803828,7077.0,79909.96343128268,1967,24735472,18824193,3338120,1183403,5726888,8839692,2341347,2662437,2347302,2351945,2724408,274725,2100786,714159,1309182,889624,4847439,1908208
317,000850,2018-01-30,0.002178649237472685,0.002178649237472685,0.26507038737849586,5038.0,47768.684143382896,299,3207048,2511120,442948,275046,1126644,728214,467930,347631,349396,622461,498130,0,322000,0,0,0,0,537768
318,000851,2018-01-30,0.02088167053364276,0.010440835266821491,0.30819557157445676,16951.0,80926.40957127517,782,12596550,17067925,606791,757480,3798341,4472926,2603549,3089015,2939271,2750425,831079,2624346,396676,0,434999,437000,985844,2936733
319,000852,2018-01-30,-0.006972111553784743,-0.003984063745019806,0.2989668194748778,12096.0,79144.0958405785,1128,23418058,15737867,1083141,865480,5697580,4729182,4785822,2687832,5014874,2507203,2262344,689482,1322946,657922,466784,416228,2784567,3184538
320,000856,2018-01-30,-0.02489626556016611,-0.026279391424619658,0.4382090564752767,29694.0,116712.43841279439,2451,93803069,66537212,1013214,1373146,11814924,11717380,14697932,14329888,23754759,15672959,14488523,11428121,5682814,3190456,4518326,1783569,17832577,7041693
321,000858,2018-01-30,0.0036991368680643344,-0.0018495684340319452,1.3571259794442836,304547.0,1628772.718253955,3572,1189742895,1182691097,89979,122423,3336909,4342086,12278988,15271333,43403041,40255978,48544270,51910079,42787449,54356261,47373084,47187862,991929175,969245075
322,000859,2018-01-30,0.014423076923076872,0.014423076923076872,0.21129711047582336,4210.0,38903.215990620054,387,3657998,4313198,364528,311820,1382557,1175622,739634,1131785,745838,997209,425441,696762,0,0,0,0,0,0
323,000860,2018-01-30,0.021553884711779325,0.017042606516290748,0.4045636151343604,4028.0,52774.83878523924,2433,16423954,33063201,769536,4759162,4788721,8236063,3300745,5014592,2576497,7416727,2096070,3220324,998468,1100716,841391,477663,1052526,2837954
324,000861,2018-01-30,-0.0032679738562092497,0.0,0.14284534654066416,2464.0,38245.56256562279,459,4330556,2546239,479021,311049,1069021,878589,618643,429326,553376,927275,693419,0,917076,0,0,0,0,0
325,000862,2018-01-30,0.006833712984054774,0.002277904328018332,0.1348742805567977,4420.0,36010.53733812917,1060,6158732,5604133,2015945,1001531,1217718,2029539,525679,980237,674857,423208,756187,0,0,675782,465426,493836,502920,0
326,000863,2018-01-30,0.01964636542239706,0.015717092337917515,0.21020341011099294,12360.0,50917.996406177685,586,5389928,11142244,317536,535882,1848901,3025174,1947201,2697273,667564,2340141,265221,1219269,343505,321574,0,412000,0,590931
327,000868,2018-01-30,-0.00613496932515345,-0.007361963190184118,0.17226280361727764,16300.0,116463.26017021929,2241,57950368,48609671,2156594,1824157,11606864,9376082,11581278,9294146,10800443,7920307,4988459,5733240,2941105,3016271,3453792,2163318,10421833,9282150
328,000869,2018-01-30,0.0031762837480147077,0.0037056643726840477,1.2623849815736952,15200.0,75606.89502706254,895,19808541,15091937,666278,731001,4791860,4570210,3437887,2592268,3690529,3448616,3312707,1320558,2042111,337398,0,0,1867169,2091886
329,000875,2018-01-30,0.0,0.0,0.11500778564020327,7240.0,75622.43034568803,993,9296725,9778230,2324763,699895,2146933,2932992,1913733,1114392,1628154,1938004,240306,246241,1042836,0,0,0,0,2846706
330,000876,2018-01-30,-0.02130177514792897,-0.016568047337278013,0.15289706943895431,16820.0,217669.83637299397,3062,141658330,81540957,2835820,1711148,13227981,9911022,15149559,11014803,21624912,14939633,16361354,9175066,6500030,5498756,10659344,6573401,55299330,22717128
331,000877,2018-01-30,-0.02559576345984116,-0.02118270079435125,0.21724793006808021,28150.0,169481.99370865893,2722,127863030,93056348,1309216,1519950,13403731,12975047,13237811,13829329,20950258,19889818,15399996,14708623,9899992,5906766,8729313,8925379,44932713,15301436
332,000880,2018-01-30,0.005417118093174356,0.005417118093174356,0.5330846017533059,3704.0,34355.075229688555,299,1844941,2926925,348451,300767,821261,897906,536929,524651,138300,651081,0,201736,0,350784,0,0,0,0
333,000881,2018-01-30,0.00746268656716409,-0.00223880597014936,0.3864994826181423,13385.0,59977.81095706403,1202,20216160,16998283,865136,1064873,5860241,6338861,3967431,3858027,4703225,3979807,918535,1264100,1707688,0,0,492615,2193904,0
334,000882,2018-01-30,0.01655629139072845,0.01655629139072845,0.08699914897677377,10197.0,150984.64248228614,1210,26291346,38829022,846533,1221784,3253064,4719381,3428626,4582452,4782125,6417084,3421191,3140389,2220619,4526633,925553,1826955,7413635,12394344
335,000883,2018-01-30,-0.002109704641350185,0.0,0.11114407592086853,5225.0,65471.194169068,1824,18519632,13865187,1912878,2851965,4505512,4403477,1994535,1530309,2821322,2257996,1679682,756663,0,365454,1374538,497889,4231165,1201434
336,000885,2018-01-30,-0.03764705882352948,-0.009411764705882342,0.38937049506699134,21944.0,96932.86362154082,1907,59962088,33566486,1183645,1408472,12288843,8602432,11471732,8064504,10104258,8616726,7380810,3817850,3083886,1003365,4918782,866233,9530132,1186904
337,000886,2018-01-30,-0.0026075619295957697,0.0026075619295959918,0.1845546385615595,25776.0,194073.60398435453,1730,89950983,64881441,1189827,1143772,7556388,6783794,8553326,9882147,11604922,12367675,8660034,6810418,11012793,6021300,6238429,5227711,35135264,16644624
338,000887,2018-01-30,0.0034863451481697005,0.0,0.5799219453347021,13804.0,56882.73262538001,880,15005743,14593207,825997,705258,5492582,2958715,3082206,2169921,3273633,5230558,446283,1660591,1438622,1349164,446420,0,0,519000
339,000888,2018-01-30,0.00871248789932233,0.004840271055179146,0.46064472772572257,3105.0,45086.546544352466,502,3561556,4463055,404738,367636,1250851,1452643,959971,441282,738996,376694,207000,712096,0,0,0,0,0,1112704
340,000889,2018-01-30,0.012608353033884967,0.005516154452324784,0.539401205008133,7596.0,137488.01340351746,553,9234577,16744770,706338,201589,1849829,1626660,1227617,1819026,885462,1498790,0,714140,2062030,3238715,1306041,0,1197260,7645850
341,000890,2018-01-30,-0.005856515373352855,-0.008784773060029338,0.21402200525184542,8112.0,92050.11124192266,1019,18971918,13580451,1356679,585689,4990083,2450669,3313008,2222578,3547263,2278287,425226,1398986,1716697,656559,489448,0,3133514,3987683
342,000892,2018-01-30,0.0,-0.004761904761904856,0.3765259417805777,9240.0,73559.91816379651,497,8110208,6750670,695437,405045,2430453,1707040,1670642,1524278,1800876,666200,0,0,0,0,840000,873579,672800,1574528
343,000893,2018-01-30,-0.014473684210526194,-0.022368421052631593,0.29530185517239455,13356.0,235929.61756937954,662,12308254,30924548,538711,610463,3865785,1979334,2093853,802207,4066996,1704794,0,493144,0,4077595,0,0,1742909,21257011
344,000895,2018-01-30,0.010661764705882426,0.008455882352941257,0.4975086108989147,16446.0,158720.5906285234,2995,89504277,92569513,1953844,2669359,12994450,11546875,8122823,12175946,14320482,10933733,17106571,13407706,18915950,12479602,2537492,2720024,13552665,26636268
345,000897,2018-01-30,0.008333333333333304,0.008333333333333304,0.1068724623097006,6992.0,58603.730104905444,1138,14081073,17499113,1125069,899692,3560222,4584236,2334075,2418784,3415424,4034961,1261359,3387972,717764,1744638,0,428830,1667160,0
346,000898,2018-01-30,-0.035567715458276306,-0.028727770177838563,0.13225373227501336,36000.0,327055.06262314814,3066,189050110,174554351,1263969,1339635,12319221,23757787,12725750,18210227,22944278,27516551,18291613,16603711,12518217,15774673,8824533,12068319,100162529,59283448
347,000899,2018-01-30,-0.0212389380530974,-0.01592920353982319,0.1548399192774214,5049.0,55451.33807534654,1333,14474564,3394619,4646809,425170,1851155,1234543,1227878,835695,1371063,669727,706000,229484,313034,0,0,0,4358625,0
348,000901,2018-01-30,0.002686968204209661,0.003582624272279622,0.6386637849684952,17960.0,97902.7966667472,1222,26142298,20776666,565452,1009497,6062200,7767806,3838967,3614421,5303347,4317908,3442092,3075198,2004514,371910,932820,0,3992906,619926
349,000902,2018-01-30,0.015544041450777257,0.02072538860103612,0.3003514832897229,6860.0,41954.79675375401,1033,6411128,11289386,1089680,1747621,2762652,3472922,1050926,1657120,1297702,1011485,210168,1189105,0,697201,0,414800,0,1099132
350,000903,2018-01-30,-0.0029325513196482023,-0.0058651026392961825,0.14700567231887185,6810.0,58415.790553852334,538,6404289,5853405,438278,500757,1669216,2161344,899123,960351,1104990,1494380,714722,225060,679000,0,0,0,898960,511513
351,000905,2018-01-30,0.007497656982193179,0.0,0.4081067428150141,10730.0,77074.88035936283,683,13021603,7163715,715671,512481,3442743,2494349,2165279,1608978,2448753,1765631,968064,247776,0,0,0,0,3281093,534500
352,000908,2018-01-30,0.003389830508474523,0.0016949152542371504,0.2639385054981551,2950.0,29433.737990477213,499,4009795,3120000,244246,455539,1316100,1034862,848822,1203443,1359317,426156,241310,0,0,0,0,0,0,0
353,000909,2018-01-30,-0.010858835143139345,-0.0049358341559724295,0.4967328566204139,6114.0,31829.665530104383,415,5381111,2101277,344943,382013,1437988,1103533,1484476,615731,1600032,0,202200,0,311472,0,0,0,0,0
354,000910,2018-01-30,-0.03877221324717284,-0.03634894991922466,0.59829137135275,23795.0,209297.60108967905,1720,92897773,40152026,1257454,1212519,7099945,6220978,13121808,7765653,12328137,6256477,6377306,3081329,3499876,2048192,4592826,2249825,44620421,11317053
355,000911,2018-01-30,-0.041294642857143016,-0.041294642857143016,0.22803301400675716,11401.0,69421.18656498018,1545,27713965,20942215,1076574,1909687,5797329,7999780,5610303,4235313,7256333,3065058,3538647,952317,1808513,0,1756267,435160,869999,2344900
356,000913,2018-01-30,0.019943019943019724,0.014814814814814614,0.868110211697235,14432.0,195004.18237409904,408,13725514,8089055,235528,393438,1477309,1495072,1908148,1678602,1614665,2394658,216000,447049,701014,0,0,497750,7572850,1182486
357,000915,2018-01-30,-0.0050000000000000044,-0.006538461538461604,0.7728443807445203,18158.0,106234.71044654727,1132,38251231,28835242,925618,741798,3657610,4703427,4699017,3956441,6829083,7710982,14041809,3164059,2489928,2964152,431295,409613,5176871,5184770
358,000917,2018-01-30,-0.0023068050749711633,-0.0023068050749711633,0.27425940425703915,13824.0,116134.44804382179,999,27533890,18966248,754071,979433,4356322,4364493,3628728,3267497,4731319,4200922,2959333,1195234,3891838,1371232,866000,2229280,6346279,1358157
359,000918,2018-01-30,-0.0027137042062416183,-0.0013568521031207537,0.2255361473157235,11085.0,73350.63752816766,1068,22653868,13774046,1144274,832117,5138253,3666076,3994953,2971506,4049913,3272485,2713548,1397374,1082622,370000,1834906,420888,2695399,843600
360,000919,2018-01-30,0.0055679287305121505,0.0033407572383072903,0.5092398785466288,9010.0,36931.91342474051,310,3973762,3030537,403159,408773,1419697,1167304,987152,631834,671072,348926,492682,473700,0,0,0,0,0,0
361,000920,2018-01-30,0.0,0.0031088082901553626,0.485594974033363,12538.5,72046.48194961695,394,7909811,6731276,478939,427744,1709992,1670976,1457431,1590674,1476940,1101476,1066564,1187706,778442,0,941503,0,0,752700
362,000921,2018-01-30,-0.02887139107611547,-0.021653543307086576,0.3382748268259351,22305.0,169815.64387892018,2031,91962090,45297261,1198563,1366140,9780208,9878919,11171260,8495353,15122033,9548882,9367966,3977290,7170465,2282843,4609903,2752310,33541692,6995524
363,000922,2018-01-30,0.015691868758915817,0.01711840228245376,0.29473468851173157,8424.0,47451.369147967845,565,6857363,7436020,477636,657530,1715366,2111246,1880499,1437909,1807416,1671197,976446,717480,0,330330,0,0,0,510328
364,000923,2018-01-30,0.005942275042444933,0.008913412563667178,0.6117308996260912,21411.0,117734.77066077697,1485,35362733,36850162,1045927,1064046,7526856,7790582,7573951,6619044,4524284,7904201,4866748,4562714,2109321,2901768,921840,2392976,6793806,3614831
365,000925,2018-01-30,0.005747126436781658,0.0,0.625867430963995,7689.5,68030.79762057708,494,7613429,4563632,478952,405120,2218663,1149219,1500968,725132,1111494,659451,510090,492102,310912,0,0,0,1482350,1132608
366,000926,2018-01-30,0.005695687550854478,0.00406834825061031,0.25682302800300255,25956.0,250102.12968920494,2291,132119309,119733584,2131894,867182,8567757,7082992,9910441,9743552,22144494,16060365,15617065,16788249,11847731,16502736,7912893,7755171,53987034,44933337
367,000927,2018-01-30,-0.004587155963302836,0.0,0.17008577859993532,7829.0,54117.701584117734,657,9228423,7567200,631263,648397,2859542,2269267,1586307,1147280,1964427,890611,1750884,866443,0,0,436000,1745202,0,0
368,000928,2018-01-30,0.02782071097372496,0.023183925811437467,0.16301147061317772,12276.0,107258.87828411323,1577,28336373,41296206,918355,1557919,4674529,6907767,6226390,7587312,4823043,9634819,3637084,6126776,2676070,3063939,0,1303498,5380902,5114176
369,000929,2018-01-30,0.005281690140845008,-0.0061619718309859906,0.8638267673662285,10734.0,19800.39703693952,172,1918316,793050,112159,122088,1021765,435498,679488,235464,104904,0,0,0,0,0,0,0,0,0
370,000931,2018-01-30,0.001474926253687281,0.004424778761061843,0.3304941491964135,6825.0,31772.014329923066,420,3901247,4422629,326507,588296,1254448,1847568,1256330,776208,1063962,737572,0,472985,0,0,0,0,0,0
371,000932,2018-01-30,-0.05020920502092052,-0.013598326359832713,0.19741712446694565,28710.0,218682.9716194186,2348,140215606,97576591,2096312,1320768,10316611,10093801,11789343,10531841,20157160,14779273,14510672,11516017,14653301,11318902,13192671,8122844,53499536,29893145
372,000933,2018-01-30,-0.00917431192660545,-0.015290519877675823,0.17857121582879745,54999.0,275019.1776937611,3024,227647995,202256983,1192629,1503141,12467498,12186751,20697523,16124446,35263912,30391974,26317343,21784269,17715898,19003351,16612323,15825437,97380869,85437614
373,000935,2018-01-30,-0.044390243902439064,-0.03853658536585358,0.3775294024469492,43846.0,166759.5369650339,2951,160134398,117503382,1271294,1409009,14954584,12803250,20778128,19742257,29507883,25850608,20603414,17282105,16385877,10731398,10433061,9042479,46200157,20642276
374,000936,2018-01-30,0.0,0.0014727540500736325,0.24136187128365938,10976.0,75784.94504284977,791,11102354,14356513,763235,764811,3891017,3156209,2304105,1904467,2017854,2489105,936920,1421656,329699,1044612,859524,409512,0,3166141
375,000937,2018-01-30,0.0,0.00819672131147553,0.11935178496990995,19680.0,168613.74616604744,2619,76445930,95197777,2300508,1533430,11062373,11516299,10042933,12814537,14414535,18936754,7304691,7769054,8624354,7155355,5081144,4030153,17615392,31442195
376,000938,2018-01-30,-0.0004747586643456536,-0.00015825288811521787,1.7087603679002477,19008.0,94809.94360879628,1367,34528291,33108778,789201,1300947,5996657,6580281,7096253,7356436,8160608,8090750,3613605,3238562,1420661,2434808,3141736,918998,4309570,3187996
377,000948,2018-01-30,0.006965174129353047,-0.0019900497512439497,0.441712234934857,3015.0,43773.092752440054,517,4082215,3666703,405711,587709,1227953,1271105,902862,700127,502705,525867,0,201000,373000,380895,0,0,669984,0
378,000949,2018-01-30,-0.009685230024213065,-0.007263922518159882,0.158217489728382,2496.0,44251.10326023504,682,6171034,3738022,803979,537511,1334543,1144430,808450,659659,1228810,434810,1642992,259790,352260,0,0,0,0,701822
379,000951,2018-01-30,-0.01928374655647369,-0.0055096418732780705,0.42490880767472583,18270.0,87290.90932295007,1825,48126595,31982200,1605615,1069746,9941833,7635356,10430870,7356483,10074189,7383099,4842112,3163306,3431061,1713610,884033,856014,6916882,2804586
380,000952,2018-01-30,-0.017069701280227556,-0.015647226173541973,0.5690091918063523,5572.0,103391.56447860763,610,13477852,4682103,906092,654974,1593783,1799796,867337,1619997,1300707,406440,836164,200896,343750,0,1316980,0,6313039,0
381,000953,2018-01-30,0.016000000000000014,0.0,0.3568432043854573,7490.0,30006.24752540118,441,4435080,2852216,598542,477763,1694646,1456165,688878,582876,722400,335412,730614,0,0,0,0,0,0,0
382,000955,2018-01-30,0.006868131868131844,0.004120879120879106,0.17603551614832655,20909.0,121795.92053280608,1713,43884200,50483207,1031936,1434683,7075892,8593478,8911346,7839816,10947064,11221562,4364575,5811235,2564703,3147908,1722749,1407702,7265935,11026823
383,000957,2018-01-30,-0.011450381679389388,-0.011450381679389388,0.3239697458311961,9333.0,61367.38526455125,1046,17211998,9270731,1053051,999165,4642602,3660296,2478012,1972660,3144692,1654631,1254863,983979,1380754,0,417600,0,2840424,0
384,000958,2018-01-30,-0.013513513513513375,-0.009652509652509633,0.17033972191459928,7770.0,56818.32553849621,925,14207258,9000309,958205,838052,3436337,2721377,3365525,2254120,2045247,1556541,1682585,459189,0,757122,894132,413908,1825227,0
385,000959,2018-01-30,-0.011006289308176154,-0.004716981132075526,0.13833591816611587,6300.0,53900.04474088325,2121,24418038,24557922,1756417,1437027,8823713,5505224,5211100,9381904,2510347,4649072,1903905,2027964,1354529,388620,434576,0,2423451,1168111
386,000960,2018-01-30,-0.027539779681762466,-0.0244798041615667,0.27584417208865714,165100.0,623966.0754000607,3517,628305276,593764653,616260,483084,8526256,8381279,17880273,17260109,43676438,39234559,49402408,48423319,39787352,35562531,40469835,42063467,427946454,402356305
387,000961,2018-01-30,-0.01797175866495504,-0.01797175866495504,0.15901684696937346,29952.0,249465.875075987,2406,131955644,86350688,1324518,1435203,10592595,10550310,14196682,10068222,20910028,17226157,14593510,13827282,12211629,8940475,7207068,4023466,50919614,20279573
388,000962,2018-01-30,-0.017381228273464666,-0.010428736964078977,0.2630858124358299,11141.0,40489.1746646673,1076,15462461,10670226,1328352,821497,6313550,3858401,3060941,2973361,2284290,1680204,1361305,973440,632073,363323,481950,0,0,0
389,000963,2018-01-30,0.009544787077826689,0.01541850220264318,1.2666241806957323,27255.0,217108.51860193379,1860,64005653,75171077,502478,1241871,5718262,13205579,12001099,9709711,9771180,12003075,5373606,10591275,3988685,1627753,3183902,1809516,23466441,24982297
390,000965,2018-01-30,0.008169934640522847,0.004901960784313708,0.1865718638707148,10147.0,74283.65523209052,1076,19117082,18037884,1536196,922208,4236552,4204972,3958601,2768024,4159941,3224476,1700885,2002592,946985,1358844,1295359,1328804,1282563,2227964
391,000966,2018-01-30,-0.013440860215053863,-0.008064516129032362,0.16992368361893392,4440.0,67454.08958493115,479,7031252,3537003,389326,420765,2052413,1183775,1025234,510388,1283948,393292,1169591,0,0,0,498020,0,612720,1028783
392,000967,2018-01-30,0.013683010262257822,0.007981755986317118,0.2809857191123569,21336.0,62535.16502042718,993,19418772,12025710,557706,1073437,9292617,4076163,2648713,1931663,2638538,2679938,1410830,476778,666146,694766,460608,0,1743614,1092965
393,000968,2018-01-30,0.0007087172218285254,-0.00850460666194186,0.4179583410127359,14020.0,48675.52990275794,1144,19860813,11029996,614869,1864964,8648153,3315479,3896813,2432003,2819533,1839559,2049125,658631,711720,332760,420600,0,700000,586600
394,000969,2018-01-30,0.0071770334928229484,0.00837320574162681,0.24589048884128098,5904.5,42541.9445430702,1156,9528630,13071566,784274,1284525,2938000,4868537,1905647,2748271,2437557,1774894,742159,432199,301665,685516,419328,1277624,0,0
395,000970,2018-01-30,0.00546021840873645,0.007800312012480548,0.30552401370241006,12910.0,103031.12534198885,1761,40197587,35395627,1246804,1653029,6979592,7108853,6725618,5269827,7016600,8481478,4072092,4616206,2073877,2493448,2272432,1359086,9810572,4413700
396,000971,2018-01-30,-0.010266940451745254,-0.004106776180698102,0.46212719800150076,14500.0,42827.292575487685,999,17644854,9557145,766378,855339,6590060,3730377,2649962,3097705,4829001,879824,2058614,993900,750839,0,0,0,0,0
397,000972,2018-01-30,-0.005181347150259086,-0.010362694300518172,0.20271560722091908,7600.0,68295.68752070672,362,5531216,3159849,403307,360668,1059559,1516581,576436,1016638,629834,265962,630186,0,758372,0,0,0,1473522,0
398,000973,2018-01-30,-0.001680672268907557,0.001680672268907557,0.23846201783993984,8893.5,44015.31270403532,622,8268313,6001263,614435,652806,2879512,2070521,1825550,1673203,1464604,572694,516232,220064,967980,323032,0,488943,0,0
399,000975,2018-01-30,0.007362784471218298,0.008701472556894352,0.4524665803267684,4518.0,82024.61480751722,1090,18763407,11184283,1409079,934197,3317455,2644618,1914456,2030234,5118936,2490351,1732106,1491698,1303155,700685,890707,892500,3077513,0
400,000976,2018-01-30,0.00881612090680095,0.006297229219143663,0.29910809187428744,15960.0,61393.89277654611,704,12947370,4120370,246871,243135,7033472,1136607,996964,1032749,1484672,716209,952851,506070,0,0,426666,485600,1805874,0
401,000977,2018-01-30,0.010161386730424216,0.019127316198445987,0.3656361791023737,23597.0,171804.93640530226,2094,64571606,81696770,1392958,1375390,8778354,10604701,9220805,9294726,15193582,18979584,9635012,5631700,6105272,8245935,2273181,3471319,11972442,24093415
402,000978,2018-01-30,0.01587301587301604,0.013431013431013605,0.4629773998954357,8300.0,36023.372715238984,312,3828340,2520443,337802,429625,1549910,1379718,541236,366301,923314,0,476078,0,0,344799,0,0,0,0
403,000980,2018-01-30,0.002692998204667729,0.0008976660682225024,0.27051603912138517,10062.0,47373.37664806529,1697,20287880,16434794,1128521,1321604,8487422,7101298,3380346,2753819,2478196,2948830,2145863,1696631,1033016,0,0,0,1634516,612612
404,000981,2018-01-30,-0.007100591715976212,-0.002366863905325367,0.301545397527473,3364.0,36629.13346367424,786,6397646,5525594,984949,648710,2360109,1050176,1290471,781666,672435,1866243,751682,1178799,338000,0,0,0,0,0
405,000982,2018-01-30,-0.04282115869017644,-0.04030226700251893,0.1229622518026924,11520.0,97093.5581470629,1046,24496269,10997508,585985,1049071,5512358,4079111,3088211,1836649,5417963,2260506,2617442,927427,353400,328872,435375,0,6485535,515872
406,000983,2018-01-30,0.015151515151515138,0.02367424242424243,0.18271167246382403,84697.5,437668.81859146897,3346,336617076,365613621,735461,664085,13100677,10706187,22724195,19882670,44439542,39392573,35117554,38423605,27392005,31825231,22718900,26405825,170388742,198313445
407,000985,2018-01-30,0.010117145899893432,-0.0005324813631524261,1.0917518482913735,7520.0,33158.369825525326,295,3110498,1578811,284877,414407,1015026,742750,472146,421654,763272,0,575177,0,0,0,0,0,0,0
