,code,date,pchange_whole,pchange,change_std,amount_median,amount_std,length,sumsell,sumbuy,sell_vol_0,buy_vol_0,sell_vol_1,buy_vol_1,sell_vol_2,buy_vol_2,sell_vol_3,buy_vol_3,sell_vol_4,buy_vol_4,sell_vol_5,buy_vol_5,sell_vol_6,buy_vol_6,sell_vol_7,buy_vol_7
0,000001,2017-09-04,0.04830053667262968,0.033989266547406194,0.19614946894716492,79170.0,910659.6503248569,3253,394899084,611607133,571676,1072840,8798316,14439545,16454769,20657664,29733660,46828478,22359136,29488601,22520419,29021848,19255540,25569308,275205568,444528849
1,000002,2017-09-04,0.0026200873362447474,-0.0004366812227073469,0.40047721418111865,50666.0,367270.38875750004,3271,219483659,238341770,1732835,1049513,13368383,15265528,18723053,25016582,30018772,44809921,20382184,22335336,11527494,12935421,12734878,11107052,110996060,105822417
2,000004,2017-09-04,-0.0056325823223569715,-0.0077989601386481144,0.9461032319315715,22900.0,92499.53842001481,595,21081073,8654176,282021,356977,3544165,3642248,2903883,1108424,5845318,1003969,2832660,1236642,1449714,0,890032,0,3333280,1305916
3,000005,2017-09-04,-0.002053388090349051,0.0,0.1747230804757482,7320.0,44982.373990143475,777,8026764,9034805,970728,782973,3958267,2235110,1855301,1612537,705438,1596500,537030,1471664,0,723093,0,0,0,612928
4,000006,2017-09-04,0.04404761904761889,0.005952380952380931,0.17326413944207844,10959.0,106760.93045924348,2354,46286317,40041867,1633698,2507337,9045880,11082135,7567359,5882393,5697556,4311022,3713410,5514066,3123797,2756128,3945605,1287961,11559012,6700825
5,000007,2017-09-04,0.0,-0.00191693290734829,0.7634521919760966,15510.0,163668.54326346167,420,8511804,15626581,463737,206555,1730492,1966150,1421826,1501267,1477182,2374709,1016109,0,310000,1250200,463500,875100,1628958,7452600
6,000008,2017-09-04,0.01385390428211597,0.00881612090680095,0.2237337903780207,13574.5,82981.18224941788,1260,14586852,21116500,764035,778517,3317187,8905701,2020202,2848222,3358668,2450111,1885400,429304,374760,974804,0,1233469,2866600,3496372
7,000009,2017-09-04,0.021077283372365585,0.022248243559719105,0.16785329526893086,26985.0,237198.5545846224,2592,101772307,145714904,1658544,1951131,10628883,11944267,13790530,13124536,16947749,22527409,13657519,15930603,8334048,8898804,4383200,10122559,32371834,61215595
8,000010,2017-09-04,0.0,0.001984126984126977,0.21120326519200333,10060.0,58848.85550823063,569,9401576,6796451,495280,356956,2399998,2612902,1725862,843186,1266696,1584217,1667887,912538,339854,0,0,486652,1505999,0
9,000011,2017-09-04,0.01786625829504862,0.0015313935681471325,0.4104844225456514,19640.0,85389.73623050096,2278,52276313,53409108,1516712,2361908,11484413,11967225,11323794,11842673,13928570,9649914,6380905,5481953,3129514,2472765,924565,1840117,3587840,7792553
10,000012,2017-09-04,-0.0023419203747072626,0.0,0.20350700572010466,21275.0,177505.96501894516,1762,67909878,40114460,1224668,1497372,7121693,8516855,13483478,10040819,9431652,8321946,3897794,4812226,4396428,1407528,3547852,1772749,24806313,3744965
11,000014,2017-09-04,-0.0017730496453901567,-0.002955082742316817,0.6622936091141841,11809.0,100554.24338252579,652,12942298,9646536,272306,1099649,2171024,3263648,2040778,2038746,3350655,902117,765118,747708,639339,650768,416887,438100,3286191,505800
12,000016,2017-09-04,-0.019480519480519543,-0.019480519480519543,0.15941699298849485,11552.0,130722.30431977933,1495,41983237,24114129,1297415,1907344,5851471,5477327,6343783,4802813,5664102,4873476,2521986,1270877,4010373,0,1314191,1836327,14979916,3945965
13,000017,2017-09-04,0.0024721878862792313,-0.0024721878862793423,0.3351216672592993,8888.0,52620.51469474642,582,10203027,5901844,625381,712588,2809957,1787552,1784972,852575,2224639,1718196,1548078,462485,0,368448,1210000,0,0,0
14,000018,2017-09-04,0.02211302211302213,-0.006142506142506221,0.19213293897328151,16260.0,99679.88508973723,1796,41125929,44563960,1281273,1611056,8399043,8321184,9153073,7269596,9686606,10829904,3793279,3630442,3053405,3465683,3746697,2792965,2012553,6643130
15,000020,2017-09-04,0.0020714655618851996,0.0031071983428276884,0.7325873677486276,13573.0,64973.02693054856,694,12825776,9383123,736556,857227,3154275,4220592,1999754,1133168,2720981,1157052,1671216,725516,1502744,0,0,0,1040250,1289568
16,000021,2017-09-04,0.015200868621063846,0.01411509229098784,0.18431055241888047,23625.0,176883.61363585893,2501,90839388,92341961,2192267,1377383,11240311,10965594,11377330,13652870,22165165,16617803,11442109,9168449,8340628,5860291,4541211,5464574,19540367,29234997
17,000022,2017-09-04,0.0,-0.0018214936247723523,0.8002963942009022,19257.0,82122.75747773352,1176,28222150,24871074,651912,851415,5783637,6738722,6141173,4825928,6193165,4744889,3252124,3755533,2827662,1096081,1863057,851884,1509420,2006622
18,000023,2017-09-04,-0.02208835341365456,-0.02208835341365456,0.8256989038942655,14916.0,78449.04670676809,909,19391275,12189100,569070,1184211,4780895,5000280,3813795,2379161,3894497,1820592,1365538,694346,1063670,378510,406033,0,3497777,732000
19,000025,2017-09-04,0.004892576047649477,0.008934269304403442,0.9981115285423238,28314.0,100245.18483082861,2218,62545004,65856019,1817674,1741812,11333020,12436599,13533545,13315434,16698270,13899329,8298881,10430865,1785359,4028876,1297381,2640529,7780874,7362575
20,000026,2017-09-04,-0.0025041736227046085,-0.0033388981636061077,0.2705739525895238,1196.0,28881.92313585837,1962,9338457,11885682,936108,2905165,3123186,3781739,2077349,1859750,2181018,1967206,687596,229051,333200,612182,0,0,0,530589
21,000027,2017-09-04,0.00302571860816947,0.00302571860816947,0.15541652026346878,4648.0,109643.5308735751,1811,24875134,29776896,2801159,1042838,4730768,2927355,5388018,4275273,3908422,6005939,482809,3159467,1451301,3424508,1437340,3143566,4675317,5797950
22,000028,2017-09-04,-0.005797941730685485,-0.0024641252355414034,1.7736354180411098,20625.0,171790.55537529042,1513,60278751,30220348,1096974,892388,12357142,6002124,3377574,4698755,12800404,5879016,1854672,2720380,2805805,2848750,0,2278864,25986180,4900071
23,000030,2017-09-04,-0.012035010940919189,-0.004376367614879806,0.24599005090712892,5448.0,86852.68604857002,1381,20527682,18091235,455979,2016120,4484204,4716753,4034775,4047641,3248257,3677743,1009135,825672,756438,700330,890581,914944,5648313,1192032
24,000034,2017-09-04,0.05580693815987936,0.04876822523881352,0.4302975418490752,21000.0,192764.84666252162,2138,67551522,94622324,1225652,1136278,10552496,9057097,8157252,9196828,11844048,13140854,9360201,10986382,3445742,7496382,3839418,7531305,19126713,36077198
25,000036,2017-09-04,-0.00962379702537175,-0.005249343832021025,0.215339462448996,23814.0,213708.2244642196,2820,129061924,79969817,1983546,1086170,14592033,12995593,15517706,12303197,23029220,17676366,11902781,10454279,11621923,6993996,6209137,4924429,44205578,13535787
26,000037,2017-09-04,-0.018279569892473146,-0.010752688172043112,0.38400166013028986,9200.0,80054.36411301962,586,12338800,7362324,460954,903260,1808600,2042961,2038160,1364611,2571233,1687427,1622444,709344,632615,654721,1288010,0,1916784,0
27,000039,2017-09-04,0.004203888596952199,0.01944298476090367,0.3357953415282064,21400.5,287777.83566256455,3216,111554021,195401664,1172303,4163005,10195179,16047324,11030957,16445374,18423101,23192254,16296482,17288068,8047854,12007705,5344597,9851291,41043548,96406643
28,000040,2017-09-04,0.06110711718188355,0.03953989935298341,0.39362960972354355,21540.0,165052.0899925297,1249,29608166,58775900,823653,599374,4099415,7638976,4969942,8066505,5034620,7192394,3185254,5243301,4434104,5810766,1778402,3104988,5282776,21119596
29,000042,2017-09-04,0.012440758293838838,0.013033175355450455,0.8141141189175872,16960.0,64072.217762007356,429,5059535,9124070,312218,332744,1760907,3213535,566558,1011780,1250117,1632845,0,1527627,314500,305100,855235,478239,0,622200
30,000043,2017-09-04,-0.009451795841209809,-0.013232514177693777,0.4003416318864333,11495.0,170727.98998694116,698,26423715,10453532,639192,489045,2469595,2543869,3519928,1827331,3479296,1864991,2429950,1691331,1695360,0,1356953,0,10833441,2036965
31,000045,2017-09-04,0.013050570962479524,0.004893964110929794,0.25378810249184297,29699.5,163531.59619732283,2336,81754835,83762648,1157888,1318658,12467821,11932570,14069994,11815870,20096888,19519025,10995008,10428195,9053863,4616580,2670444,4557398,11242929,19574352
32,000046,2017-09-04,0.004920049200491938,0.0036900369003689537,0.28012280924632454,11353.5,91675.194972554,842,15726818,13889663,840126,919793,4148235,3201250,2281326,2821207,2434818,1571767,1056493,789651,1068606,1028975,1286725,0,2610489,3557020
33,000048,2017-09-04,0.0026954177897573484,0.0023103581055063938,1.9747213410154807,7830.0,29670.7753565671,172,1567938,1563377,167391,193296,808852,436213,242247,318598,349448,411690,0,203580,0,0,0,0,0,0
34,000049,2017-09-04,0.07507782457425383,0.07581029115546611,1.040629575061817,56750.0,307020.65176055994,2756,148385569,250911044,808022,571245,10853264,11707878,15244093,18367428,28746917,33687203,16120429,22363758,12206547,20404730,8859612,16670811,55546685,127137991
35,000050,2017-09-04,-0.010126582278480956,0.0008438818565401629,0.41925089749869277,93600.0,495929.2866935061,3198,418440553,357444692,588224,842747,11194804,11756771,18396161,20493995,44772269,37353575,32571709,35307581,25147227,25439639,20678901,15821940,265091258,210428444
36,000055,2017-09-04,0.00256081946222797,-0.006402048655569814,0.18760110426785184,9324.0,78104.32421895892,1735,28697849,26097069,1298073,1429852,7080823,6895315,5064380,4955334,5651115,5809064,3630571,2006226,2312846,0,470256,1829994,3189785,3171284
37,000056,2017-09-04,0.0015748031496063408,-0.014173228346456623,0.6042291558884121,16237.0,33681.48055118156,441,5575735,6207500,262407,365573,2104595,2830580,1240523,2548954,1417506,221529,220176,240864,330528,0,0,0,0,0
38,000058,2017-09-04,0.003931847968545288,0.001310615989515096,0.22857690170185532,3062.0,49952.459077229854,1114,14478960,7518186,1280320,654335,3632856,2145707,2314811,1667958,3226414,1451664,1134294,525244,1726696,1073278,0,0,1163569,0
39,000059,2017-09-04,0.022727272727272707,0.02020202020202011,0.22180653327846506,51578.5,367400.4905053534,2872,234181699,251446936,804115,1357451,9590071,13671880,13976326,19085042,22712814,33236559,17080333,20926892,14771550,17224558,12357370,22604933,142889120,123339621
40,000060,2017-09-04,0.0,-0.0007462686567164534,0.22994806650097294,99134.0,750505.5869594632,3403,517047822,601820106,514944,1510279,7111993,14166269,16162154,23290190,36009822,40585175,33195466,27705773,29472397,31074409,25776771,25624870,368804275,437863141
41,000062,2017-09-04,-0.00791366906474833,-0.00683453237410081,0.645519056105715,19425.0,121137.12833816641,1855,61668642,40969032,1640469,1012700,9958758,7219735,10395139,6667533,11774687,9863538,6788859,4252087,3514810,3921260,2607752,2316260,14988168,5715919
42,000063,2017-09-04,0.029983108108108114,0.027449324324324342,0.40276371307464215,158053.0,1047067.6303413904,3459,668622388,932456553,491325,491539,8567352,8271290,16611110,17272376,43940758,41807713,40918043,45288924,35364197,37588031,27307167,41605925,495422436,740130755
43,000065,2017-09-04,0.0038461538461538325,0.00512820512820511,0.663607219504344,23510.0,89739.72379383285,1243,33755992,25728905,569488,871964,6111307,6638864,10899547,5952514,7309300,6844748,3104407,1911733,1941232,1067687,1375419,0,2445292,2441395
44,000066,2017-09-04,0.04014167650531286,0.043683589138134415,0.15039762562902007,47823.0,530493.2720148537,3179,223258398,305422137,977377,1669384,14775816,14555964,20482777,16532907,29914285,30497378,18949478,21852334,17112257,12764310,18568443,18777163,102477965,188772697
45,000068,2017-09-04,0.002936857562408246,0.007342143906020615,0.23745034025155337,11543.0,73850.36555158795,822,15524684,11630371,583654,722289,3370652,2913326,3484334,2642135,2970751,2510678,1657963,1455763,335353,1386180,0,0,3121977,0
46,000069,2017-09-04,-0.006896551724137834,-0.0022988505747125743,0.16262385889917214,28445.0,254404.46273097588,2871,131679639,113612265,1223345,2233071,10079344,10330193,19378771,15744111,28721155,25225098,13038973,10496785,5678406,6701677,6950834,7645243,46608811,35236087
47,000070,2017-09-04,0.01746323529411753,0.011948529411764719,0.29449465509547906,11990.0,57412.5179132115,1365,22901110,22133955,728521,1238471,5149037,6147786,3085545,3524134,10438855,6093024,1926057,2904951,344579,1070231,0,0,1228516,1155358
48,000078,2017-09-04,0.008237232289950658,0.0049423393739702615,0.12427495701455879,12768.0,108620.90337082605,2391,34556383,44464542,1104875,3209319,7011663,15731762,3276080,7704728,3355563,4593584,2877101,1361321,621480,2022658,1778404,916972,14531217,8924198
49,000088,2017-09-04,0.008695652173912993,-0.003260869565217317,0.22618535162831807,11004.0,88056.4544293666,1655,39115000,20702369,2158243,1578180,8379353,6952169,5286619,3681848,6044676,4750038,2934897,1937679,1692526,383552,2710719,879119,9907967,539784
50,000089,2017-09-04,-0.009039548022598876,-0.01016949152542368,0.2168186307483391,14942.0,97844.46908292097,1669,62856452,31887040,894082,2115454,4548610,7340218,5225264,5983164,5861086,4688249,39150222,8075101,1359679,639983,1818004,454376,3999505,2590495
51,000090,2017-09-04,-0.01005025125628134,-0.01340033500837523,0.2558136267407829,33096.0,196293.7101386984,2181,108013115,71776948,1231518,649542,13388260,12100044,13874249,11844158,16087910,10938050,11537010,6375569,7209926,5223748,3691856,6658042,40992386,17987795
52,000096,2017-09-04,0.004901960784313708,0.0014005602240896309,0.6829516962735698,8724.0,59358.48588340081,437,6386422,4475888,388076,387172,2091998,1814257,1000701,443169,1069656,424638,1507091,537852,328900,0,0,0,0,868800
53,000100,2017-09-04,-0.005571030640668551,0.0,0.06892154970605018,17900.0,195670.77652974508,2738,91081259,46968944,2061612,1456433,17101747,9043683,19235050,9805544,13761876,7294300,2737806,3128238,4463233,3865137,2241438,910783,29478497,11464826
54,000150,2017-09-04,0.0003877471888329431,-0.003489724699495933,1.0665067673880901,10312.0,69720.79511937877,584,8284983,8175631,843297,451483,2918225,2015437,1919472,833306,1308866,958406,436110,756591,316110,1036134,0,0,542903,2124274
55,000151,2017-09-04,0.002828054298642524,0.0039592760180995334,0.5904627684841778,17765.0,141516.71480733846,896,30419488,19819130,621930,724606,4243686,4119313,4477280,3921336,4988777,5546045,2720395,2524022,353200,2107658,1701933,876150,11312287,0
56,000153,2017-09-04,-0.006869479882237517,-0.008832188420019649,0.32869376984536625,10120.0,47139.80311156554,961,14439654,9775652,541010,730659,4728277,4643657,3182438,2203856,2377214,1513288,1349691,684192,1005599,0,0,0,1255425,0
57,000156,2017-09-04,0.019397993311036865,0.011371237458194017,0.4369695593428013,12092.0,89611.272678596,1170,17135109,27661485,1079628,740775,4631614,5236582,3098374,4738875,3561590,5819758,1080206,2510810,1791097,1651438,900336,1860080,992264,5103167
58,000157,2017-09-04,0.0,0.0,0.08530727875663828,11934.0,121767.83917916614,2913,69396890,49430438,2740989,2681422,17034879,11280571,10422079,6310338,6409596,6463290,6850871,4586249,4695550,2124167,3051118,3120374,18191808,12864027
59,000158,2017-09-04,0.010506208213944657,0.0047755491881564804,0.25615460663506406,15794.0,113070.93147866597,1671,40421436,41750498,1133721,1115750,7021832,8439727,6071398,7193242,6811376,7077668,4650676,4637019,3840692,2119832,2664681,2215196,8227060,8952064
60,000159,2017-09-04,-0.0029940119760478723,-0.0029940119760478723,0.20303160279483015,13965.0,101582.19359826916,1083,31011674,14308196,1215892,853902,4479847,3573105,10092410,3460017,4647250,2060757,2198233,625275,732950,1506788,406368,0,7238724,2228352
61,000166,2017-09-04,-0.003278688524590123,-0.0016393442622950616,0.1204380290406808,24240.0,258948.79708031032,2572,129325220,94569367,1805196,1351259,14462588,10078291,15453077,10214274,18736565,12675734,9410104,5705856,6382461,10739841,7486441,5682804,55588788,38121308
62,000333,2017-09-04,0.012980651481753647,0.012980651481753647,0.705400126599049,109555.0,656378.3110801416,3352,375906430,510365198,553222,656209,10761174,11005059,21174742,23060867,49748663,42784519,51682798,32860074,27601600,27176578,29756902,29121367,184627329,343700525
63,000338,2017-09-04,0.02758620689655178,0.024827586206896513,0.12233260170493664,78028.0,399653.2305496245,3523,278449401,374963127,834000,789467,10937054,15945345,18981608,29715318,40147712,53965932,29599335,46127696,21547666,31784702,19977104,22024954,136424922,174609713
64,000400,2017-09-04,-0.008547008547008628,-0.008547008547008628,0.34227619475267723,12194.0,181042.06133459654,2631,81551224,44909007,4606064,1461192,13706588,9118451,11565471,9597677,9369742,6690147,4661098,3572563,5185194,2048432,0,474521,32457067,11946024
65,000401,2017-09-04,-0.007692307692307776,-0.012637362637362703,0.31811184273472665,93444.0,396934.60726358433,3275,387227116,298643918,606836,743851,10857779,11003686,21806021,21184037,44670970,41194947,44251815,38409943,28878506,26694738,31828398,25369304,204326791,134043412
66,000402,2017-09-04,-0.008467400508043954,-0.0042337002540220325,0.23901197150191872,16422.0,207255.85352255395,2445,70278633,57479029,1412098,1845317,7213364,18262625,8980870,8846021,7904916,6661270,5741437,5505708,5283972,3832124,6798126,1786768,26943850,10739196
67,000404,2017-09-04,0.0,-0.0013245033112582183,0.21177395089877335,12032.0,84848.81787080257,1271,25887268,14724402,1830412,465308,8243119,3198055,2956354,2912075,3718873,3223166,3477193,1221219,2153104,1829348,0,474140,3508213,1401091
68,000407,2017-09-04,-0.009650180940892428,-0.009650180940892428,0.24133206934857274,6977.0,98704.23044524239,1180,26690452,14999888,554765,1548282,3547233,4006478,2851498,2726109,5479500,2689093,3656839,716784,2070193,342368,1638999,883794,6891425,2086980
69,000408,2017-09-04,-0.05450500556173532,-0.04171301446051168,0.36200594375092665,49242.0,1468937.3301180603,2472,174571080,352034062,664334,1441454,7865416,11256828,10502100,15073017,20500797,25570060,14361906,17741369,16204392,21591705,14390040,11688467,90082095,247671162
70,000409,2017-09-04,0.04155844155844157,0.027272727272727337,0.17266178407588018,18778.0,97468.31009508969,1991,43541459,55744596,1572152,1516062,9705951,10033120,9207201,9260567,9842096,11675217,6260262,5591861,2184981,3834566,1719355,3600456,3049461,10232747
71,000410,2017-09-04,-0.009771986970684265,-0.011943539630836164,0.256640543206835,12866.0,152819.71131255894,1288,37700768,19830574,1304058,1352944,6377277,5134613,5097662,3861716,4818793,3703485,1669750,1197438,941478,1046830,867140,408590,16624610,3124958
72,000411,2017-09-04,-0.0057526366251199335,-0.004793863854266389,1.2272789883631912,10435.0,38220.816154279484,288,4184684,2303501,128843,224075,1589421,1257373,797528,482400,902472,126575,412100,213078,354320,0,0,0,0,0
73,000413,2017-09-04,0.0048828125,0.0,0.17714599422368676,67386.0,319203.9923395211,3345,274029832,294940509,531354,969440,12219972,14126102,19158373,25716552,36593910,40115464,27527937,34215858,31508997,34990977,26293191,17917842,120196098,126888274
74,000415,2017-09-04,0.004316546762589857,0.0028776978417266452,0.13480489649777908,6990.0,119112.95473911593,2667,45512719,36479092,3223846,3522594,7701106,7684400,5863594,6964932,6099416,5639343,4221726,1950414,2738313,1584623,1405805,443865,14258913,8688921
75,000416,2017-09-04,0.0036363636363636598,-0.002424242424242329,0.3108426242743953,11557.0,102461.58547565571,704,15392367,11045422,532270,976758,2597097,3110342,2975264,1673968,2517760,2696390,2209751,1714753,371391,0,470808,873211,3718026,0
76,000417,2017-09-04,0.017281105990783363,0.016129032258064502,0.22669248586730606,17420.0,139117.77756106906,1467,32686924,45628437,1508364,1005303,9681331,5255488,5468239,4226816,6930807,6586067,3890471,5799545,2437265,3818600,1293970,2655958,1476477,16280660
77,000418,2017-09-04,-0.016677785190126748,-0.017567267066933456,1.1274823820127158,13302.0,75204.81014341123,1593,40945390,19821206,2383447,1200533,9527542,5978711,8516383,3164083,6484554,3500643,3363857,1987031,1584897,1119962,6194260,946362,2890450,1923881
78,000419,2017-09-04,0.004255319148936287,0.004255319148936287,0.2838877418238314,7060.0,89682.3405230211,616,11191314,6539378,1110247,270514,1845398,1929869,1337924,1587078,1528633,1876057,414240,211500,1398688,664360,406912,0,3149272,0
79,000420,2017-09-04,0.02083333333333348,0.017857142857142794,0.08532612315860724,8840.0,118938.71383190854,1558,17379602,35249438,1039249,1404375,4060973,7570981,3329565,5510764,3593455,4206085,1930374,2423127,722776,3383099,498288,431946,2204922,10319061
80,000421,2017-09-04,0.002797202797202747,0.00419580419580412,0.16007475888301503,718.0,37456.469608886546,1997,6023774,12470903,757873,1791217,2439608,3079682,1302879,1737861,740882,2065782,476940,880233,305592,380196,0,0,0,2535932
81,000422,2017-09-04,-0.0031847133757962887,-0.0031847133757962887,0.15741756205122961,20691.0,194797.62609326848,1593,74043070,52771456,1122596,997274,7459798,5990183,8594499,6415280,12612556,9101116,6891794,6148009,4821093,6449327,3001623,0,29539111,17670267
82,000423,2017-09-04,0.0025831449790119088,0.0009686793671295213,1.2827364976882307,37176.0,447110.1840326043,2331,125097517,89063853,697040,985430,19304019,11995629,18818147,14380262,16245023,17018139,6685133,6958626,6160055,6119758,4903650,1296858,52284450,30309151
83,000425,2017-09-04,0.007894736842105399,0.0026315789473685403,0.06795312118902332,16340.0,160641.9056222055,3148,58463822,95881040,844209,3428809,6988774,25928468,7169055,20423942,7799254,13494468,2302613,6016479,2522870,4149751,3590267,4801006,27246780,17638117
84,000426,2017-09-04,0.03886255924170623,0.04265402843601884,0.18568712048067776,46526.0,302135.8029765275,3243,210322967,224221365,804661,2014184,13898110,14897378,17335990,23028907,29210759,32436234,24334752,20705079,13659671,14841019,11504143,11783860,99574881,104514704
85,000428,2017-09-04,0.007968127490039834,0.005976095617529875,0.2116580951996887,6565.0,78668.52370436973,562,9169926,9255482,538918,471326,1481338,1773746,1490503,1189654,1497361,2801640,1979214,750913,704200,304515,475393,450688,1002999,1513000
86,000429,2017-09-04,-0.0011415525114154557,-0.0022831050228310223,0.22014597932459368,6146.0,127385.42374416311,1584,19597333,22208969,700166,3245872,4764404,7013506,3065615,4092612,1872567,2500596,467206,1139092,0,300468,905301,0,7822074,3916823
87,000430,2017-09-04,0.033718689788053924,0.029865125240847723,0.2984763885618582,18954.0,71602.95079405131,1209,18085548,34260078,546261,1020813,4440923,7382786,4010439,6930819,4522894,9564396,2372308,3166612,1332417,1697167,0,2636887,860306,1860598
88,000488,2017-09-04,0.008383233532934131,0.0011976047904191933,0.30620830984918757,53328.0,402566.960115286,2976,282844927,253584696,1288455,891545,12453764,11154020,16944378,14758384,31775152,27363361,22051035,18937542,20849062,21919224,19229933,10807554,158253148,147753066
89,000498,2017-09-04,-0.007159904534606243,-0.0011933174224345588,0.18436839752900488,9185.0,60098.47148778787,2069,25600024,21708336,2895517,2243186,7414341,8874577,4757056,1937405,4265742,2649372,1695274,1955760,393299,692215,1431696,1338082,2747099,2017739
90,000501,2017-09-04,0.006100942872989457,0.004991680532445919,0.4085225585675266,10884.0,127634.05737062983,1949,46674399,50400016,2965006,1517813,8941411,6024374,6290100,5117102,9358719,9724270,5412675,4712463,3119287,3845431,1825444,1779272,8761757,17679291
91,000502,2017-09-04,-0.010551948051948146,-0.0032467532467532756,0.4298699963632565,12220.0,87429.02728893516,821,18406040,10303734,772816,761388,4347486,3302776,2071070,2308022,2871886,1750720,1520202,958868,1985788,753030,0,468930,4836792,0
92,000505,2017-09-04,-0.004906771344455274,-0.006869479882237517,0.4429075611800645,14336.0,173242.4785351143,529,24211758,11437076,264331,340686,1795556,2240609,1658330,2073246,1764488,2200834,894643,1635999,3647902,1037292,1842402,449327,12344106,1459083
93,000507,2017-09-04,0.00454545454545463,-0.0072727272727273196,0.21448557742748153,24624.0,144838.97975106048,2632,91411119,73106698,1531817,1543055,13720886,13346299,16071088,12599097,20740557,15277723,10089418,9717472,9175710,4454462,6151715,3010288,13929928,13158302
94,000510,2017-09-04,0.047959183673469186,0.048979591836734615,0.19460215252662427,25612.5,171637.16370086183,2540,83130763,119926927,934984,1860079,9028723,12824173,11667565,13464832,19789701,21376155,11743112,14775948,10854011,8394154,6448608,10382274,12664059,36849312
95,000513,2017-09-04,-0.014084507042253613,-0.010261569416499139,1.0547274369891169,29532.0,185837.85919985076,2224,107885663,46241792,2364434,1192934,20697216,9004242,13096315,5639058,12610240,4539609,9989157,6661849,5976807,2521187,3718945,3688999,39432549,12993914
96,000514,2017-09-04,-0.003722084367245748,-0.003722084367245748,0.22151735457764138,11242.0,69483.58555092465,1324,27544218,13908070,1617771,1095115,7614880,4576944,4858130,2962321,4804655,2614556,2653508,655245,961161,982889,481200,401000,4552913,620000
97,000516,2017-09-04,0.0,0.0,0.16502097917006903,10460.0,88242.0885014182,1005,23448677,16518654,918888,888453,4006964,3146228,4022696,2310386,4836358,4912797,2952799,1263126,2372953,729062,0,883870,4338019,2384732
98,000517,2017-09-04,-0.004566210045662045,-0.0022831050228310223,0.09256220605901139,6524.0,44433.35372172663,2257,20827060,10479047,1787097,1821915,10499332,5102915,2184159,1507231,1952025,1024761,1479791,1022225,300585,0,403300,0,2220771,0
99,000518,2017-09-04,-0.007575757575757569,-0.005050505050505083,0.30447584308404985,9408.0,78237.92442884929,676,13255777,8845745,751643,768136,2522726,2119489,1819784,1957938,2635451,1520489,1036546,1248125,1332148,789500,888364,442068,2269115,0
100,000519,2017-09-04,0.013368983957219083,0.0062388591800355275,0.2329413872547741,22560.0,144879.92829440333,2321,71209210,73388139,1348226,1535620,9954714,12936279,10354479,11156254,16482245,14457165,5370294,11784589,7463796,5301795,4949769,4350818,15285687,11865619
101,000520,2017-09-04,-0.01388888888888895,-0.01041666666666663,0.14951634888437007,11949.0,136069.34923478938,1486,42978472,33497141,855173,1691067,4814837,7462605,4881740,5670548,6370460,5894481,2986482,1720612,3124077,2838579,2593558,2238682,17352145,5980567
102,000521,2017-09-04,0.0016949152542371504,0.003389830508474523,0.15480129565763331,1182.0,40698.686510718166,1453,14254961,5311924,1867182,317894,4488275,2020103,2862619,1364738,2035667,593851,831310,1015338,713900,0,0,0,1456008,0
103,000523,2017-09-04,-0.002042900919305368,-0.005107252298263476,0.34732137897998255,11712.0,117814.74180654436,794,20963575,15243398,782309,1227654,2755384,4138707,2610296,3338205,1533721,2354885,1504538,952194,625962,992508,4131437,937349,7019928,1301896
104,000524,2017-09-04,0.016178736517719505,0.01926040061633283,0.32656780527982426,17650.5,40907.08566360934,1580,11242955,35618779,563113,1271842,4890943,14723382,3315124,9988272,1795099,5502162,678676,1655791,0,689801,0,1787529,0,0
105,000525,2017-09-04,0.012440191387559807,0.00909090909090926,0.474389012381806,23100.0,139826.74662000441,1942,62214217,69041207,619178,1451089,7771993,11636809,7092478,9650280,12635851,11802074,12003086,8900492,4729436,4967463,1780229,6194539,15581966,14438461
106,000526,2017-09-04,0.01086956521739113,0.0031055900621115295,1.6721117068733675,28926.0,88298.5906527175,370,9055486,11170563,173710,276999,1820418,1869499,2209356,1586828,2136986,1835510,1343335,1863743,1371681,1079154,0,889350,0,1769480
107,000528,2017-09-04,0.0010928961748633004,0.0,0.17232812622142016,13620.0,87289.7429305251,2826,44364075,51348421,1754172,2645643,10800813,18131684,9931382,9800145,6525869,7213823,4000057,3184427,1705532,2581277,983537,1322105,8662713,6469317
108,000529,2017-09-04,-0.006810442678774176,-0.00794551645856989,0.30227879389577206,8750.0,52959.234257635515,849,14621156,6670583,948461,593404,3781803,2276499,3167637,1759113,2227320,1120784,1630439,213044,1038583,707739,1310097,0,516816,0
109,000530,2017-09-04,0.02706359945872805,0.017591339648173276,0.18887789997957946,8272.0,114457.11408876364,1532,23121605,28816832,2076490,1130478,5627893,5637004,3937576,4520090,4182718,4890042,3392783,2469295,1381346,1316730,451186,850456,2071613,8002737
110,000531,2017-09-04,-0.0044642857142858094,-0.0033482142857144126,0.2925727437019563,8890.0,55066.54974157721,938,16856865,8728975,1642388,480736,3500108,2786114,4773389,1898219,3989599,1825783,1618144,0,364490,0,431650,446500,537097,1291623
111,000532,2017-09-04,0.033333333333333215,0.03037037037037038,0.37540970888012204,13930.0,74497.00529108524,1293,19601932,30534195,850604,1232108,5838026,7116835,3213076,6619336,4514226,4539992,2537534,4929799,1093101,630889,870996,874364,684369,4590872
112,000533,2017-09-04,-0.0019436345966957758,-0.0009718172983479434,0.5807727839787763,14336.0,146136.23412842897,313,8045532,8802472,231611,190757,1745920,1164188,947498,403283,1657369,317830,2108004,443764,330106,926100,400384,934852,624640,4421698
113,000534,2017-09-04,0.10075757575757582,0.10075757575757582,0.3225193172487235,21135.5,477657.78271124925,1680,86969702,67789733,1277832,1162092,7719795,7080146,7022192,7487424,8900760,11194126,7143945,7270669,5125826,4478144,3551832,4431542,46227520,24685590
114,000536,2017-09-04,0.005244755244755206,0.006993006993007089,0.1745873250252901,6917.5,75650.04281379555,1074,15183325,16332121,906167,715736,3971526,3377489,2584979,2727691,2545936,3062270,1221203,1733232,699003,935335,461998,1292862,2792513,2487506
115,000537,2017-09-04,-0.019375672766415497,-0.01399354144241105,0.25041297245315597,7336.0,88936.61388956789,1377,27639737,17231538,2329156,940867,4602172,4103426,3451179,2556384,6455824,3735846,2716456,3300256,1029697,680414,1441310,0,5613943,1914345
116,000538,2017-09-04,-0.0038181187087817925,-0.0020826102047900585,1.9790620544863793,34624.0,268423.00563137257,1907,104140690,80261441,1403818,1944084,6319717,10250709,9440451,11662922,24599107,15380231,9364255,5925125,3894936,7208006,6159939,1741526,42958467,26148838
117,000539,2017-09-04,-0.0018518518518519933,-0.0018518518518519933,0.2575180383609222,5380.0,60505.12023528227,439,5184577,3786046,558004,255597,1970724,852626,1034398,788840,1128105,436820,493346,0,0,0,0,409963,0,1042200
118,000541,2017-09-04,0.004395604395604602,0.00219780219780219,0.2356103435121489,9140.0,69184.73576615493,1492,24858589,22913963,2015986,1365495,5640632,5219429,4774700,3918156,3837856,3775801,3966175,3847631,1742270,2038189,1351776,438240,1529194,2311022
119,000543,2017-09-04,-0.0017605633802816323,-0.0017605633802816323,0.16274240914785373,10242.0,123924.79422699903,1219,24436147,16840211,1194870,1280509,3430802,6109677,3611072,2545363,3419536,2447522,1483858,961697,366378,305046,0,902552,10929631,2287845
120,000544,2017-09-04,0.0118778280542986,0.007918552036199067,0.42664424062149187,17780.0,85831.96268994836,1717,31532474,45160428,1504953,1408906,6077856,9192715,7953081,9498341,8639291,10429902,2132095,4370103,2144992,3228078,454376,2191745,2625830,4840638
121,000545,2017-09-04,0.01602564102564097,0.017628205128205066,0.12667191100026925,26586.0,168956.26015760037,2432,75938264,108931976,1373334,1746525,10004609,12719383,10256159,15813460,15594595,19616068,8965242,13590155,6827820,10800745,5203392,5742588,17713113,28903052
122,000546,2017-09-04,0.022185702547247388,0.006573541495480617,0.30460141404805224,10863.0,100613.44195736248,1599,34220960,32175910,2658970,1017974,6698703,4486352,3769389,7316169,3939546,4061510,1941449,3774340,2436176,2870187,8462301,1852809,4314426,6796569
123,000547,2017-09-04,0.00918196994991649,0.01085141903171949,0.21202257260892293,60900.0,362428.7522771131,3196,242976993,269872711,927960,1123462,13169859,12380166,22016501,18464240,34608648,36496749,27184752,29389141,17211740,21828784,14636752,22583395,113220781,127606774
124,000548,2017-09-04,-0.0024752475247524774,0.0,0.21138903596875713,8050.0,152033.10810003016,1462,24750696,15932178,2268266,1151336,5449749,5866590,3190831,3446492,4298637,2715680,1725482,1576433,1322768,726047,433080,449600,6061883,0
125,000550,2017-09-04,0.00854271356783931,0.0020100502512563345,0.500077839208745,7964.0,68582.3391880266,1583,22510499,17619527,5510984,952952,5364047,4132943,3058751,1828468,3503239,2552080,2219244,2238049,1341383,2004181,860444,926168,652407,2984686
126,000551,2017-09-04,0.010548523206751037,0.009493670886076,0.2914044860691658,12467.0,104646.36881593836,1058,23174846,26948974,1399378,801499,3703124,4557115,3339385,4594301,5193926,4249352,2280677,4258559,3091523,2890648,1302964,897110,2863869,4700390
127,000552,2017-09-04,-0.011792452830188593,-0.004716981132075526,0.07310097306678473,12927.0,177326.25349869503,3393,111273109,101445176,2807525,2954826,13163532,12975744,13280386,9280544,13962819,14089319,13657616,12767120,8759966,9184357,7958787,6172227,37682478,34021039
128,000553,2017-09-04,-0.004919184820801115,-0.005621925509487036,0.4364180549162506,14170.0,81020.64928056885,1063,24219722,19549734,1621492,860784,4398838,4515852,4148219,6980709,5468113,3301716,2370514,2421147,668799,0,2232055,884130,3311692,585396
129,000554,2017-09-04,-0.0065420560747662115,-0.010280373831775602,0.21351280294615618,33015.0,220819.7164227279,2515,134847872,111871142,1231413,1125236,11769323,11316717,14230459,11778865,23191345,22749070,16302582,11217305,10785186,11946950,7927025,7665483,49410539,34071516
130,000558,2017-09-04,-0.008733624454148492,-0.004366812227074246,0.1943645472199084,10928.0,111097.88841275664,1250,21918154,19969527,1357761,1070166,6058472,4409189,3563864,3109569,4261839,3221208,3348537,1990225,697484,1808142,420517,446310,2209680,3914718
131,000559,2017-09-04,0.005671077504725952,0.000945179584120881,0.26661344094667105,17918.0,93229.30607819499,1575,40218345,31653025,1117948,1034315,7910784,7674429,6970553,5659403,8483643,5960884,4976607,2512727,2785223,1943478,1839182,2302837,6134405,4564952
132,000560,2017-09-04,0.01001669449081799,0.026711185308848195,0.21317006025532417,77911.5,553443.0249922717,3170,317683933,403439372,925966,881387,11152902,11824752,15281423,17965169,34143805,37666717,29185709,31595598,23266307,28748040,27955713,22827778,175772108,251929931
133,000561,2017-09-04,-0.012440191387559696,-0.013397129186602741,0.29592644481047875,15554.0,92701.18679745284,1247,24340783,23032196,832676,750262,7141293,6309387,5047789,4097057,3624407,4057256,2694240,2887086,1061589,683420,0,443835,3938789,3803893
134,000563,2017-09-04,0.00723327305605781,0.001808318264014508,0.12297548219023897,16530.0,171604.28419620628,2027,57419841,53579063,1124108,1390293,8360500,13466286,5678303,6734357,7237284,7626267,5225397,3955565,1416974,2634623,3986339,1282689,24390936,16488983
135,000564,2017-09-04,0.0,0.0030911901081918103,0.18578985392252956,1935.0,60844.222339025495,1213,11202034,7801572,1339430,692597,3096471,2571582,3131277,1227159,2405061,656000,1229795,499534,0,323000,0,0,0,1831700
136,000565,2017-09-04,-0.002081165452653466,-0.004162330905306932,0.3400433629190139,14362.5,80919.81742525492,798,20112069,13039557,867618,739929,3933423,3459148,4098770,2542331,4084411,1846142,3493774,493991,2765023,1323173,0,477500,869050,2157343
137,000566,2017-09-04,-0.0022865853658535773,-0.0060975609756097615,0.5476917186159098,18270.0,152384.93883862876,573,28105676,14774551,502848,314771,2308583,2413330,2232200,1226250,4665418,4274872,3598682,1462704,3172435,990247,2181612,0,9443898,4092377
138,000567,2017-09-04,-0.020864946889226132,-0.007207890743550771,0.7977183182506081,15756.0,61806.44732448529,1092,25598987,13661982,688451,970230,6193323,3867478,5538937,3125838,8012657,2503617,2870482,1802767,1442448,366404,852689,476658,0,548990
139,000568,2017-09-04,-0.016727272727272813,-0.014363636363636356,1.1336100153778774,54060.0,344953.57951695623,2354,185971345,143726753,555731,802023,7991063,11657299,12704869,21721031,19298498,23117701,17463883,14731869,10759644,8131839,10044331,3469580,107153326,60095411
140,000570,2017-09-04,-0.006631299734747964,-0.007957559681697535,0.2856923720669838,11968.0,83180.2592437608,696,16526331,10150406,377493,793505,2393454,2963342,4394989,1551566,2227091,2008660,1705094,463329,3150822,1096908,0,0,2277388,1273096
141,000571,2017-09-04,-0.003984063745019917,-0.005312084993359889,0.1749560602047434,13428.0,106031.7486774916,1854,41926096,40729938,1488123,1911733,7735678,7333858,7188619,6057748,9325520,6061917,4466260,6458836,3468550,4157736,2737168,1388100,5516178,7360010
142,000572,2017-09-04,-0.002008032128514192,-0.002008032128514192,0.17573379061950103,7440.0,102108.89506625687,803,17446728,8002865,1277893,481328,3711035,1707004,2247259,1818089,1966527,1214211,1992200,1022887,366544,0,978090,438464,4907180,1320882
143,000573,2017-09-04,-0.0050000000000000044,-0.0050000000000000044,0.18005104782194564,7164.0,66217.30098093557,1111,14534020,14493367,669586,2011127,2238283,4213108,1985366,2195621,2875274,3561201,2952618,1388388,668027,0,905809,0,2239057,1123922
144,000576,2017-09-04,0.006038647342995196,-0.0018115942028984477,0.946740790942881,9942.0,697092.2887978905,305,5758875,20778989,532552,155385,1266751,1242628,992493,785821,1307094,399537,551900,249754,1108085,684514,0,0,0,17261350
145,000581,2017-09-04,0.02689873417721511,0.016218354430379778,0.47814041948572705,47661.5,271462.97416730464,2796,169031870,205916835,1044449,684082,11923876,12687606,15056141,18089850,23208635,28883441,20387025,25196161,12456445,18234305,12865950,14140649,72089349,88000741
146,000582,2017-09-04,-0.006509357200976229,-0.008136696501220508,0.3322494187462552,18330.0,119216.71905513539,1368,36293590,33037346,1075559,1032877,7193799,7098138,6241389,5207679,5455543,6045013,3537042,3624469,1301888,4087474,489220,2609255,10999150,3332441
147,000584,2017-09-04,-0.016005567153792533,-0.013221990257480831,0.3844709930223064,22832.0,159209.79108974597,1397,46267818,42025593,594826,1144375,9216561,6446205,7176931,4590547,8800910,7947488,5744500,5655321,2305069,771879,3025271,1677177,9403750,13792601
148,000586,2017-09-04,0.0,0.008072174738841476,1.0813834634393271,10570.0,126502.31845494392,379,8046115,7689875,132109,620849,947140,1771571,1069635,854785,1408974,709314,1118817,984146,701140,309519,847600,871752,1820700,1567939
149,000587,2017-09-04,-0.006361323155216425,-0.007633587786259555,0.24021114521021603,7820.0,162695.9785361054,1071,34805529,28588860,766776,1492328,2884703,3473446,2565668,2930247,3660044,2757187,2813506,4147571,4631634,3673985,4025507,922614,13457691,9191482
150,000589,2017-09-04,-0.006908462867012077,-0.006908462867012077,0.15125235554176686,11480.0,102576.7227347536,1467,35167927,20385040,1234001,1466729,6461932,6349115,5527477,4278242,3302936,4115162,5168651,2856826,2679476,694652,956057,0,9837397,624314
151,000590,2017-09-04,-0.0024449877750610804,-0.004889975550122161,0.9218893792572543,16275.0,86097.80973092461,314,8495997,3072981,215045,324408,1449456,1771989,907213,604782,1721533,371802,1221420,0,333740,0,478632,0,2168958,0
152,000591,2017-09-04,0.008532423208191142,-0.0034129692832765013,0.16362482256482228,11600.0,148015.64316664342,1284,32588035,19717843,834990,1600114,4775550,6272933,4804839,3597778,3521251,3774393,2261298,1901102,660015,1403786,1262068,0,14468024,1167737
153,000593,2017-09-04,0.0,0.003964321110009994,0.3974361876737398,10140.0,71612.56195613445,644,9868401,11334337,454496,439029,2823994,2396187,1138172,2771813,1786495,2513354,1311661,835132,1019254,694290,0,898112,1334329,786420
154,000595,2017-09-04,-0.005703422053231821,-0.011406844106463754,0.1448732861992788,9160.5,65966.53000297204,1320,23513902,13179974,1186569,1193153,5413334,4365379,4082665,2622701,4369730,2745354,2619086,1109917,1053305,311392,1272834,832078,3516379,0
155,000596,2017-09-04,0.009708737864077666,-0.0036893203883494596,1.305100071896285,25500.0,177877.97402692147,1557,60978333,54602247,288948,1277294,5232010,8041663,13486690,6667180,10479157,10766940,3843722,4888193,4443556,4187948,2300181,3096828,20904069,15676201
156,000597,2017-09-04,-0.014680483592400706,-0.013816925734024155,0.26148993093518513,22840.0,75109.98823187833,1964,51715235,24115637,712703,1463483,19264630,7275783,10786353,6171707,6853278,2970371,2756029,2382462,3508034,0,1364493,404840,6469715,3446991
157,000598,2017-09-04,0.005272407732864526,0.005272407732864526,0.1247066951990792,11400.0,142174.18704977407,2087,37712458,52106967,1681955,2207165,7018538,9492851,4165075,6167910,4602518,8230352,3807100,2983620,2549566,1694490,2811610,1701055,11076096,19629524
158,000599,2017-09-04,-0.00589101620029453,-0.007363770250368162,0.20016138592702776,13520.0,117208.6369164715,1151,34559290,17728142,981352,1172071,5066908,5206528,5265707,2988455,4373315,3490506,2406061,1500958,1991236,693415,1829825,867233,12644886,1808976
159,000600,2017-09-04,0.005384615384615321,-0.006153846153846176,0.2251590701348824,77820.0,337805.1845619084,3337,299149188,255222909,734511,556848,14200924,12326359,22467979,21832404,40213704,46245621,40902615,37307914,35693505,26171438,20006182,20969877,124929768,89812448
160,000601,2017-09-04,0.00402684563758382,0.00402684563758382,0.20954490577768184,7510.0,100670.20773864236,1265,25272147,17900406,1574712,796020,5773921,3520995,3603521,3124902,4681882,3146228,2408715,1877620,1387032,1434681,404789,873421,5437575,3126539
161,000603,2017-09-04,-0.003215434083601365,-0.01028938906752408,0.35052091077011915,26265.0,132415.4997416726,1970,67135978,63980442,1368483,1087860,9786432,8457275,11974671,10399511,16401465,11891700,6860738,4957525,6241520,5981231,4943283,2188869,9559386,19016471
162,000605,2017-09-04,0.005586592178770999,0.0007448789571693482,0.578001895720777,32148.0,175958.05989033825,2159,87701615,81919722,823143,1074971,10609032,10841242,13415402,13988789,16624903,17670193,9905861,12019266,6201952,6245640,4969924,2755092,25151398,17324529
163,000607,2017-09-04,0.009271523178808083,0.009271523178808083,0.2510406867497586,11452.5,100777.94983606716,904,16455467,20773196,1017976,720577,3642646,3917572,3268109,2811009,3832804,2987854,938752,3152561,642756,1749818,1355118,1856855,1757306,3576950
164,000608,2017-09-04,0.009681881051175623,0.0055325034578146415,0.3318532413912196,7953.0,47535.36392136628,474,6595839,4759171,233039,488767,1377952,1672821,1733072,1099462,1471130,1010582,656721,487539,723000,0,400925,0,0,0
165,000609,2017-09-04,0.0,0.0,0.38313651911227425,13200.0,962854.8655881593,1861,291055688,70211670,2086528,300637,6512497,4273064,5869681,7167302,8451583,15040041,4631417,7870017,4190436,7020198,878852,5696238,258434694,22844173
166,000610,2017-09-04,0.06342311033883585,0.06516072980017373,0.2829584418166876,31825.5,133671.22348815855,1656,38984668,67515863,681781,923314,5198300,12913156,6851832,14994400,6627695,13250079,3300031,5536406,4944926,3673533,3044392,1723023,8335711,14501952
167,000611,2017-09-04,0.010948905109489093,0.01338199513381988,0.2415668819127835,7488.0,57735.198858557604,1158,11212404,20281875,585312,3379043,3955026,4045828,2583732,3434298,2451075,3739247,298413,1745648,302742,1032923,455104,1657748,581000,1247140
168,000612,2017-09-04,-0.0029182879377431803,-0.010700389105058328,0.21746743320393735,28924.0,143614.3034748275,2238,91089861,77827019,1134760,961125,13579343,10116483,12432380,8669004,17624105,12030949,13278826,8918315,12191974,4405491,3508236,4882740,17340237,27842912
169,000613,2017-09-04,-0.0051177072671442225,-0.013306038894575156,0.27098185532828534,11610.0,151956.50412859267,1300,35015809,22338134,1327580,1468383,5365678,6002250,5772843,3820640,5064073,2051262,2647518,1204947,1389400,1017281,924440,897973,12524277,5875398
170,000615,2017-09-04,-0.010652463382157085,-0.009320905459387352,0.27681821463187245,43210.0,186013.8447919298,2946,155164963,116147879,1137605,1276171,15106058,14728353,21003611,17000784,33383573,26393730,20308557,18765356,12624060,9314019,9661637,10695719,41939862,17973747
171,000616,2017-09-04,0.002207505518763808,0.0066225165562912025,0.142609389235931,9565.5,130663.5549971251,1010,20841759,20739455,1226822,872740,5076810,3867847,2468687,2622205,3546806,1870466,1513028,2183705,315530,679553,1390010,927145,5304066,7715794
172,000617,2017-09-04,-0.015297450424929138,-0.014164305949008527,0.49799881212174246,13784.0,71412.14732321001,1257,25532979,16471745,853001,1057408,4810735,6706840,3988917,4323187,5140115,2275218,3465810,893216,2102459,0,1334632,409566,3837310,806310
173,000619,2017-09-04,0.0,0.0,0.40148670820593874,15712.0,66375.48135470747,595,12492473,9215257,584286,541352,3972013,2602090,2351285,1497831,3774286,1751247,935307,1418203,0,398925,875296,0,0,1005609
174,000620,2017-09-04,0.022377622377622197,0.027972027972027913,0.17776345910701102,10269.0,63764.88101782953,1620,11314906,31036104,1059467,1877087,3599199,10366842,1893835,4689137,2194367,4837862,1176215,3300630,693213,1593937,0,459999,698610,3910610
175,000622,2017-09-04,-0.0016666666666665941,-0.008333333333333304,0.235308748457408,4200.0,85219.58817527698,650,9552715,7943856,430544,483460,1727765,2225415,1486283,1006443,1433016,1017298,1232808,985789,661709,391973,0,413000,2580590,1420478
176,000623,2017-09-04,0.002590673575129543,0.004749568221070755,0.48248968983656115,41742.0,227565.89670430758,2304,109518754,136420324,1388727,1057830,9711274,9115895,10652873,17386907,18046136,26553136,16245576,18426191,9140116,10846526,9149908,8836799,35184144,44197040
177,000625,2017-09-04,-0.002902757619738683,-0.002177068214804012,0.28290351447377754,16488.0,185854.97461999644,2373,90982819,54226581,3977503,1144036,14159238,8482920,10562105,8371394,13195123,9349422,8410734,8013077,4069930,4206518,3115516,2561066,33492670,12098148
178,000626,2017-09-04,0.01695842450765861,0.017505470459518557,0.5025610174566769,24024.0,146424.59715901533,1323,44861644,46805045,1066815,864667,6162872,6058862,7271749,6266598,9910648,10059608,4262914,7336096,2033112,3674402,2370282,2601917,11783252,9942895
179,000627,2017-09-04,-0.008483563096500557,-0.007423117709438043,0.17976996773727036,25191.0,179576.89754827708,2755,110927689,101987289,1304815,2279789,11564892,14550340,13428676,14036279,19905968,21623980,14701715,11590706,6316031,5435384,7135420,9722743,36570172,22748068
180,000628,2017-09-04,-0.005714285714285783,-0.0028571428571427804,0.32949924555450155,10470.0,69625.83218600175,1015,22037275,12011203,788539,949106,4873802,4016170,3496988,2239275,3682027,3386066,2152403,515852,2968002,384430,2516514,0,1559000,520304
181,000630,2017-09-04,0.003095975232198178,-0.003095975232198067,0.055751624687514656,53130.0,558021.0731764237,3403,332038611,395626123,1569277,1134461,15080866,13578772,19419516,20990814,32330563,32804480,20638992,27003188,22952498,21172843,12189312,18261877,207857587,260679688
182,000631,2017-09-04,-0.007352941176470673,-0.007352941176470673,0.09613950395658193,3256.0,56073.79674696582,1809,15854850,18237401,1884238,1480463,4707867,5684473,2946116,2968492,3545965,2765752,1181355,1155423,1014941,634920,0,1273625,574368,2274253
183,000632,2017-09-04,-0.010852713178294615,-0.009302325581395432,0.20735574015124308,9585.0,192195.863219072,968,20562574,10615670,904909,925914,4340029,3374342,2890893,1819968,3243804,1173415,1848973,1807259,363896,639252,443466,875520,6526604,0
184,000635,2017-09-04,-0.019305019305019266,-0.005791505791505669,0.41738153549127055,28811.0,148657.311510444,2466,95412234,77503854,1076147,947090,13538947,13142693,15245421,11624650,22885172,14678305,11972480,9582821,7163790,6004521,4381033,4745743,19149244,16778031
185,000636,2017-09-04,0.010548523206751037,0.0052742616033754075,0.19062500245744834,27375.5,163588.7401305294,2476,76342818,83856269,1698201,1647030,13666953,13930977,14173530,12555533,17032867,15311502,7797361,7516338,3600403,5587864,4050699,2385083,14322804,24921942
186,000637,2017-09-04,-0.002735978112175075,-0.001367989056087482,0.19761853481029848,8784.0,62564.03179016485,1369,20365176,17799518,920703,1239414,4674604,6112452,3004773,4666772,4484404,2666442,2893615,1799702,1463280,729936,0,0,2923797,584800
187,000639,2017-09-04,0.026431718061673992,0.028389623103279638,0.5518953024961449,10510.0,111284.56716372393,1371,20250829,30643762,789663,1241327,4777072,6829436,3485212,4255023,2841296,4841354,3212162,3645638,0,3004310,836323,1688189,4309101,5138485
188,000650,2017-09-04,0.010256410256410442,0.008547008547008739,0.17136758410801528,7032.0,105363.62940783567,1166,15795508,23493463,652204,1904964,4492240,3953760,2514671,3066152,2521578,2538226,1458480,2349642,671376,1317854,0,1285420,3484959,7077445
189,000651,2017-09-04,0.0,-0.0021008403361344463,0.6353792940537686,284962.5,1063684.3802134658,3592,1013256045,923047496,45673,34215,2713884,3508810,11177314,12627264,49953477,50999157,72458402,78834841,75753927,82517807,66590740,64440670,734562628,630084732
190,000652,2017-09-04,-0.007312614259597838,-0.005484460694698212,0.14027870410070575,10317.0,113159.46425045669,1523,37088250,16460495,1883824,1247872,7673169,4108848,5939501,3122275,5000803,3295254,2731977,1772385,1734059,729590,911244,899633,11213673,1284638
191,000655,2017-09-04,-0.008537886872998945,-0.009605122732123772,0.18659543252673932,28140.0,168780.814060416,2527,108183965,99415844,1255265,1921433,12421137,10691672,12841697,13028254,21494514,17572237,18166885,9482808,9065299,10278272,8038846,6258699,24900322,30182469
192,000656,2017-09-04,-0.006036217303822755,0.0,0.12199921113478063,13459.5,156131.03846997095,1664,43679344,30442271,1686257,1746300,6886819,7813250,7523189,4724470,7815864,3271058,5163484,1695927,3320576,1373519,1851618,1420422,9431537,8397325
193,000657,2017-09-04,-0.003382949932340895,-0.003382949932340895,0.3280134234476331,29420.0,172031.07068901617,2033,78366358,73255967,1207933,955418,10628246,8325669,12744402,11253042,18479598,14423232,10146426,7953513,5866576,4058209,2617555,7539500,16675622,18747384
194,000659,2017-09-04,-0.030660377358490587,-0.018867924528301883,0.14634514851654998,12630.0,163209.16179474018,840,27306695,16199216,513625,822446,4221684,2910393,3264775,2164585,4362923,1863540,3626169,2828999,2143945,1032543,1679555,461794,7494019,4114916
195,000661,2017-09-04,0.030213706705969123,0.02638172439204145,3.1950697294587114,55434.0,376226.65444137657,1804,123487491,170173929,18184,4197,7193047,9610276,9935233,11424719,25229969,16500255,10598843,15045828,4047995,14817484,7049414,9772782,59414806,92998388
196,000663,2017-09-04,-0.006392045454545414,-0.004971590909090939,0.6309922724806044,15488.0,65206.32857073768,497,10203113,9703140,418394,321922,2582479,2497752,2129485,1800258,2206413,2901039,975465,1808102,380835,374067,907504,0,602538,0
197,000665,2017-09-04,0.0048661800486617945,0.005677210056772131,0.4283722413909818,9920.0,43643.44468783487,828,9966321,10030442,883741,521925,3234083,3507275,2211162,2053314,2758846,2717668,495019,0,383470,695012,0,0,0,535248
198,000666,2017-09-04,0.0040232454179705,0.004470272686633692,0.5415455629306153,22340.0,130808.17259528501,1706,52141255,50599085,1521175,1296847,7316428,8763036,6617112,7730014,9296004,11688605,5153869,4797791,4312786,2960756,3606080,2174247,14317801,11187789
199,000667,2017-09-04,-0.0029325513196482023,-0.0029325513196482023,0.08719543650692484,5085.0,131479.47459222525,1537,27727555,10371510,2041417,905084,5686078,3527243,2450055,2132445,2875565,996214,1679830,936700,0,1041443,0,832381,12994610,0
200,000668,2017-09-04,0.0016997167138810276,-0.005665722379603277,0.9770412124594421,16547.5,143175.95950973796,326,6260123,12370124,152346,403376,736165,1573277,923657,1610133,1096622,2553036,694766,1585324,725210,2168382,482670,0,1448687,2476596
201,000669,2017-09-04,0.009726443768997006,0.006079027355623268,0.407406929155847,18237.0,97446.57889719628,1630,35803358,41976225,1270849,1386284,6520309,11519468,5514082,6774440,6874174,9656400,3566362,4809192,3014760,3802245,4101201,897571,4941621,3130625
202,000670,2017-09-04,-0.010344827586206806,-0.012068965517241237,0.15056276418338127,13776.0,160889.28216706877,1487,47780129,27776726,1147909,1230468,7160477,5697276,6096967,5418351,6345163,4534722,5442128,1991585,1404179,2332693,1393722,463680,18789584,6107951
203,000671,2017-09-04,-0.0016694490818029983,0.0,0.1380305844110653,17655.0,169553.98380673476,1890,62475893,64833394,1354487,1069009,5937397,7770801,6979349,8591833,13988053,13129697,7297944,9197582,3418551,4388698,2713792,6265287,20786320,14420487
204,000672,2017-09-04,-0.011121408711770031,-0.012048192771084265,0.20763663109058458,31920.0,143763.67032606577,2703,109030901,84811400,1190533,1389973,13778852,13790172,16325063,18228216,24404254,19179220,11943096,10255262,10377422,4102391,4844750,4493065,26166931,13373101
205,000673,2017-09-04,0.013157894736842035,0.006191950464396356,0.29785897792548566,50466.0,267047.0673416299,1885,115650520,137513592,754069,653111,7537076,7728020,9947941,13308663,13164348,24993560,11731785,24856359,7229837,10550326,5326707,9688426,59958757,45735127
206,000676,2017-09-04,0.05784526391901679,0.049891540130151846,0.2870541211380031,15312.0,152461.50799552278,2326,60266104,72809594,1369988,2162616,10857330,8860524,9182926,9724529,10983688,13133648,5568375,6899243,7034752,4002611,1378991,3135625,13890054,24890798
207,000677,2017-09-04,0.018442622950819665,0.02254098360655754,0.16931637153912377,11880.0,106343.15451551152,831,14027977,23022938,801967,928450,3155321,4324471,2741202,2793243,1773009,3837645,1233138,2530522,328680,2018500,1471022,903728,2523638,5686379
208,000678,2017-09-04,-0.002277904328018221,-0.003416856492027276,0.3761706241030002,8730.0,55157.78102181981,544,9768822,4766698,598131,697472,2330567,2176178,1748620,700753,1949483,314752,1087116,541240,686220,336303,844285,0,524400,0
209,000679,2017-09-04,0.01403887688984895,0.010799136069114423,0.34912811036424074,10252.0,67399.6050496241,703,11214170,11769740,948993,419398,3201066,2245420,2676671,2525120,1836266,2045403,1192960,1698682,693506,680280,0,937000,664708,1218437
210,000680,2017-09-04,0.011589403973510048,0.0066225165562914245,0.1342128925634071,18270.0,146205.80162344963,2029,53262547,68472501,1411751,1603471,8289541,12337633,6409306,10130717,7915224,12559042,3552971,7525394,5004232,6765990,936343,2132976,19743179,15417278
211,000681,2017-09-04,0.036446469248291535,0.034738041002278175,0.3473239034888221,21593.5,147114.27492694955,2562,80016866,98093567,1918639,967624,12808276,10938004,11783254,13193880,13924727,16734477,8199969,11569902,6632013,10277335,5731076,7175440,19018912,27236905
212,000682,2017-09-04,-0.005576208178438735,-0.005576208178438735,0.17816842169990646,9666.0,53635.08309719432,912,14070058,10125793,913330,728818,4093615,3055160,2667355,1385722,2626286,1971936,2258160,2235643,0,300720,405912,447794,1105400,0
213,000683,2017-09-04,-0.031609195402298784,-0.02011494252873558,0.06551628380938133,31924.0,253636.41367123398,2847,160619005,113376429,1565866,1451859,14741950,11369591,17147057,13988746,25514423,20004208,17193754,7926577,15859332,10951312,10401535,5231237,58195088,42452899
214,000685,2017-09-04,-0.0027198549410697437,-0.0018132366273798661,0.27838809201190223,11000.0,110274.41915052618,1570,39535713,32790878,1424278,2122223,5306779,4869286,5052242,5311799,7931877,6520672,4126031,2830584,2428322,3207879,1273759,876574,11992425,7051861
215,000686,2017-09-04,-0.005499541704858002,-0.00274977085242889,0.22133686250254547,22764.0,191495.55143387883,2431,115928351,89186861,1704630,1664662,10241656,9460269,11914215,9721336,19085997,15763323,14793335,17796157,7860263,8237930,6935234,5795350,43393021,20747834
216,000687,2017-09-04,0.00766283524904221,0.003831417624520883,0.3677690651913624,17095.0,133908.15967451537,1259,40763984,34749628,727637,941398,5715102,6353733,2957513,5928564,6489798,8553413,6928571,3376956,2991616,3765725,1387666,1835921,13566081,3993918
217,000688,2017-09-04,0.012499999999999956,0.005357142857142838,0.20968017367302821,51750.0,338644.61537233886,2865,215418268,210404578,951009,1049417,12468086,10663474,15465253,15770486,31474884,22257595,24378845,18067816,20428828,17006011,17429605,17274145,92821758,108315634
218,000690,2017-09-04,-0.011124845488257096,-0.007416563658838138,0.19844544086253538,24060.0,189699.5981350286,1663,62584982,50659917,1648314,877542,9971274,6341995,9783464,6737421,10475343,6773439,7403928,3438094,5197484,3373120,5128316,4439491,12976859,18678815
219,000691,2017-09-04,0.0027210884353741083,0.0027210884353741083,0.3694826655660878,19710.0,50317.38328860543,395,7011973,7448082,238002,377585,1755801,2053045,1390464,2368811,1688553,1964591,1939153,684050,0,0,0,0,0,0
220,000692,2017-09-04,-0.022346368715083775,-0.018156424581005526,0.24459676213475345,14120.0,86924.35051017914,857,24148297,12192326,634457,832818,3323490,3682911,3619115,2634752,6547834,3635160,2828645,1406685,2439184,0,0,0,4755572,0
221,000695,2017-09-04,0.0025974025974024872,0.0025974025974024872,0.5579072433502934,11560.0,42116.95637833936,428,4923405,4614176,350212,376852,1868119,1713213,1263893,959972,895685,812987,0,751152,0,0,0,0,545496,0
222,000697,2017-09-04,0.0,0.0,0.8422089893671667,18672.0,523647.1393056069,767,75124853,0,1366533,0,7258553,0,5239830,0,7534152,0,6640230,0,2978184,0,3735520,0,40371851,0
223,000698,2017-09-04,-0.005714285714285672,-0.008571428571428563,0.1640736988904929,13900.0,74400.71204123824,1822,45619451,25097878,2096186,1011879,10867217,4832315,9438128,5030359,8427778,5939816,5851101,3373466,2409835,1937021,2720977,464548,3808229,2508474
224,000700,2017-09-04,0.00273972602739736,-0.004109589041095929,0.15869209061317627,32670.0,115114.48306707262,2119,87837712,44473492,989037,801216,23727573,6833460,16379628,7844416,14572953,12519387,8864058,6138168,3526674,4539427,2757941,1761854,17019848,4035564
225,000701,2017-09-04,-0.013333333333333308,-0.013333333333333308,0.30294564557235865,23958.0,117562.27933419206,1986,69083662,44071172,1027383,1519851,9058754,10780401,12085502,10491529,13888891,10990481,8669399,4895138,3373633,2785565,3139982,961637,17840118,1646570
226,000702,2017-09-04,0.0235294117647058,-0.0009803921568627416,0.18563191450564642,40520.0,429419.89607216825,3039,161846503,144421485,2013493,610414,20955131,9805342,26095163,13217918,32400528,21216863,21314046,11712461,8851502,7957806,6214436,10786101,44002204,69114580
227,000703,2017-09-04,0.0011926058437685683,0.0029815146094216427,0.3372354693138488,11756.5,81466.26024893408,2476,30175979,55712884,931709,4007093,5365317,14511732,4598776,14567603,5531024,9170560,1764305,5122983,1678693,2497515,1436173,2648340,8869982,3187058
228,000705,2017-09-04,-0.001941747572815622,-0.003883495145631133,0.26888537879514784,3078.0,42657.88689236242,1469,8336923,7176430,1156962,1603258,2938548,2746438,980889,955126,1259278,537537,488052,0,308100,0,0,822571,1205094,511500
229,000707,2017-09-04,-0.005369127516778538,-0.005369127516778538,0.23047767406565484,14060.0,88430.17080006526,1045,23436063,18466266,974028,963353,3915848,4749782,4117961,4746220,4317284,3266148,3009641,2357081,1055853,760315,963100,451608,5082348,1171759
230,000708,2017-09-04,-0.019410496046010084,-0.01869158878504673,0.28817890161493837,24732.0,133232.78978353442,2333,83075318,76324064,1349188,2227999,10615811,9594717,11793063,12625310,18175746,15474932,10370091,12725893,5641882,5951646,7895324,3512393,17234213,14211174
231,000709,2017-09-04,-0.017751479289940808,-0.021696252465483346,0.08492403333649289,177674.5,1110046.4530350906,3584,807947006,772185447,592897,272152,7997748,7660390,19581183,20888911,48631964,45896189,48868554,54590012,44931834,45395439,34443756,38530277,602899070,558952077
232,000710,2017-09-04,0.003760683760683836,0.007179487179487243,1.3712595558765541,29535.0,193275.5172778185,1821,69705692,64635777,632478,974500,8847113,8362616,9963954,10462525,15026042,12216191,7520971,9038076,6917394,1666042,4287193,1791265,16510547,20124562
233,000711,2017-09-04,-0.008603573792190566,-0.008603573792190566,0.38336929972935957,10479.0,110457.05425803148,1555,34842950,18795101,1937063,975927,8392830,5649738,5698530,3489311,5040107,3146491,1147898,2236248,2079042,661704,490364,450000,10057116,2185682
234,000712,2017-09-04,0.02642487046632125,0.03626943005181338,0.39897606230831456,45931.0,291095.2781925101,2342,142602723,162553369,1446677,1022076,10121211,9515296,13870461,11815318,24621784,23997777,18210526,15851847,13499568,10202762,11148270,11915460,49684226,78232833
235,000713,2017-09-04,-0.0012195121951219523,-0.0012195121951219523,0.39595141582273136,17974.0,76273.57627486924,428,10597466,6740745,338725,375064,2516421,2190006,1925080,1263216,2446152,1230219,1673355,776710,313677,311600,429450,0,954606,593930
236,000715,2017-09-04,0.0018181818181817189,0.0027272727272726893,0.4023901714387649,5500.0,36983.49750004582,747,6711147,5336806,695470,1071576,2026980,2539081,1290321,628895,1300379,602350,469087,494904,330000,0,0,0,598910,0
237,000716,2017-09-04,0.00591715976331364,0.004437869822485174,0.17800571877322804,11492.0,80937.8428766363,1443,26313499,23322682,1462962,1281738,6671113,5317704,5571099,3084484,5428299,3546861,1267221,1359810,2435426,3413531,1252767,1317615,2224612,4000939
238,000717,2017-09-04,-0.06878306878306861,-0.06560846560846556,0.1586677447088298,190800.0,1503966.4888472774,3567,915346069,1024067245,326082,474335,6382136,9977045,14625448,20440660,35268887,53949895,39128268,51559628,35461966,42581481,43541104,35462058,740612178,809622143
239,000718,2017-09-04,-0.001808318264014619,-0.005424954792043413,0.13116206121525603,4436.0,197072.45090664452,1780,51402271,15585293,2897221,894424,6045701,3258947,3807325,2758824,4449723,2569643,1753080,1245612,1177335,1024330,404985,857325,30866901,2976188
240,000719,2017-09-04,-0.009165902841429818,-0.010999083409715893,0.32844059996631497,4300.0,107752.66069682677,1104,16619228,11521975,1149140,989830,2437446,2912230,1901071,1369586,2559316,1933480,1175888,849624,674340,322245,1306283,944600,5415744,2200380
241,000721,2017-09-04,0.02422611036339184,0.02288021534320328,0.21458501277623035,14940.0,77259.95640884344,1199,19825888,27299974,1061191,1298586,4756363,6424794,4059046,4800818,2699340,7105811,2016124,3457411,1805576,2168720,442088,1234434,2986160,809400
242,000722,2017-09-04,0.0,-0.0008216926869351049,0.5152317847206601,12220.0,94555.96967758432,557,9822914,9820189,537540,474798,3233322,2180790,2019344,1618803,2269319,2426270,930429,839728,0,0,0,486400,832960,1793400
243,000723,2017-09-04,-0.02763018065887357,-0.02444208289054206,0.17792140743629697,46700.0,433840.51218649384,2805,357743582,228493039,1090378,2003186,9019601,10718722,11441124,12560362,22742866,21132653,19795453,18134991,22906041,17619028,24216569,19965985,246531550,126358112
244,000725,2017-09-04,0.018276762402088753,0.018276762402088753,0.0643160721212312,75852.0,1058037.5343869096,3585,482406962,763108945,481483,741941,13153943,17514789,25145922,29266000,39688241,46628448,26935125,35635805,18766039,27525382,19091081,22629748,339145128,583166832
245,000726,2017-09-04,-0.011589403973509937,-0.009105960264900625,0.26298073935527694,18075.0,68476.06469295498,2113,37538412,34844255,1598373,1278412,10812733,10841237,7436220,9845757,8377884,5692283,1656309,1741753,2155064,2841213,2321582,943200,3180247,1660400
246,000727,2017-09-04,0.007067137809187329,0.0035335689045936647,0.06980878588915766,8460.0,194191.61807936474,1656,37452879,52384379,1789731,1401779,4991442,5560512,4214410,3731201,4694903,3836589,4370006,3366604,2418972,2708913,1422270,3082521,13551145,28696260
247,000728,2017-09-04,0.010973936899862924,0.010973936899862924,0.2620687461331252,75556.0,431422.9192132064,3097,310638597,343679850,779981,974951,11101930,11713061,17959564,17584604,33888267,39096961,29158270,33454504,26072619,25125068,18356617,25442962,173321349,190287739
248,000729,2017-09-04,-0.0060975609756097615,-0.0060975609756097615,0.16072474151536373,7183.0,81509.99062295654,1668,26290998,25715711,1156366,2376224,5632870,6574444,3755711,5649417,2607580,3876506,2515087,1331767,4250182,1639122,1310773,1682871,5062429,2585360
249,000731,2017-09-04,-0.0177383592017738,-0.015521064301551979,0.19638984068630785,13380.0,141890.20828910935,2112,68936063,40838821,1333245,2665378,8570044,8829404,8605562,7563291,10796324,9299129,6810946,4083586,5522037,1770940,4003103,2323195,23294802,4303898
250,000732,2017-09-04,-0.006606606606606613,-0.0018018018018016724,0.4064607553789975,8315.0,41318.00616916392,1680,21957817,15388552,1974492,1455014,8720796,6328069,4448415,3310817,3505531,2377103,1495765,879487,970098,320448,842720,0,0,717614
251,000733,2017-09-04,-0.0066225165562913135,-0.0066225165562913135,0.3569367386544904,21502.0,120558.73535331816,2166,68573894,56531531,1757315,1230421,13282738,8255711,10802566,9472526,13180394,12774628,8715591,5249968,4183701,4403243,3084028,5075453,13567561,10069581
252,000735,2017-09-04,0.012875536480686733,0.005722460658083017,0.16558362217169523,14190.0,186225.51732305746,1784,50571237,59423626,2168181,1140426,7621073,7150757,8337976,6764391,9003968,6501617,2966524,6676612,3916589,4166141,3070419,3434312,13486507,23589370
253,000736,2017-09-04,0.002169197396963085,0.003615328994938549,0.6161671903711586,6955.0,39027.51427436344,503,5468069,4579629,522279,739789,2038708,1287142,851002,1039295,954896,1024007,688948,489396,0,0,412236,0,0,0
254,000737,2017-09-04,0.0015873015873015817,-0.01904761904761909,0.18216715733247693,13062.0,143432.3735120631,1197,36366584,21038007,1027218,1167919,5222548,5004520,4519450,4905602,4680693,3843570,3308384,1327342,1714849,2484840,412300,0,15481142,2304214
255,000738,2017-09-04,0.005586592178770999,0.005586592178770999,0.4119872471970043,21824.0,192168.02572744564,2285,75189088,92461772,2767035,1277196,10028522,9155286,10743616,9130664,21253801,14658013,11143197,13648532,4941801,8391279,1823195,4820242,12487921,31380560
256,000739,2017-09-04,0.0028169014084507005,0.0,0.2026308028734219,1422.0,33296.23138604529,1228,7832900,4885855,1528194,612824,1955779,1265378,1629376,655532,1134713,1128892,484930,475061,1099908,748168,0,0,0,0
257,000750,2017-09-04,0.004823151125401992,0.001607717041800738,0.12509817576462626,20427.0,186328.88159899763,2479,88881668,71938123,1403715,1681452,10067392,15332202,10459548,11033548,13535689,11496009,6240508,6214437,6591859,6890783,5058871,2620546,35524086,16669146
258,000751,2017-09-04,0.055384615384615365,0.06000000000000005,0.10988803968668416,140556.0,1818697.2921404587,3521,1056400826,671814858,675024,736044,9957989,10308264,18257127,17551518,39485184,35430850,39805337,33434046,37178061,34738242,39449036,31032205,871593068,508583689
259,000752,2017-09-04,0.02732644017725261,0.02732644017725261,0.41220870110333035,16176.0,167341.17710475516,1079,24019114,30113716,985230,744707,5356552,5738721,4887751,4331647,4045388,2815389,1506537,2389178,726981,1672196,0,2192290,6510675,10229588
260,000753,2017-09-04,-0.01039501039501034,-0.012474012474012364,0.14445166099233517,11875.0,83034.07836257713,1110,25753231,17148068,1023268,1232511,5488385,4719126,3176327,2898748,5013409,3839562,2468761,1613242,2186549,695526,2212327,479384,4184205,1669969
261,000756,2017-09-04,0.020471464019851116,0.009305210918113982,0.4087017191798167,16379.0,140262.16595576005,1558,41327091,31518990,1783176,989197,8419347,5276306,8831286,7642506,5936456,5950936,2546286,3239195,2396155,2684871,1799828,867600,9614557,4868379
262,000757,2017-09-04,0.01375515818431916,0.016506189821182904,0.22708807768522277,14800.0,81151.72346955995,1025,19247699,22746564,899639,819627,4647183,5246414,4151735,4069175,3867867,3710633,2148325,3356917,1116959,1793527,429520,889200,1986471,2861071
263,000758,2017-09-04,0.0012077294685990392,0.0024154589371983004,0.15523918991377705,43936.0,293755.34720839583,2851,196862631,196236024,1695961,1377380,12406937,11173991,15377335,15550239,30116927,28339741,22816761,18606645,15845568,20530836,18846851,11965867,79756291,88691325
264,000759,2017-09-04,0.013129102844638973,0.010940919037199182,0.2358230020072894,9210.0,55978.58335744565,1502,10054988,26064433,728893,3981172,3501502,8170962,2463881,3494059,1903256,5169934,1457456,1030887,0,627901,0,886923,0,2702595
265,000760,2017-09-04,-0.01393354769560562,-0.011789924973204635,0.3284156349230742,13905.0,88936.075580614,807,18285071,14479451,594572,896985,3520795,3633322,3908527,2376043,3464678,2491723,2033571,1070271,1418060,942929,882607,1339914,2462261,1728264
266,000761,2017-09-04,0.0553892215568863,0.03293413173652704,0.1176288174650449,53263.5,986813.2744686785,3250,541538856,387304959,1342323,1262140,11014944,12198916,17186851,13120240,33443587,29653390,22819366,18366647,21687816,23594487,20909053,17594433,413134916,271514706
267,000762,2017-09-04,-0.004804804804804719,-0.007207207207207023,0.3310927648429775,33200.0,206633.7910126961,2531,145181036,92939526,1300546,1511283,12135950,12318928,16258365,13308723,24474286,18357894,13851500,13373457,10826024,9697149,6079055,4414435,60255310,19957657
268,000767,2017-09-04,-0.0055248618784530246,-0.002762430939226568,0.0982121069298823,1810.0,48569.095380348765,1362,16971419,7471641,1606528,541994,4150708,2327293,2970836,1184981,3785089,1878758,1920020,449806,330480,670633,0,418176,2207758,0
269,000768,2017-09-04,0.01264488935721797,0.01001053740779767,0.3711882469499324,47525.0,351505.1980865486,2615,158750658,199514158,1313413,1271787,10111712,11167468,15302837,15020891,30577001,23501311,22036020,18921641,12328027,21950491,13003410,8425562,54078238,99255007
270,000776,2017-09-04,-0.0015495867768595684,0.0,0.33589394411855655,98277.0,539276.5375969887,3324,480687582,354766479,701463,660902,14483521,8310602,26374848,15836559,49729827,41427606,34289246,31950444,27051086,30086521,32293479,21803184,295764112,204690661
271,000777,2017-09-04,-0.006104328523862335,-0.00721420643729187,0.49035755991994734,18115.0,152909.86615000633,1350,43885060,28640429,985273,1035633,7898718,5933919,6446835,5066458,7864500,4671979,3573714,2404780,2652854,356994,3154316,871415,11308850,8299251
272,000778,2017-09-04,-0.00712250712250706,-0.00712250712250706,0.12488550958792041,48825.0,455005.33153944224,3168,279401632,224911451,1406023,1190024,15146360,13300481,19447191,19808905,33933679,28165623,26801424,23347284,19715129,15002360,19715672,17366333,143236154,106730441
273,000779,2017-09-04,0.04582763337893292,0.03830369357045149,0.3837876088093858,18168.0,101754.69913129217,1454,33923288,40083478,1151777,805436,6675188,6750574,8126230,6855108,6484002,7520229,3363790,4067139,3101291,4586718,2189109,1865900,2831901,7632374
274,000780,2017-09-04,-0.021818181818181848,-0.021818181818181848,0.13887695374812323,17143.0,131632.61521794478,1571,54845486,31204279,1080128,1109394,7836540,6217295,8255412,5637976,9667680,7122856,5922982,4447104,3562367,2151196,1402275,1341523,17118102,3176935
275,000782,2017-09-04,0.014054054054054133,0.0108108108108107,0.3103526242759614,8455.5,112348.85583761727,888,9973127,19972513,680407,1532618,2672082,3776018,2164450,2446729,1100437,1877187,1040300,1208599,723921,0,420970,1852979,1170560,7278383
276,000783,2017-09-04,-0.002979145978153075,0.0,0.1985738822115421,26130.0,215124.79533387235,2574,93368780,114927813,773700,1709788,10129577,16512303,11711170,14567891,15003609,15529151,9615978,10577561,5882914,7246835,8001388,6202205,32250444,42582079
277,000785,2017-09-04,0.014732965009208066,0.007366482504604033,0.5103933353812811,10870.0,71740.66608293515,452,5192645,8885846,238275,777751,1672084,1632737,2190597,1428498,877353,2014321,214336,0,0,1098384,0,842155,0,1092000
278,000786,2017-09-04,-0.003529411764705781,0.0011764705882353343,0.309819844490326,59850.0,288956.87141734984,3013,216377589,194189406,960025,765484,12874837,12636931,19784286,21310121,38135690,40339963,23820937,25411301,18584270,17393624,13325570,12566064,88891974,63765918
279,000788,2017-09-04,-0.004761904761904856,-0.00666666666666671,0.3814856495514838,16720.0,137021.82080225935,757,26355336,12391467,432711,526836,3560068,3319663,3441867,2848258,3537432,4143838,3813311,975540,1090381,0,1747554,0,8732012,577332
280,000789,2017-09-04,-0.018226002430133725,-0.020656136087484844,0.1780959143685373,15437.0,180479.84123274896,2138,92411255,32631332,4886069,1093568,12044568,6747716,11583312,5308899,12997654,4030000,9377932,3281644,7222820,2088871,6096587,4343870,28202313,5736764
281,000790,2017-09-04,0.001054852320675037,-0.001054852320675037,0.3696812551752705,16235.0,92875.61512470868,657,20991071,11908464,870898,424891,2709410,2261697,4666335,1755621,6031777,3300929,2829147,1483242,655883,1449108,1412301,474000,1815320,758976
282,000791,2017-09-04,0.0,0.0,0.2556026991096344,10725.0,59446.47944977243,1049,15498780,13005581,1538806,1029592,6026206,4018465,2961002,2154132,2832917,2173875,1055929,228803,0,372670,0,870015,1083920,2158029
283,000792,2017-09-04,-0.0034217279726260763,-0.0025662959794695572,0.25948530665217584,31617.0,296167.5813952049,2032,122819162,106175828,1021709,946772,8296881,9108457,9828979,10348020,15949567,15476644,13325075,12571154,8094383,8646619,7048068,8077540,59254500,41000622
284,000793,2017-09-04,0.0065543071161049404,0.0065543071161049404,0.3008247706605676,10760.0,147240.82547757326,1260,35815021,39243951,1039730,850067,3810721,5300105,3611730,2918871,6642448,6349668,5228343,4276967,3978316,4322608,1792067,2634077,9711666,12591588
285,000795,2017-09-04,0.03221476510067123,0.016107382550335503,0.1361424131502226,40174.0,149675.17443981933,3001,132312424,125428069,1573096,1350269,14784163,15371672,20789865,17757560,32374852,32666023,17210137,14303918,11235238,14425913,7124221,5738710,27220852,23814004
286,000796,2017-09-04,0.10980966325036601,0.10980966325036601,0.2641843573978136,34366.5,386217.22182518116,2680,90640013,153099841,1537859,964444,13921163,11632112,12835152,14641615,21195458,31639032,12324367,22413416,8091096,11912266,3566724,5795906,17168194,54101050
287,000797,2017-09-04,-0.008976660682226356,-0.007181328545781018,0.33315345237044725,17632.0,191478.94320578818,1118,46415213,22104849,829622,717951,5448893,4106042,5714278,4296173,8012325,3662945,6793247,2747920,3092145,2509568,899770,442690,15624933,3621560
288,000798,2017-09-04,-0.00634249471458781,-0.0042283298097252064,0.3749035040595343,9390.0,52046.2336357543,636,9346639,6005777,558024,880101,2607609,2589921,1994664,1226551,2388871,142880,652371,0,0,696324,488500,470000,656600,0
289,000799,2017-09-04,-0.018058690744920836,-0.024078254326561188,0.5079558833232779,42208.0,253132.49778602517,2739,168748894,133127188,746603,1160296,12164333,14209557,16569158,18511537,25177505,23455000,21188364,16900548,13490087,10553091,6710352,7404243,72702492,40932916
290,000800,2017-09-04,-0.0009478672985783199,0.0009478672985780978,0.21082730566679334,21260.0,191716.7875314451,2507,100154579,73667510,1734813,1054135,12475923,10391099,13296331,8337789,17583724,10772916,7847454,10765906,8980285,6348876,4401420,4359613,33834629,21637176
291,000801,2017-09-04,0.0011947431302272715,0.0035842293906811484,0.21948033775940443,20064.0,107216.18499678586,1455,45662725,28233629,965704,1290336,6646554,6659592,10693540,5999767,13442550,5562234,4685922,3009614,1406581,1340380,1313483,2196997,6508391,2174709
292,000802,2017-09-04,0.014367816091954033,-0.0022988505747125743,0.3502304619934568,34140.0,137409.84599293844,2469,107321567,79349546,1242175,1393299,12135042,12850365,16593167,13358510,23354735,20953046,10163091,10359265,10941946,5421104,4959645,4376386,27931766,10637571
293,000807,2017-09-04,-0.02490842490842493,-0.01831501831501836,0.2361583933408225,123464.0,742526.4993408028,3353,606134086,453050691,576699,758620,8370680,9826616,19615479,17169150,43215134,39850101,37078211,37762364,51806892,34119705,43156726,35410780,402314265,278153355
294,000809,2017-09-04,0.0,-0.0024691358024691024,0.22578733063028472,12120.0,99784.03060669512,321,9933456,5033010,233478,261185,1357846,1126334,2700812,973262,1397710,893868,1741937,404500,323200,0,450460,811025,1728013,562836
295,000810,2017-09-04,0.004595588235293935,0.004595588235293935,0.40193537355477527,6546.0,39934.236682147864,732,7734909,7480329,623311,1018155,2670410,2235037,1316156,1504792,977903,2054966,1418276,667379,728853,0,0,0,0,0
296,000811,2017-09-04,0.003980099502487455,0.0009950248756218638,0.2292474507465171,5040.0,76181.88182858842,1922,26101502,23306173,3070308,661633,5492115,4477317,4836313,2588295,6914350,5473704,1356887,2749967,1265134,2056069,1770821,412552,1395574,4886636
297,000812,2017-09-04,0.009132420091324311,0.005707762557077611,0.3272129165747001,13192.0,59873.62499267505,716,12151118,12343147,596220,903978,2644065,4027787,2910393,2405499,2484680,2124520,1510009,1344583,709074,655780,1296677,881000,0,0
298,000813,2017-09-04,0.010714285714285676,0.010714285714285676,0.2627514572818514,6808.0,49970.95674941818,1022,11387299,12892701,1130677,1181943,3169106,3711538,2663254,3196126,1765489,2463005,916136,738945,706220,1101344,443371,499800,593046,0
299,000815,2017-09-04,0.023034154090548098,0.02223987291501195,0.41098912723644004,16750.5,52085.21871849521,938,14522460,16862774,730004,560864,4912856,5486742,3410837,3430094,2649837,3783485,1452504,2399474,1366422,766500,0,435615,0,0
300,000816,2017-09-04,-0.01278409090909094,-0.009943181818181879,0.17103684329613278,15136.0,152560.993306824,1700,63083324,36281901,1647622,995977,4312472,6594354,12167473,6889360,12719766,7775793,6634484,4971129,1959802,3491360,454710,2207579,23186995,3356349
301,000818,2017-09-04,-0.010265183917878451,-0.01112061591103497,0.30681427879819856,16142.0,186312.08727005817,1454,56334789,31306463,868981,1206894,6708156,7262754,5675242,4813311,8054150,5088675,5969458,2291149,3809633,2976739,859844,410380,24389325,7256561
302,000819,2017-09-04,0.01452513966480451,0.02625698324022352,0.5545614762236207,18000.0,84162.9634038849,1042,20345443,22191551,892514,879735,5545691,5286373,4218313,2975644,3604869,3153118,1875002,2629050,2138051,2559232,902612,436171,1168391,4272228
303,000821,2017-09-04,0.04313725490196085,0.04313725490196085,0.25909020306463726,20560.0,129644.59487385946,2424,47190086,83627150,1112726,2324539,10017512,13563257,9327089,15071165,10061760,16386052,5128180,6787321,2013751,4880486,1827982,4406214,7701086,20208116
304,000822,2017-09-04,0.009322033898305104,0.02203389830508473,0.20556372417744534,80065.0,475417.16637690377,3306,347241177,311231476,927643,904571,12892514,11050442,21497554,17700664,39854981,37917857,35674876,36842692,29372034,28008321,23645895,19826693,183375680,158980236
305,000823,2017-09-04,0.014637391882900808,0.023952095808383422,0.3283569535604761,29298.0,224628.42282583073,2097,98224714,110470844,1785707,863055,9052177,7226960,10266820,8592177,16964874,15358260,10829738,15086330,9921450,13361052,9369508,7860466,30034440,42122544
306,000825,2017-09-04,0.03407155025553665,-0.005110732538330498,0.0988551949752082,116820.0,1521087.992997944,3545,738505191,666867605,642825,592802,15786143,7394418,26955422,15142632,57251700,32767219,46469481,27114565,43645554,24060075,31077463,29442884,516676603,530353010
307,000826,2017-09-04,0.024992561737578134,0.027075275215709738,0.6702013611393934,37796.0,539364.2415398571,2516,159794388,200997340,841435,1146812,10056837,13110671,13969477,14443550,22134714,26283279,14539952,13425799,10760488,11927108,6057394,12596937,81434091,108063184
308,000828,2017-09-04,0.00469851213782313,0.003132341425215346,0.33605526937260843,15443.0,113527.98037625567,1444,38375058,37443523,821422,992400,5766551,5846759,6514303,5332375,7323363,7165109,5914531,4399111,3647699,5047881,2662005,834331,5725184,7825557
309,000829,2017-09-04,0.0028142589118198558,0.004690431519699834,0.257963950780143,10650.0,74082.7247768646,1708,22553854,24920891,864003,2304643,4786642,8891125,3710487,6878511,4291444,2996713,1124519,932358,648285,2021025,1304296,896516,5824178,0
310,000830,2017-09-04,-0.015732546705997996,-0.014749262536873142,0.17498525001252413,61579.5,315953.00211287104,3384,304159846,203628313,1095499,909143,15176114,12425559,23274307,18368953,46750492,35741258,31648273,26599764,25173174,19132348,20524769,16266050,140517218,74185238
311,000831,2017-09-04,0.022580645161290214,0.015483870967741842,0.27952538089667833,56088.0,320566.0296474642,3079,220351099,194865455,1201232,1130399,11920648,13346974,19901571,21110231,38068087,34988144,22140351,25346506,20597253,12804083,13985409,12051593,92536548,74087525
312,000833,2017-09-04,0.004848484848484658,0.0036363636363636598,0.24368888398573185,16560.0,88099.95435865181,1146,24816663,24863703,1079898,1195701,5547537,5749965,4242752,4396477,5289027,5260772,3705052,3568283,663856,1980336,852890,2087784,3435651,624385
313,000835,2017-09-04,-0.0010266940451745254,0.002053388090349051,0.29483996157518794,18563.0,80564.40281407541,1091,18507763,21429381,950672,1264502,5030924,7387025,4152479,4387023,3647411,2423048,1400375,1668331,677244,647968,1861038,408106,787620,3243378
314,000837,2017-09-04,0.010230179028132946,0.010230179028132946,0.20589737303731162,15840.0,95050.48798538883,1443,30904122,35907880,1246751,1256190,6194014,7571091,6361321,6337000,6608364,6455333,2647788,4294961,3074453,3743833,409981,1420236,4361450,4829236
315,000839,2017-09-04,0.023809523809523725,0.05036630036630041,0.1826701342343555,247598.0,1373929.532770716,3581,904971626,1355281007,144318,170494,5102478,5713124,15350808,17103557,45777701,51200081,51572462,47269304,51568198,46416003,39214074,48503628,696241587,1138904816
316,000848,2017-09-04,0.008667388949079147,0.006500541711809138,0.22638257436116552,18500.0,127181.29409471204,1663,32638528,44594291,1181472,1461122,6503154,12673287,4046067,6747720,4468794,7511905,2211386,3883398,2937594,1403152,1381837,3218860,9908224,7694847
317,000850,2017-09-04,-0.0055248618784529135,-0.0055248618784529135,0.22013168708903497,7546.0,75880.87849265379,608,12450508,8015217,610396,413524,2040284,1861347,1297733,762296,3097440,1780327,3128458,1228706,347116,942300,0,486717,1929081,540000
318,000851,2017-09-04,-0.007547169811320753,0.0037735849056603765,0.30960809309903486,10620.0,104776.56856108925,1172,23187108,22042374,590353,1714017,4085033,4223147,3115881,4047439,3913447,4285122,1929624,2277734,2416129,1806615,849718,0,6286923,3688300
319,000852,2017-09-04,0.003389830508474523,0.0013559322033898091,0.26489735340635895,47360.0,162197.96134472315,3103,154705495,141122889,1102596,1039270,15312178,14833726,21302511,23404433,37609862,34210213,21183151,20298838,13960670,14237689,8840807,7576174,35393720,25522546
320,000856,2017-09-04,0.01633333333333331,0.010666666666666602,0.5565890904269113,54576.0,234559.79814591998,2906,155056830,178071346,1055134,1245309,13133905,11342322,22625567,21107601,33677378,31206777,16623609,19076906,17202380,12961935,11012902,12301175,39725955,68829321
321,000858,2017-09-04,-0.022362488728584373,-0.020018034265103735,0.9430368670392607,131268.0,672415.4598345293,3458,670700650,531747506,364525,271669,9454382,9973970,21948420,23015150,34741404,47481032,30455593,37324950,36327217,36288484,40751263,33476046,496657846,343916205
322,000859,2017-09-04,0.0038535645472059787,0.0038535645472059787,0.16718980138964995,13000.0,72165.02915172759,964,15258455,18008141,571798,823949,3287482,5180285,3855987,3205398,3126291,1550279,2876232,2391652,994250,2072936,0,896982,546415,1886660
323,000860,2017-09-04,-0.009063444108761365,-0.007049345417925457,0.49427519390102914,31584.0,121259.05036138245,1614,65366296,39365743,902470,1102757,7405727,6040190,16192377,5933373,18494907,8997704,5795988,6323105,3808861,2437732,2674160,1296178,10091806,7234704
324,000861,2017-09-04,0.00536193029490617,0.00536193029490617,0.13827917780807034,6341.0,77833.86044952724,728,12889925,8690254,829843,514179,2879175,1780681,1947041,1342945,1687564,1449847,2359775,642272,2206186,674252,980341,402164,0,1883914
325,000863,2017-09-04,0.008486562942008335,0.005657708628005631,0.29287777238312024,14190.0,132710.47670510234,582,11923513,15411995,462853,567143,2392767,3244104,2028420,2994050,2306544,2152013,0,1373155,1070323,0,428830,1779798,3233776,3301732
326,000868,2017-09-04,0.011650485436893065,0.009708737864077666,0.17462906349275367,4172.0,69632.67397323821,870,10956041,12850394,708133,506304,2295162,1965209,2064582,2260538,1719656,4834900,1257249,1020258,331002,759358,0,471223,2580257,1032604
327,000869,2017-09-04,0.004722222222222294,0.005555555555555536,1.0855320382699185,21654.0,126021.01095437814,1099,36215026,26710758,685383,732556,7087281,5358208,4674294,4130565,6816995,5187292,4171832,2367974,2497220,2401630,1379427,431759,8902594,6100774
328,000875,2017-09-04,-0.0038986354775827348,-0.0019493177387913674,0.16307685740871952,10220.0,91238.79299750821,990,24530201,11308028,1073793,634860,4958210,2879591,3535127,1842635,5851701,1330742,2745910,990815,1368966,311610,423619,915053,4572875,2402722
329,000876,2017-09-04,0.0026490066225166586,0.0026490066225166586,0.1784295983038993,16632.0,194338.75880553894,1792,52094772,58131611,1312700,1733141,9419335,8209803,7636429,7136813,6955566,7308977,5413051,4368765,6266438,4541540,3744419,1734038,11346834,23098534
330,000877,2017-09-04,0.0023237800154918276,0.0038729666924866013,0.23609672906487952,40693.5,168382.05750163863,2992,137821131,130249733,1315137,1068795,15836819,12580209,25038731,18076266,30335731,26200718,19310285,14580695,8552794,11910314,8453350,8377595,28978284,37455141
331,000878,2017-09-04,0.008285532186105948,0.008922880815806389,0.2845137703566537,99386.0,656085.1016083752,3049,370569990,459293189,672559,636264,8688393,8628125,16445916,23215677,36014883,32260404,37870971,39943409,28500465,26277470,23081740,21352533,219295063,306979307
332,000880,2017-09-04,0.0,-0.0008635578583764403,0.4435687089963137,11580.0,52738.51399324867,681,13213934,6645751,367077,592336,3415860,3509179,2671959,818419,2768290,639610,1992648,754435,1323050,331772,0,0,675050,0
333,000881,2017-09-04,-0.009924109748978283,-0.007005253940455147,0.5224081505281449,16910.0,98437.65125818206,1075,28613265,20688034,1119954,688244,4673115,4495097,4329722,4099220,7549347,5473976,2623941,1636447,1431009,1024472,3076093,407759,3810084,2862819
334,000882,2017-09-04,-0.0027247956403269047,-0.0027247956403269047,0.12700344980350078,7320.0,67146.24635271066,836,14916579,9254056,888949,588809,4065326,2204886,2474141,1190376,3780360,1984266,934593,531049,1752436,772626,457134,464622,563640,1517422
335,000883,2017-09-04,-0.0039215686274508554,-0.0019607843137254832,0.13002319053536834,7635.0,73815.12289910899,1542,25967470,19991311,1533723,1747604,5176047,3789043,4377729,6138024,6296452,3203352,2426819,1478131,1836299,380732,2020970,0,2299431,3254425
336,000885,2017-09-04,-0.019902912621359237,-0.019902912621359237,0.3953857979296175,34442.0,125777.93335670696,2715,120423876,82667780,771338,1089314,14901255,15003673,17589382,14349429,29162623,21686936,15737319,12739349,8231507,5376484,7952127,3062116,26078325,9360479
337,000886,2017-09-04,-0.015873015873015817,-0.006349206349206327,0.17004040787182093,12700.0,112182.63863632368,1374,41533378,27064183,1408689,682834,6381504,5054319,4742573,4394444,6740118,6145587,3311872,2471054,3893674,2728252,4023157,961644,11031791,4626049
338,000887,2017-09-04,-0.007306889352818424,-0.01096033402922758,0.46303205306457995,32240.5,291778.37785887794,1712,124830787,74778317,971969,1228187,6635917,8500925,10003932,8106974,16183115,12100004,10241103,8463580,8420863,6743369,5777644,4573216,66596244,25062062
339,000888,2017-09-04,0.028936170212765955,0.028936170212765955,0.2571418646393789,8288.0,76238.04150208774,2089,23733627,43405458,1100519,2549129,5955245,8664698,3766938,7798956,4224319,7148726,4260796,6341645,1079557,4209189,1353219,1733487,1993034,4959628
340,000890,2017-09-04,-0.007389162561576179,-0.007389162561576179,0.22773206421554287,11248.5,68454.47637499492,1272,25243874,13415790,1326864,1070308,5738602,5299180,5010406,2654047,4187848,3322402,2448353,655278,2336443,0,895287,414575,3300071,0
341,000892,2017-09-04,-0.004938271604938205,-0.006172839506172756,0.29904690066725514,13736.0,111963.05021765252,733,19112742,10152948,617803,764099,3127700,3331996,2959452,2157835,4155816,1584038,1241733,1139832,1350384,364312,885097,810836,4774757,0
342,000893,2017-09-04,0.016826923076923128,0.02043269230769229,0.2285499918088529,17130.0,85791.57706325629,1326,30581523,31631904,954037,1185732,5261722,6725759,6890189,8256060,6048162,6083456,4358751,3991042,2762063,1386705,2132749,920800,2173850,3082350
343,000895,2017-09-04,0.021333333333333426,0.01777777777777767,0.444627883541748,25157.0,233259.44412289336,2562,118360374,139413097,2415630,910705,15661211,8842052,11169727,10563387,16344976,20265296,12042500,13824364,7253429,14970986,7845161,13396006,45627740,56640301
344,000897,2017-09-04,-0.004484304932735328,-0.004484304932735328,0.12271771132978143,8860.0,113564.71286297786,1323,26976859,15234928,1828456,1162602,7279086,3733585,3817979,1106755,2653498,1102221,3096395,2361027,2012263,635508,2651616,1871409,3637566,3261821
345,000898,2017-09-04,-0.03307888040712481,-0.03435114503816805,0.1343803820104626,57912.0,557124.0193699667,3435,403289372,318862844,1745759,1042784,15192159,9874076,18469344,16617114,35679281,32319723,30283922,25365579,23330468,24433752,21056121,24401772,257532318,184808044
346,000899,2017-09-04,-0.004016064257028051,-0.0053547523427041055,0.325165690851256,8195.0,81296.83120232994,527,10572988,6485185,1063556,362490,2560497,1604422,1864268,1172069,1406446,1402845,223800,962052,342523,371755,917879,0,2194019,609552
347,000900,2017-09-04,0.0016051364365969878,0.0,0.13917459213634586,4968.0,95652.87682427278,2006,39038885,18287322,3736564,693962,7536228,3731004,5967278,3782271,4235231,3853584,4936995,1503791,2696302,2637964,2358824,929016,7571463,1155730
348,000901,2017-09-04,0.002746309646412648,-0.000686577411603162,0.6707506729470251,38142.0,112713.18464769953,1886,70900824,73541084,734148,943637,7831005,9641094,14070298,12353446,20580162,17945963,10889539,11829090,4710963,8095206,4331235,4094283,7753474,8638365
349,000902,2017-09-04,0.014783526927138135,0.011615628299894265,0.25100213510341685,16303.0,96930.00505767063,1424,30030905,36244284,2300328,740352,6509144,5757201,5204949,10901605,4276471,7749107,2701729,4203984,962150,2141193,1389416,917891,6686718,3832951
350,000903,2017-09-04,0.0,-0.0024390243902439046,0.09339281182610852,4100.0,52741.86431615428,1933,23624621,15355908,3002289,764520,7009155,4057714,4132533,2336564,3224742,3784644,1762921,1811364,327200,609924,2302462,1367158,1863319,624020
351,000905,2017-09-04,-0.0395550061804697,-0.027194066749072876,0.2944186092850274,47550.0,216147.0916344882,3023,196927545,150739008,703222,1090983,16821485,13089238,18366678,17572731,32618894,32194028,29813682,21286401,19826047,16594792,17429106,13747926,61348431,35162909
352,000906,2017-09-04,0.005149330587023604,0.005149330587023604,0.3124950361655754,14549.0,126250.13401179416,965,19926537,18773377,905130,1253411,5145027,4215466,4062109,2646284,4139376,3072190,1721385,1450768,2134220,643120,954536,0,864754,5492138
353,000908,2017-09-04,0.0013404825737264314,0.0013404825737264314,0.36584162746404647,11205.0,53581.322805981974,415,6915146,4686691,338993,345326,2131541,1626781,1773001,992309,1005727,427568,943991,708435,721893,0,0,0,0,586272
354,000909,2017-09-04,0.014797507788161912,0.011682242990654235,0.39981571113534337,13030.0,74108.01168995228,1031,15933978,21116265,783184,860514,4734894,5215895,3360075,4267254,2659949,5094181,982416,1914093,756795,673108,1264365,852376,1392300,2238844
355,000910,2017-09-04,-0.022841480127912317,-0.02786660575605293,0.4792312488662652,8736.0,88792.50642656078,2092,38435511,21763613,2353641,2055031,8091078,7455701,5134362,3258474,4734772,1840617,4981145,1090816,3337614,1333204,2231531,891208,7571368,3838562
356,000911,2017-09-04,0.0074875207986688785,0.008319467554076532,0.321777210215735,14532.0,70864.15072421514,1395,21996409,24950195,1110765,1215393,7959014,7321542,5552073,4467986,3288639,5296031,1667032,1738795,1052760,731439,1366126,415373,0,3763636
357,000912,2017-09-04,-0.013948497854077369,-0.011802575107296098,0.2101999633955209,12964.0,102153.21888089227,1967,42570950,30755232,1797507,2120400,9746766,9414391,6796192,5295590,6132711,4794890,4572936,2377945,3002956,1353488,893668,1813453,9628214,3585075
358,000913,2017-09-04,0.011587485515643037,0.014484356894553851,0.6291912521509891,17330.0,120743.09804878103,752,9875077,19138918,558301,669585,4087275,3513626,2009374,3897418,1873679,3361741,675664,441960,670784,343200,0,459360,0,6452028
359,000915,2017-09-04,0.006675143038779474,0.005721551176096629,0.9230320850449256,22274.0,122739.12044792304,1161,32303068,37553850,602876,1249816,4891740,6274556,5565894,4926480,7248149,6084813,4882311,5914462,3727765,3810290,1748852,0,3635481,9293433
360,000917,2017-09-04,0.025570776255707806,0.024657534246575574,0.20839894658262867,33915.0,300581.79579556943,2764,151069717,203203420,1313611,951236,11796188,10380562,13503988,14762089,20969316,24575413,14077962,17762451,13524149,18451175,14312830,12988328,61571673,103332166
361,000918,2017-09-04,-0.006830601092896238,0.0,0.22965752793052588,15393.0,67137.18739188262,1016,18862056,16723174,878701,716964,4714714,5247016,4496264,2390153,5251801,3443741,1743928,1554450,302408,1163193,0,1324593,1474240,883064
362,000919,2017-09-04,0.0,0.0,0.319566845989381,7511.0,52606.971946671656,1129,12848085,10922332,2171220,340547,5387619,2241467,2587877,2120946,1556627,2676375,0,248239,666899,0,477843,1352857,0,1941901
363,000920,2017-09-04,0.016253207869974418,0.009409751924722043,0.3336915597121779,22173.0,96765.37632226537,1227,25676264,36677376,621187,940006,5277945,7672681,3727077,6979737,7456201,7176996,3309591,4321568,2131726,2818936,1243371,2661260,1909166,4106192
364,000921,2017-09-04,0.00913242009132409,0.004566210045662045,0.24651101280230792,17225.0,125259.6005732296,2843,88420262,68462146,4070757,685288,19878059,6920991,11682635,13275349,18331566,14171481,11673344,10644792,4315506,5150862,4308298,2726167,14160097,14887216
365,000922,2017-09-04,0.037869822485207205,0.04615384615384621,0.20271115672075724,19780.0,230075.9164350091,1739,55184566,58883051,1680173,1026957,9406636,6827332,9560145,7178036,11383717,9074901,5673686,8135109,3824434,2746131,2189263,5271360,11466512,18623225
366,000923,2017-09-04,0.020742723318835754,0.020408163265306145,0.5629828923077977,52079.5,394200.5058798622,2822,179365676,267958710,1118965,1434502,11048629,12973680,15108672,16985666,25808812,27647741,18682882,20656187,12896952,16929018,15853222,14966303,78847542,156365613
367,000925,2017-09-04,0.006707657909446718,-0.010061486864169966,0.8254240355684445,12439.0,57906.23509269515,469,9132588,5390307,528859,376522,2593627,1757296,1466320,1352266,1768454,1072810,549348,501077,1702060,330336,0,0,523920,0
368,000926,2017-09-04,0.0008045052292839916,0.0016090104585679832,0.3192523583973281,14940.0,107976.06536255563,1516,36779220,38794064,653380,1849323,4471981,7301061,4475488,8291819,8805001,10521225,4167793,2973220,2551843,1677056,1353640,1772559,10300094,4407801
369,000927,2017-09-04,-0.0070796460176991705,-0.0035398230088495852,0.13671544535922311,16890.0,92499.16907534211,1712,44431494,34761571,1259952,1249279,8480146,6379919,9091510,7848388,7724266,8113919,6899115,2846369,2256264,2062447,2280698,2146203,6439543,4115047
370,000928,2017-09-04,-0.0033936651583709176,-0.004524886877827927,0.21174947917880996,16691.5,132428.8033257694,1744,55170335,34536434,1709474,1637396,8097495,8107537,7140939,6565967,7194044,5664254,7213853,3181009,3125378,2478393,4320777,1777242,16368375,5124636
371,000929,2017-09-04,0.0022354694485842153,0.0007451564828613311,0.6152007535774123,10752.0,39794.66848141841,475,6608950,4062876,299557,404400,2005179,2065078,1870290,895875,1628082,428723,0,268800,336842,0,469000,0,0,0
372,000930,2017-09-04,-0.010220125786163603,-0.008647798742138502,0.2322428741454117,46342.5,253532.7323947378,3002,181295997,140197070,884698,921216,16716641,12319584,24147911,19405858,32168071,28754174,17561508,17137584,14902083,15294673,9173198,8051385,65741887,38312596
373,000931,2017-09-04,0.01436031331592691,0.006527415143602999,0.20548754878421835,14658.5,65573.54619412111,1390,19728742,28511891,1177949,1407621,6330019,7023316,4266325,4720757,3649339,5816203,2245079,4549697,1332035,1908087,0,497682,727996,2588528
374,000932,2017-09-04,-0.014251781472684022,0.0,0.19458167754427286,49800.0,1691229.6726688906,1877,400402525,214501098,1744255,384234,8036012,3622908,10334515,6150163,14847837,10252413,15321511,9943572,13154455,15093363,12730688,14821868,324233252,154232577
375,000933,2017-09-04,-0.04482758620689653,-0.03724137931034477,0.24900134767078771,120556.0,581021.1280995726,3400,516822229,481842403,618243,725207,8799384,10295905,15147044,23459692,39588110,41566318,36592405,42410120,40006565,34899813,33233731,31903459,342836747,296581889
376,000936,2017-09-04,-0.002666666666666595,-0.002666666666666595,0.19495151010173203,10500.0,68639.26525152152,1481,27217093,17764458,1657790,1248837,7668146,4416529,4626228,3811675,3607804,4543322,3167386,2170229,1398134,725250,0,848616,5091605,0
377,000937,2017-09-04,0.013586956521739024,0.013586956521739024,0.1269935494892356,75816.0,491330.7579127189,3369,365664719,360991962,980114,1273470,12657355,11188683,20692083,20112131,40868215,37785184,31867060,28130360,33503752,29748650,26264652,18455033,198831488,214298451
378,000938,2017-09-04,0.033235749956948446,0.032202514206991495,1.1376149354528928,58700.0,336336.50113670697,2606,139962147,218664244,1100767,524566,12542033,9180883,14488426,16332478,27355266,31101343,16103068,20936468,13186590,18567824,9716601,15579929,45469396,106440753
379,000939,2017-09-04,-0.003831417624520994,-0.0019157088122604415,0.16888109069058993,10400.0,75950.71873073177,956,15044219,18040885,775975,862549,2251772,4869715,4136162,3529916,4209110,3661001,459134,1057597,1716493,0,898093,915276,597480,3144831
380,000948,2017-09-04,0.022350993377483475,0.0281456953642385,0.33495721437581205,17458.0,102456.8820232378,1301,23361834,31944472,1287919,815842,5567677,7186271,4757254,7208336,3907070,6021149,1388463,3393949,1284442,1414520,815807,1903175,4353202,4001230
381,000949,2017-09-04,-0.004264392324093924,-0.002132196162047073,0.1863569383070723,9360.0,72386.18789765747,633,11135346,9500597,565284,770820,2208254,2621093,2606890,1889541,1573682,1968298,724332,234000,1715860,325017,424008,468000,1317036,1223828
382,000951,2017-09-04,0.03991006183249013,0.02754356379988776,0.3637996401125429,26940.0,136626.36212196012,2395,59379917,109133483,971967,2130114,7942187,12490599,8252797,17126920,18177767,28130264,6778532,10850688,6419576,8890486,1750518,4464737,9086573,25049675
383,000952,2017-09-04,0.039877300613496924,0.01840490797546024,0.4546881228303454,24435.0,137194.23235887423,1285,42965212,42209638,1013074,803129,5819085,6023290,8279332,5939564,7956380,10472721,3440303,6529561,2709816,2787281,2653649,1367961,11093573,8286131
384,000955,2017-09-04,0.018749999999999822,0.020312499999999956,0.1693243080433032,21681.0,181439.86529456195,1433,51707966,50068722,1107478,1017185,6643756,5650147,7616617,7019022,8752194,8094071,5564464,4309925,4557648,4177862,2534721,1862093,14931088,17938417
385,000957,2017-09-04,0.029026217228464546,0.01872659176029967,0.2604441724476262,21860.0,149789.95730002745,1682,52786771,60410313,1219802,744876,8403930,7021428,7098510,7390345,12004307,12617102,7111324,7261612,6863185,4696536,2199162,3158593,7886551,17519821
386,000958,2017-09-04,-0.0025940337224383825,-0.0038910505836575737,0.17147329863069746,22214.0,149000.0971030462,2024,65218236,57488910,1535589,1553831,11604640,9299947,9870667,8381438,12045691,9624992,6235146,7958651,5837838,4583637,3078100,3987212,15010565,12099202
387,000959,2017-09-04,-0.020779220779220786,-0.014285714285714346,0.14433447787980935,22800.0,205888.64599673092,2859,107142503,93647061,2518862,1223339,11218235,10570161,14945833,24262755,20980224,19535766,9853348,6929181,9390382,2929006,3622184,4852075,34613435,23344778
