,code,date,pchange_whole,pchange,change_std,amount_median,amount_std,length,sumsell,sumbuy,sell_vol_0,buy_vol_0,sell_vol_1,buy_vol_1,sell_vol_2,buy_vol_2,sell_vol_3,buy_vol_3,sell_vol_4,buy_vol_4,sell_vol_5,buy_vol_5,sell_vol_6,buy_vol_6,sell_vol_7,buy_vol_7
0,000001,2017-11-01,-0.01384083044982698,-0.012975778546712835,0.2030933468428767,62761.5,449376.4283006266,3244,365283035,252479094,1394664,1191402,11317386,10383750,16311723,14452364,47877804,39368371,33449746,24136330,20117489,18840520,23799627,14805186,211014596,129301171
1,000002,2017-11-01,0.006560773480662974,0.015538674033149125,0.48657118846843067,154960.0,894741.4545830454,3547,732159548,699985583,302772,493152,8085619,8543292,18118849,19730417,51490684,44622205,50026035,39356038,41604447,32196634,37609061,28243355,524922081,526800490
2,000004,2017-11-01,0.0038151759220008685,0.005934718100890191,1.3881425525117188,11717.5,118012.12493722368,288,3107622,4412339,269557,305265,1196647,852327,708443,692780,428923,824920,504052,0,0,320355,0,0,0,1416692
3,000005,2017-11-01,-0.010570824524313016,-0.008456659619450302,0.17412069057635982,7080.0,75254.572934737,738,12214835,7849165,825542,827184,2701542,2304442,2148572,923630,1890967,1255953,872756,479460,0,1061015,1372709,495521,2402747,501960
4,000008,2017-11-01,0.0010928961748633004,-0.003278688524590234,0.25959106054138065,11921.0,138024.26590475338,1243,31942984,15913810,1480392,949283,7327953,3672319,3801533,3015760,4842453,2932194,1051196,990882,1089215,1390863,1333954,904442,11016288,2058067
5,000009,2017-11-01,-0.0085784313725491,-0.009803921568627416,0.19446242376432205,12944.0,164680.30943175673,1762,67087036,35334357,1781505,1562114,7337335,6265034,7512295,5780209,10394700,7479986,7054417,3138470,5944162,1078741,4282175,3173127,22780447,6856676
6,000010,2017-11-01,0.0,0.006644518272425293,0.12156468970805402,18120.0,108065.10489815689,2458,58705393,65135279,1624515,1827854,11734954,11997397,10823067,12467129,11298160,12133431,7541486,8669430,3534515,4240896,2138549,2321579,10010147,11477563
7,000011,2017-11-01,0.011855670103092741,0.004123711340206171,0.4207345353575118,27174.0,106574.11299529628,2126,64137591,63689781,1372635,1725052,10497680,11641499,12462390,12933573,15086961,14291165,6676780,7838235,3764254,3889730,3466595,3815728,10810296,7554799
8,000012,2017-11-01,-0.006024096385542244,-0.0036144578313254128,0.22920490098402008,9086.0,148801.82996302337,1312,32665656,21517930,1250479,1584430,5909656,4599048,3268936,3450961,2345837,4210802,2551654,1477523,2409761,1703294,1445649,0,13483684,4491872
9,000014,2017-11-01,-0.007250755287009136,-0.008459214501510659,0.7287339872982233,8180.0,65902.62414319994,515,5940390,6132089,515461,858228,1779256,1614421,1705314,955191,844365,106795,455614,738769,0,0,0,821000,640380,1037685
10,000016,2017-11-01,0.0,-0.008250825082508184,0.15614034121012071,12000.0,72197.324656237,1508,27298023,21374050,1325290,691813,7376979,4834735,5178648,3124468,5043682,4749410,2909134,2354527,2402601,3513533,905548,441867,2156141,1663697
11,000017,2017-11-01,-0.008119079837618393,-0.006765899864682012,0.3619541359138993,5127.5,20328.665938759033,416,3264447,1692993,595111,414376,1387233,630677,890385,509214,391718,138726,0,0,0,0,0,0,0,0
12,000018,2017-11-01,-0.004120879120879106,0.0,0.24076377120030515,9470.5,108627.58414173553,914,15596031,13633781,885778,757787,3491453,4327392,2690769,3491720,2369989,1725351,295245,998558,1365830,730500,424568,978930,4072399,623543
13,000020,2017-11-01,-0.008796296296296302,-0.029629629629629672,0.7456209216687959,22726.0,67498.2621553595,841,18211136,10346577,501220,404712,10328570,3369032,2959609,1450202,1719479,1552972,936292,648623,348985,740846,0,420000,1416981,1760190
14,000021,2017-11-01,0.0021574973031284195,0.009708737864077666,0.1977633772679607,14976.0,117644.4974133547,2200,50065684,52981758,2320659,1160974,10865258,7723557,9418398,10498824,9372260,11113088,5228605,6083882,4461250,1654304,2716716,1828718,5682538,12918411
15,000022,2017-11-01,-0.013017751479289963,-0.007100591715976323,0.8063811023352702,17626.0,127966.28984946742,988,25866904,22026219,488369,654390,4696413,5523338,4220557,3086449,5089312,3395992,2744266,2571450,682572,1058120,2478715,1737295,5466700,3999185
16,000023,2017-11-01,-0.015018773466833557,-0.0008343763037129692,1.3362004722136145,7245.0,43518.566694766,321,3160170,2714759,218950,430003,1048216,1196389,517268,280057,360436,303484,528100,504826,0,0,487200,0,0,0
17,000025,2017-11-01,-0.011021142600090017,-0.005847953216374213,1.1082082596826826,17692.0,53955.824121996025,1609,29045228,27072317,1435511,1656409,9901072,8901740,6221399,6334295,6718833,6196405,2221248,1877632,701985,768383,450330,1337453,1394850,0
18,000026,2017-11-01,-0.020168067226890796,-0.01176470588235301,0.4440460103111874,15288.0,82361.47554859168,718,20942301,11955324,641143,426354,3200602,2404986,3396796,2682614,4792430,2798599,3794165,1327690,3145201,391050,1384464,0,587500,1924031
19,000027,2017-11-01,-0.0031201248049922414,0.0,0.22643357698842523,5120.0,64007.295533685494,801,8139490,8023263,920392,1084566,1813376,1949742,1106675,1235940,1114911,1024526,753872,410881,384640,336525,951352,416529,1094272,1564554
20,000028,2017-11-01,0.0013432835820896827,0.0028358208955223674,2.079081582306584,13424.0,84094.39428501777,1038,12781874,17804134,977243,1732678,2764770,6622626,1485344,2820227,2522463,2653544,705591,953780,1351523,731649,494320,0,2480620,2289630
21,000030,2017-11-01,-0.00464576074332157,-0.012775842044134622,0.22054481415285604,8480.0,68691.22719184357,1525,30863085,16409366,899626,1924008,6838781,4042311,11489819,4897430,2812691,1945592,1995344,1288103,1775764,310596,428400,911010,4622660,1090316
22,000032,2017-11-01,0.0049545829892652105,0.003303055326176807,0.488043819528424,8477.0,46694.03617608605,615,5547030,5478469,548897,1063951,2268566,1798859,950905,601589,1291848,320059,0,244000,0,362986,486814,485600,0,601425
23,000036,2017-11-01,0.0,0.003138075313807498,0.19656475814671712,4800.0,91224.66871389179,2367,51990519,32407494,2802795,831214,9107642,4692962,9309323,3952518,10310926,8140936,5268228,6252559,2174175,3112298,3466088,2270202,9551342,3154805
24,000037,2017-11-01,0.020606060606060517,0.01939393939393952,0.38564599223627,10116.0,60925.45141806961,457,6483404,7768954,504129,446942,2235758,1498992,1136172,1230881,1461737,2014064,294138,1052067,302040,657222,0,868786,549430,0
25,000039,2017-11-01,0.023871302542812778,0.03632589517384521,0.3394403325306189,80257.5,569411.3279169943,3226,285678389,397590353,1096683,851102,10868864,11843227,19817480,21211058,42839520,43573396,28114002,31334634,24300812,22427851,21998975,21834416,136642053,244514669
26,000040,2017-11-01,0.012837837837837762,0.016891891891891886,0.46226475567866215,16456.0,142757.538150575,1025,14170965,35363294,396009,1179310,2229368,8803063,1451202,6060445,1800437,3574999,1862464,2450897,365000,1647852,942714,932320,5123771,10714408
27,000042,2017-11-01,-0.0018028846153846922,-0.0018028846153846922,0.5200915502842884,6604.0,68890.05935055617,1023,18377643,9696818,2301532,343381,4178276,1876575,2806230,1201646,4326607,1305985,1508296,970423,2071249,1282376,0,0,1185453,2716432
28,000043,2017-11-01,-0.0066539923954372915,-0.004752851711026462,0.3717456289775918,14755.0,113662.46651904346,801,25854680,18621011,492595,795990,3339855,2690209,3663515,2881424,4729314,2533100,3311029,4739010,936588,1318682,2178432,3089656,7203352,572940
29,000045,2017-11-01,-0.006352087114337546,-0.00907441016333932,0.40307048799590045,12056.0,45637.359638722606,747,11342158,10162258,478704,745744,3557759,3614384,2738547,2163757,2698767,2248541,1226297,684232,642084,705600,0,0,0,0
30,000046,2017-11-01,-0.0012820512820512775,0.0012820512820512775,0.3096127927778521,3900.0,55819.75930248937,634,7270856,5382804,456750,638743,1704284,1771814,1178284,1198743,967590,783929,979948,218400,700000,311600,0,459575,1284000,0
31,000048,2017-11-01,0.01176965111391337,0.009667927700714563,1.6994373559383442,7185.0,32810.50536731961,195,2045649,1438204,239065,175419,683914,464496,208202,491011,914468,307278,0,0,0,0,0,0,0,0
32,000049,2017-11-01,0.0024861350162554974,-0.0036335819468349406,1.1874202348875595,31401.0,258376.45909918612,1940,105492583,97645320,691021,848896,10307734,9651290,10347359,9147003,14918469,10312936,11517827,8058525,7360582,3649244,5301464,9503215,45048127,46474211
33,000050,2017-11-01,-0.007205764611689314,0.004003202562049557,0.45082018024406423,80448.0,347091.602346,3074,293793767,291517708,621983,787437,10404818,11252698,19189858,18890972,36397686,41299724,27235538,34437120,24699238,19733899,16476144,18287734,158768502,146828124
34,000055,2017-11-01,-0.02399999999999991,-0.021333333333333315,0.16671115820334834,6678.0,78307.97393552981,2027,40178411,21108349,2053838,1028397,10656776,4915095,9512946,3175482,5202826,4081390,3402551,1873422,2128082,1149277,1678781,829904,5542611,4055382
35,000058,2017-11-01,0.0023148148148146586,-0.0023148148148149916,0.2153583565798985,15551.5,84673.0613757322,1612,33915376,34083323,1307590,1416354,7653978,6506239,6727781,5448487,7660120,9569237,4813674,4436646,1744245,1753164,1711464,1714109,2296524,3239087
36,000059,2017-11-01,-0.007568590350047311,-0.0056764427625355385,0.2510573228049534,13701.0,122835.37543890894,1773,60811619,33765747,1423792,1221832,7941594,6360321,7070421,5529849,9091084,9364407,6658430,3077947,4288957,2846002,4101789,1435079,20235552,3930310
37,000060,2017-11-01,-0.01590106007067138,-0.014134275618374548,0.22672141046992014,21413.0,306458.2278993865,2495,113663788,101738842,1462890,2256950,10461471,10462462,12825726,10306531,16356451,13085027,11413330,10176571,11681534,8467691,7009247,7704936,42453139,39278674
38,000061,2017-11-01,-0.0072551390568317276,-0.006045949214026458,0.28677947487824357,8290.0,71795.38990488989,831,18385316,15505153,384754,1611599,3796931,2623350,2148389,2384369,7795525,3066899,2234715,2410386,1371424,2095345,0,1313205,653578,0
39,000062,2017-11-01,0.006921824104234586,0.002850162866449457,0.7481784965578715,9884.0,65603.84516640933,1077,14544764,17538834,1045050,1687847,4042178,4494460,1911776,3220091,2858141,3738152,1203077,2641892,1047496,0,1457966,493800,979080,1262592
40,000063,2017-11-01,-0.022291021671826616,-0.009597523219814219,0.5427102292541309,229680.0,1020734.29372428,3545,902199943,897603952,246514,358851,5192279,6081760,15259044,18118885,47809847,41247821,45411336,42385816,43709310,42100026,40810437,48070938,703761176,699239855
41,000065,2017-11-01,-0.026188557614826746,-0.023771152296535036,0.5755615577887867,28509.0,118544.19851656022,1860,70244848,41696615,933732,1032250,11958872,10020297,12438303,7726440,17168143,8688733,9604381,6656005,3880521,2007667,859585,1416483,13401311,4148740
42,000066,2017-11-01,0.0012722646310432406,0.0012722646310432406,0.14803501383871295,8723.0,179202.85763621572,2824,86166622,67649686,2802156,1687252,10193954,7172231,10676843,7746467,13776003,9221423,7661261,6488457,7322850,4051816,6185046,5778957,27548509,25503083
43,000068,2017-11-01,-0.006269592476489061,-0.00783699059561127,0.25737031839403535,8904.0,73948.38264141286,614,11051965,5343664,476053,580599,2645656,2132846,1503448,1783996,1999666,594367,737079,251856,620694,0,0,0,3069369,0
44,000069,2017-11-01,0.014840182648401923,0.01598173515981749,0.17339286311487587,39292.0,277121.6922380723,2557,146232536,173703867,1642051,1355609,9792683,8755930,12367690,17861381,20585990,29370992,12399765,18743968,12575211,11472455,11038646,11257972,65830500,74885560
45,000070,2017-11-01,-0.0072529465095194645,-0.0072529465095194645,0.2876019479022153,10980.0,80916.28625580519,1471,30058973,17391807,1408675,929393,6209487,4983041,4834118,4422679,7266173,4199451,2725848,1035227,992925,910797,407007,404067,6214740,507152
46,000078,2017-11-01,-0.0032051282051283048,0.0,0.14462806496119923,13706.0,61035.170326036576,1865,36671349,23963782,1415225,1697646,10549271,7589782,11394469,4498027,3402005,4167429,4975385,2004033,1989341,1774635,453537,870522,2492116,1361708
47,000088,2017-11-01,-0.005760368663594306,-0.005760368663594306,0.2743112299043658,11245.0,110973.13331155689,1001,23348072,12589885,973083,824039,4841534,3984824,4772168,1779205,3393876,1886679,1329952,1708222,1417128,0,1735092,487296,4885239,1919620
48,000089,2017-11-01,-0.0045300113250283935,-0.006795016987542479,0.15554845337967851,9702.0,61873.017508219025,3230,39274874,51823687,892629,7579502,5237590,17275751,8030510,6827231,17171727,10152970,2747551,3899703,391600,1832788,1267250,1765598,3536017,2490144
49,000090,2017-11-01,-0.008896797153024827,-0.009786476868327343,0.25612626669568456,8992.0,93679.32311442391,1929,34590608,31507055,1200835,2869376,5439054,7451730,3752853,5068565,10931468,5413305,3832763,1699657,709382,1383294,1342220,2215303,7382033,5405825
50,000096,2017-11-01,0.00592592592592589,0.0037037037037037646,0.7086297390803343,9453.5,40430.01961786823,362,3175931,3809891,228818,351770,1469823,1528717,516650,1075040,135000,390349,0,464015,340000,0,485640,0,0,0
51,000100,2017-11-01,-0.03218390804597693,-0.020689655172413723,0.07405596733477186,77438.5,434445.40205268055,3476,408748304,289973148,1133777,864025,16078183,10266128,29126143,20130383,49891536,33262819,49302879,30827700,28661018,22762020,32773176,22608572,201781592,149251501
52,000150,2017-11-01,-0.004072565716401466,-0.004442798963346983,1.5393054572877916,8073.0,21269.500369250287,307,3580342,871495,507602,140651,1808220,466501,779050,51205,485470,213138,0,0,0,0,0,0,0,0
53,000151,2017-11-01,0.002479851208927686,0.0061996280223186595,0.6352337000357617,12888.0,90029.78732394095,644,10208414,15048058,460304,884746,2695621,2479865,2227030,2100727,1626266,2480946,741055,746623,1016954,2294218,431924,877956,1009260,3182977
54,000153,2017-11-01,-0.012269938650306678,-0.014314928425357754,0.3357890124139808,7704.0,52924.25453538549,848,12241196,6948729,1264937,1018900,3518027,2170645,1753285,1178380,2252030,594773,1270847,812697,1122370,727135,482500,446199,577200,0
55,000156,2017-11-01,-0.002135231316726105,-0.002846975088968029,0.44935071910781355,4200.0,89902.86938891062,977,13785649,9904422,1042617,1003385,2484243,2329994,1100560,962377,2352500,1341406,1973852,1408588,333438,320829,0,0,4498439,2537843
56,000157,2017-11-01,-0.006465517241379226,-0.006465517241379226,0.09378289496378572,24024.0,113066.35955092504,2461,80086678,54079613,1692651,1172473,12640282,8402605,19197405,13463512,21382269,9909205,6045157,5792174,4208875,2878691,5080945,2211206,9839094,10249747
57,000158,2017-11-01,0.03530633437175501,0.012461059190031154,0.2945199093759482,12623.0,131433.35479834114,1069,24019109,16992901,992511,1255790,4023487,5541470,4004905,3076584,4112219,2616961,3324051,1142717,1384151,700292,943995,490355,5233790,2168732
58,000159,2017-11-01,0.0,0.0032414910858995505,0.2441691285757001,2474.0,45625.47277371045,638,5404672,4033273,505531,464637,1574970,1282149,907855,1127975,1598401,708318,817915,450194,0,0,0,0,0,0
59,000166,2017-11-01,-0.008849557522124019,0.0,0.13207325479779236,11233.5,142216.7918153429,1834,41798604,31731296,1479405,1474786,6783065,8342430,5926575,6141622,7270699,4234888,1972482,2812942,2233669,1064751,1287136,462672,14845573,7197205
60,000301,2017-11-01,-0.012567324955116699,-0.007181328545781018,0.14963799568382607,11802.0,111359.62895281744,1387,36338637,23812127,1030069,1350637,5807375,5755867,5137651,4678485,5852579,4706762,2587853,3771223,2123188,1464625,3169223,445718,10630699,1638810
61,000333,2017-11-01,-0.008813160987074076,-0.0050920485703095375,0.861428561487804,224505.0,741495.2895313222,3516,827477362,672114307,196651,96603,5450062,4666755,17196459,14646706,46002831,43376222,53498246,58396111,58412573,45097970,48504803,48330724,598215737,457503216
62,000338,2017-11-01,0.029940119760478945,0.03353293413173675,0.14012014036318324,132392.0,584966.9127803141,3559,502239822,603443893,490522,345011,11976271,9413935,24315035,19640741,53307229,46021370,49135756,45559382,37105554,45478651,33628865,31236194,292280590,405748609
63,000400,2017-11-01,-0.0026490066225165476,-0.0033112582781456013,0.3187781573346621,28690.0,148872.4553035082,2245,90275192,64769550,690420,1285218,18185994,10894752,13540355,9292956,14146376,13710490,5833685,5059057,7642085,2321364,7943230,4547894,22293047,17657819
64,000401,2017-11-01,-0.006016042780748743,-0.002673796791443861,0.3072487900809858,23904.0,179335.85157464928,2371,93786664,76146928,1495418,1390654,12568788,11719190,12215642,12748369,17368559,15930593,9703739,8960247,6215448,5147875,5345339,4613496,28873731,15636504
65,000402,2017-11-01,-0.007751937984496138,-0.008613264427217882,0.25250162716319097,22900.0,173528.92860799248,2117,93822007,59000920,1382658,1013882,11570663,8443463,12176463,8144710,13152348,10604861,6797417,8162157,5211637,4985521,1777336,3062776,41753485,14583550
66,000403,2017-11-01,-0.021760964178105247,-0.01975225979243389,1.1333047432428454,14717.5,45698.248789043544,694,14824732,6675292,826600,314245,4941402,2318857,3864458,1354307,2585648,2476707,1798124,211176,388080,0,420420,0,0,0
67,000404,2017-11-01,-0.0029940119760478723,-0.0029940119760478723,0.25624878349639485,14696.0,72506.15173285174,679,15186034,10505346,455187,643369,3944593,2810798,3732774,1778667,2578897,1773917,1801993,1021913,1066033,686458,891797,490440,714760,1299784
68,000407,2017-11-01,-0.005121638924455829,-0.002560819462227859,0.25526228039937504,7760.0,57107.267471120635,936,13865758,7222609,952160,631371,3280371,3038796,2698083,1537180,2110182,1023196,1851945,0,776500,372000,879073,0,1317444,620066
69,000408,2017-11-01,0.03374397429030518,0.039100160685591634,0.4150618330377682,30960.0,146192.831394661,2026,71615860,93590243,1305453,1451607,8527145,9685913,9886257,11644602,15612928,19102122,11626670,10575287,7219750,7831646,2603381,7072246,14834276,26226820
70,000409,2017-11-01,0.00867052023121384,0.007225433526011571,0.3550826512199294,7678.0,42869.70924575405,379,5713530,2261280,550593,294670,2108724,946543,1248833,327104,940721,114084,864659,0,0,0,0,0,0,578879
71,000410,2017-11-01,-0.016163793103448176,-0.00754310344827569,0.25581987086900126,12767.0,97311.9144062506,1317,32430637,20039594,1070981,1602487,5842448,4727530,6503725,4179655,7026935,4974885,3673211,2127158,1038129,712615,867419,465119,6407789,1250145
72,000411,2017-11-01,0.025214081826831602,0.021883920076118057,0.7104210426197692,2147.0,48031.2101993109,876,7409651,7210465,1400996,187696,1251849,1090897,1337821,723410,1911740,3046353,711155,1449412,387159,712697,408931,0,0,0
73,000413,2017-11-01,0.0038722168441431837,-0.010648596321393922,0.18285675041447477,49584.0,365851.0744350183,3195,245070709,170754078,819778,1232493,13526585,15118965,21541939,21104324,34079094,30676596,22447720,25077007,16579741,15706338,13093372,11021432,122982480,50816923
74,000415,2017-11-01,0.0015673981191222097,0.0015673981191222097,0.12916143665300422,13440.0,119226.63383329488,2451,51071498,55698206,1658401,2345955,11623487,11046452,12307751,8287644,8677766,9111639,1810784,4976052,4499501,4995039,3282611,3094321,7211197,11841104
75,000416,2017-11-01,-0.002666666666666595,-0.002666666666666595,0.2911728254199939,7490.0,62553.11434960551,663,12813976,4991307,750077,516544,2253294,1852416,2292243,1174409,2565729,1204290,1405060,243648,1735975,0,414182,0,1397416,0
76,000417,2017-11-01,-0.02386363636363642,-0.020454545454545614,0.27620862847657907,12131.0,137602.81385844317,1016,37697949,19920764,489723,1286762,3064263,3803211,4807963,2967476,7302694,3484235,5967606,2729724,1752227,2413303,3041755,477854,11271718,2758199
77,000418,2017-11-01,-0.027834351663272194,-0.04429735234215881,1.189672760291621,28050.0,137634.42514902615,2457,103457774,59789245,1822524,827762,14084234,8620569,15370463,11348670,24193734,11081092,12928253,4994040,8285673,3848109,6267611,2272845,20505282,16796158
78,000419,2017-11-01,-0.004497751124437843,-0.004497751124437843,0.22103440607844388,5320.0,26790.767716977367,910,7553512,3424111,2750635,254138,2104184,1413381,1112489,507073,1059789,642600,526415,213760,0,393159,0,0,0,0
79,000420,2017-11-01,-0.0030864197530865445,0.0030864197530864335,0.12596782163518147,5021.5,52021.42471390453,662,5863748,5728961,316184,1007756,1006215,3199823,720294,462772,672991,377434,770022,0,317525,681176,1412193,0,648324,0
80,000421,2017-11-01,0.0029940119760478723,0.0059880239520957446,0.2280283583358083,4683.0,24747.338651856873,858,5407293,5454450,1180552,648916,2105762,2603722,1362632,1004762,534340,868750,224007,0,0,328300,0,0,0,0
81,000422,2017-11-01,-0.020242914979757165,-0.014170040485830038,0.1306615577775729,9740.0,110081.38185398038,1432,32983064,21319169,1328298,1773180,5462644,4893856,5104695,2708549,6213849,3040476,3219438,2449666,1413631,670069,2687670,3263023,7552839,2520350
82,000423,2017-11-01,-0.0027881040892194786,-0.0024783147459727095,1.1201229220061424,91083.5,397539.9738307063,3322,319660116,313047267,367254,619039,10073683,11690214,25656173,22251055,48549888,43119670,42085131,36142034,29173430,30068575,24806724,25955132,138947833,143201548
83,000425,2017-11-01,-0.0026595744680850686,-0.0026595744680850686,0.07065509042329796,13107.5,138774.12515210093,2854,74157397,46123339,3336598,1069246,16706143,9855504,14554416,6273874,10972584,9034855,4895757,5804244,1752151,3178025,1348597,401505,20591151,10506086
84,000426,2017-11-01,0.01512287334593565,0.012287334593572785,0.22533690303997556,16049.0,202469.06734916108,2209,58836149,67930952,1217520,2630037,11355493,7795063,6296018,9928890,8242386,12260921,4815956,6711942,6251815,3766509,1757907,2644072,18899054,22193518
85,000428,2017-11-01,-0.006451612903225823,-0.006451612903225823,0.28201854363400586,6959.0,50350.23583275982,271,4745065,1819661,292698,214422,1131684,613177,424077,483054,1072692,509008,1442402,0,381512,0,0,0,0,0
86,000429,2017-11-01,-0.009411764705882342,-0.0023529411764705577,0.27488906076518593,5100.0,63296.91703100571,956,14785307,8146964,918574,1208328,3627693,2442986,1377813,1396580,3212363,2882320,1140514,216750,640376,0,464403,0,3403571,0
87,000430,2017-11-01,-0.001029866117404854,-0.001029866117404854,0.5742132975206633,9740.0,66672.12079677383,285,5321488,3980667,274137,454164,947394,1106535,1605251,637936,1445326,611549,565880,495575,0,0,483500,0,0,674908
88,000488,2017-11-01,0.0022408963585434094,-0.00448179271708693,0.3544505221128285,31769.0,306297.7244739956,2537,145932580,125839039,1227290,1420025,9995267,14222543,11336374,13541988,21698209,21972651,13129475,12072250,12834634,8747724,6103177,4479621,69608154,49382237
89,000498,2017-11-01,-0.01432291666666663,-0.02213541666666663,0.17350307827609315,13770.0,32742.434120090355,1967,33264522,14621448,2412559,1184744,16412665,4959480,8963697,3324298,4429638,3651185,695786,1196541,350177,305200,0,0,0,0
90,000501,2017-11-01,-0.00662617338487026,-0.008282716731087714,0.3959771945654759,32093.0,140855.1118323559,2093,93161817,63645979,825703,1148663,13882855,8731119,12458016,12093098,18065556,13582763,8802835,6676984,7023365,2865376,5717347,1751203,26386140,16796773
91,000502,2017-11-01,0.008396305625524736,0.010915197313182023,0.44127574314451395,10755.0,52489.99724625674,728,7933643,11367575,738424,463105,3168530,2323623,2115298,2381562,805777,2627393,0,1913220,1105614,671000,0,473565,0,514107
92,000505,2017-11-01,-0.0009689922480620172,0.005813953488372103,0.3913613430624461,13520.0,79430.22551986741,695,11969646,14209786,401925,555902,2965618,2920551,2658197,2697930,2996684,2683133,669689,960334,304134,784765,828799,1384506,1144600,2222665
93,000506,2017-11-01,0.0036991368680643344,0.002466091245376223,0.26838551155869056,12863.0,116555.90112384882,913,18923901,27611192,927122,849010,3970706,2853322,4628877,2464693,4246754,2412466,1443417,3194240,687722,1479753,2119459,5404372,899844,8953336
94,000507,2017-11-01,-0.010742187499999889,-0.005859375,0.22409329181993942,20320.0,103161.88080932197,2089,67113470,37130041,1288151,1383827,10976340,9664522,12122198,7697706,12474016,8224012,8711509,2700757,4582013,2349302,3922516,1288782,13036727,3821133
95,000510,2017-11-01,0.0022371364653246406,-0.008948545861297563,0.2693971491263586,11401.0,192075.94943943742,1103,29617634,14538303,965800,1467532,4117242,4913032,4793448,2786028,6448541,1965236,1968409,264000,2017829,350400,0,422633,9306365,2369442
96,000513,2017-11-01,0.031894934333958735,0.03502188868042522,1.1565904780246743,69916.0,252304.85994648392,3064,181269764,244657472,590001,630751,12291074,10181938,19242788,27093900,31105614,42175507,28256472,36305404,16568388,22445736,13832121,13105089,59383306,92719147
97,000514,2017-11-01,0.0,0.004126547455295837,0.24713103650989543,8008.0,45612.72287049614,865,8351292,9469865,784030,1442271,2382127,3443841,1471166,1514233,1618009,1285890,760830,684531,0,663979,825530,435120,509600,0
98,000516,2017-11-01,0.001953125,0.001953125,0.1706974549051951,10240.0,106282.60448241154,900,20942286,16650786,689860,771205,3495588,2710558,2647379,2077461,3935320,2682869,4112163,1479422,694272,2367171,483759,2270718,4883945,2291382
99,000517,2017-11-01,-0.02132701421800942,-0.018957345971563955,0.08117024682995476,2095.0,40815.02318319987,2714,31380776,9714998,3333340,1212776,12603957,2919939,5571219,1850452,3553212,2009427,3000394,968084,714267,325920,402112,428400,2202275,0
100,000518,2017-11-01,0.00136986301369868,0.00136986301369868,0.2848909786411452,4374.0,23203.304658590314,656,3635041,4689319,445905,1074356,1800241,2283327,740453,694783,145600,636853,200100,0,302742,0,0,0,0,0
101,000519,2017-11-01,-0.028140703517587906,-0.018090452261306456,0.2412177990236813,13839.0,129530.73602444559,1702,44744380,31723855,1490885,2061508,6888716,9112806,6676981,4882861,7764839,5464447,4618158,2186249,3854216,2362049,0,0,13450585,5653935
102,000520,2017-11-01,-0.015748031496062964,-0.013779527559055205,0.18073873626517614,7575.0,91387.30790501293,790,16762892,8130517,900305,629519,3057524,2434787,1921106,905698,1293883,1824350,2728071,676399,2079068,314377,881208,1345387,3901727,0
103,000521,2017-11-01,0.0017513134851137035,0.0,0.2231880716922315,9496.5,58440.09484093707,654,10692037,7735301,819378,362307,3274721,1589203,2158465,1264958,1916424,1973584,1238928,1480868,703625,0,0,0,580496,1064381
104,000523,2017-11-01,-0.009564293304994642,-0.01062699256110522,0.45437074117780324,10285.0,79167.73890937562,428,8898390,4977924,364839,512987,2173913,1882544,1712580,1006461,1059998,491900,705939,0,1487495,0,892867,0,500759,1084032
105,000524,2017-11-01,0.013545816733067761,0.019920318725099584,0.3463892930150066,7662.0,28315.991410848914,1313,7206310,16215680,1271751,1404899,3582743,9346828,1226108,2779375,681747,1209288,443961,1057924,0,0,0,417366,0,0
106,000525,2017-11-01,0.0788863109048723,0.04965197215777262,0.41289701823987085,39285.0,195118.88550878465,2730,101164089,161369149,817545,1298991,12157517,13778880,14354004,16300667,22514080,31232532,15761345,23742380,8605798,9580135,6273812,11168737,20679988,54266827
107,000528,2017-11-01,-0.013513513513513598,-0.013513513513513598,0.1566571428471532,20378.0,92945.00087763596,3219,99476287,54302183,2854785,1247549,24764196,9014785,18371934,9017410,25714854,14811309,11387934,6483942,3495164,4152066,3598195,919904,9289225,8655218
108,000529,2017-11-01,0.002466091245376223,0.0036991368680643344,0.3146283221406599,8965.0,39505.443260225664,664,9217483,5962592,730637,659617,3847463,2349505,1413673,1536206,1530977,1216182,665788,201082,1028945,0,0,0,0,0
109,000530,2017-11-01,-0.010401188707280906,-0.008915304606240793,0.26885519776202177,11347.5,92382.02451480497,626,12396603,11171196,314197,745279,2079498,2960179,2183723,1759793,2160488,1635649,676920,438934,2784488,932804,422139,444888,1775150,2253670
110,000531,2017-11-01,0.0010964912280704286,-0.002192982456140302,0.20431585869913463,12782.0,100395.22267380852,1994,46698292,28406528,2592463,1114276,11284682,7295123,7557156,5886003,7512322,5644709,6297719,2394601,1736190,1416336,1730613,824383,7987147,3831097
111,000532,2017-11-01,-0.008012820512820484,0.0016025641025640969,0.6328382592798356,11259.0,53540.10747218544,388,5598714,4188156,292851,402574,1759520,1363933,1397498,1198760,936900,202419,200445,235494,376500,784976,0,0,635000,0
112,000533,2017-11-01,-0.0029325513196482023,-0.0029325513196482023,0.4770518881570329,11231.0,336536.7249296857,459,14350775,23191033,357829,282640,2683074,1032274,1317667,694771,2411848,808354,1322099,765329,1333016,748393,406800,496206,4518442,18363066
113,000534,2017-11-01,0.013623978201634968,-0.0027247956403269047,0.9360367717051362,7350.0,43896.35679948227,245,3529767,2192274,322700,227137,1038453,808597,818488,450520,685518,485220,247128,220800,0,0,417480,0,0,0
114,000536,2017-11-01,0.0037105751391466324,0.0,0.18576348305553417,5400.0,59772.241673924975,842,7517943,10801234,869475,1165468,2061761,2797715,970551,1762463,553503,911522,1468531,1514145,736580,390882,857542,431200,0,1827839
115,000537,2017-11-01,-0.032542372881355974,-0.022372881355932184,0.3724148668631731,29500.0,177716.57278483215,1571,71919121,52568859,838496,753589,8856700,6515788,8565147,8175448,13487254,11048143,8530815,9940618,5714643,3534624,3563764,2241036,22362302,10359613
116,000538,2017-11-01,-0.013830599008012201,-0.013449065242273961,1.8592472434227891,82728.0,397495.8717364908,3183,324148844,243388159,35359,0,12227624,10129538,25588527,20262248,45282356,40754451,34455091,28477851,25774810,21435737,16774173,16328597,164010904,105999737
117,000539,2017-11-01,0.0,-0.0019455252918287869,0.19379956527432926,2560.0,20022.053699548702,703,3849343,2182354,1177673,217498,1373853,806031,512207,632735,533751,526090,251859,0,0,0,0,0,0,0
118,000541,2017-11-01,0.008705114254624613,0.008705114254624613,0.24006064880315053,14949.5,58041.27774234884,1466,21065834,31066752,1128138,1327405,6629357,7415975,5213675,7514694,5227334,7808875,1987754,1905851,344472,3000913,0,897059,535104,1195980
119,000543,2017-11-01,-0.001814882032667886,0.0,0.19729184680046513,7988.5,140280.01641212107,780,16287844,10510027,866733,852731,2464856,2494466,2193183,2599180,3254154,1496335,1264703,1049195,341550,0,416350,0,5486315,2018120
120,000544,2017-11-01,-0.01114206128133699,-0.012256267409470722,0.5725860379950541,8920.0,71012.49812477104,982,17731166,8957517,1041511,1136410,4897463,3705686,4162666,1616518,4192736,812753,711420,265050,955370,920640,0,0,1770000,500460
121,000545,2017-11-01,-0.0017953321364453378,0.0,0.19978357309723752,7783.0,60202.378856987045,777,11849200,8694583,730462,703547,2405155,2510034,2066344,1868586,2595164,1477910,1600465,734093,637160,1400413,0,0,1814450,0
122,000546,2017-11-01,0.006832298136645987,0.022981366459627228,0.4290816035284872,32040.0,213769.18123272198,1411,57775273,54537655,868668,727602,6321661,8645424,7424299,7795197,6716705,12583353,2751674,6975403,2329914,3371669,3245099,2315243,28117253,12123764
123,000548,2017-11-01,-0.009575923392612817,-0.005471956224350261,0.24637932664519663,5089.0,46781.348721605216,880,11943702,5727723,878917,610163,3216178,1830556,2534414,1323146,1670370,919706,2138809,255150,1015184,367640,489830,421362,0,0
124,000550,2017-11-01,0.0,0.00370762711864403,0.5636955596954235,7576.0,41425.88124523827,1121,14499522,9025321,2117702,857867,4715902,2865619,2704322,2042490,2783159,1916102,1209749,950771,0,392472,468065,0,500623,0
125,000551,2017-11-01,-0.0033112582781458233,-0.001103752759381904,0.38429560677121194,15350.0,75927.98622578298,555,12685744,9176806,509667,409687,3196149,1773187,3753476,2230395,1261360,1826275,448696,1029609,327972,673175,3188424,435411,0,799067
126,000552,2017-11-01,-0.0026881720430108613,0.005376344086021501,0.08843952714121502,2232.0,39678.71986101966,1779,11754055,13551004,875581,1742389,4301911,4257048,3187384,1513857,2128661,2453598,461803,1593296,310651,315185,488064,884871,0,790760
127,000553,2017-11-01,-0.010094212651413081,-0.004037685060565233,0.3401933472511095,14840.0,84884.12440453442,1909,42790344,31767990,1517338,1329467,8890958,9480190,6915499,6250137,7139838,6025804,5430845,2644081,3779952,2785379,4004842,958081,5111072,2294851
128,000554,2017-11-01,0.015677491601343796,0.02127659574468077,0.21703391291855917,18380.0,132729.68948499407,1694,48575338,57661346,1306393,1408303,7651482,7173920,7254694,7213495,11213769,10889986,6673910,7519047,4366615,5572197,1404750,4420266,8703725,13464132
129,000557,2017-11-01,-0.0072727272727273196,-0.0036363636363635488,0.21750615291373415,7175.0,41336.681589819986,639,7735805,6619753,636084,607850,2394836,1835507,1700089,1669228,1631347,1657235,673619,503277,699830,346656,0,0,0,0
130,000558,2017-11-01,0.0,0.006420545746388395,0.19585137257420276,9920.0,63042.5474159272,1012,14391707,17755782,924710,1135374,4485526,3439826,2837606,3171458,2510329,3348450,619030,2200108,2013076,3157506,496800,1303060,504630,0
131,000559,2017-11-01,-0.0034965034965034336,-0.007867132867132809,0.26395681276048555,22680.0,126650.56056110667,1879,62979839,51047817,1176360,1071435,10514175,8621451,8376748,7844785,11731933,10716909,11173478,6225523,3793744,5207444,2232770,2102441,13980631,9257829
132,000560,2017-11-01,-0.008737864077669855,-0.001941747572815622,0.2508503111465719,20640.0,82927.08453472974,1687,41904413,40492205,1091974,970722,8684264,7630906,8467744,8224268,9342829,10724370,4737996,7002153,3795707,2674689,947484,0,4836415,3265097
133,000561,2017-11-01,-0.008510638297872353,-0.00638297872340432,0.31750888237986136,7524.0,40068.90825562656,876,9419868,8777825,792296,1632897,2520092,3351190,1928841,1837384,2399534,1100054,768141,459620,1010964,396680,0,0,0,0
134,000563,2017-11-01,0.0059055118110236116,0.0059055118110236116,0.1309377124374102,8208.0,70773.44007509205,1508,17841551,22063772,841193,2924499,3767632,5696653,3405670,3702061,2861803,5788449,977389,1462264,1508473,320000,839369,879104,3640022,1290742
135,000564,2017-11-01,-0.013816925734024155,-0.008635578583765069,0.1600707123330123,10350.0,56430.88532233622,1310,25098472,15264291,981110,1617448,5248725,4256501,8526755,2969901,6044652,3517889,1197045,1076277,1721310,0,862275,0,516600,1826275
136,000565,2017-11-01,0.0,-0.0035799522673032325,0.31957807802575044,4200.0,79177.0072138656,687,10700650,4823174,529343,869362,2302989,1846805,1834565,1374522,1644147,732485,478520,0,655807,0,419000,0,2836279,0
137,000566,2017-11-01,-0.006079027355623157,-0.0037993920972645423,0.45386552754294607,13120.0,166632.16637137218,840,23432574,12434397,938610,623118,4335881,3217515,2521302,1825416,4252041,2661195,2073966,1015134,1441663,0,897015,1293300,6972096,1798719
138,000567,2017-11-01,0.04282204282204294,0.050193050193050315,0.7433136948937598,26446.5,157886.55845107898,1470,36264574,62895509,917738,1167463,6315327,8034504,5445165,8555618,6557989,13524782,3672215,6519966,3111196,5832418,1314767,2328753,8930177,16932005
139,000568,2017-11-01,0.02065573770491791,0.020983606557376966,1.1068134820803368,111510.0,526246.7164774608,3039,383787320,430049579,712582,625804,8268012,8856342,15285627,20385953,36584469,37736680,29507265,32139780,32915570,35009289,29633573,29953939,230880222,265341792
140,000570,2017-11-01,-0.011695906432748537,-0.00877192982456132,0.26015434454393055,2724.0,45079.60995330443,691,5650700,3736476,689793,495458,1892007,1021260,1175524,716122,747632,139740,482064,0,0,348840,0,494532,663680,520524
141,000571,2017-11-01,0.016296296296296253,0.016296296296296253,0.1763882924695746,6730.0,47179.62952492299,1467,13965093,17514444,952858,1140481,5639125,5054774,4986659,4197166,1480364,3652675,906087,1112474,0,673973,0,0,0,1682901
142,000572,2017-11-01,-0.01737451737451734,-0.0038610038610037423,0.12694396649522,12887.5,123506.74541569893,1668,48161830,38189220,1276176,1353801,6171655,6221244,5979402,5803584,9353499,8699639,5830062,3020271,4700402,3783280,1751100,3623449,13099534,5683952
143,000573,2017-11-01,-0.0017699115044248481,-0.0035398230088495852,0.12244962919136707,1128.0,33386.56713438987,2131,10572894,5976345,2702206,332980,3819292,1076913,1641901,538040,1015163,1552566,491691,708383,392675,0,0,401294,509966,1366169
144,000576,2017-11-01,0.004878048780487809,0.0006097560975610872,1.1290783761953094,13123.5,47924.125144533995,210,4350955,1617330,259386,141411,1133433,632578,982031,404993,1062125,438348,234806,0,679174,0,0,0,0,0
145,000581,2017-11-01,0.014458772958186872,0.007424775302852682,0.48733608100621856,45972.0,232609.9262010254,2758,153282901,179199373,830704,1167817,9351865,14800820,14360648,21346993,22114603,29531780,20445844,23599092,11726001,11311395,8884898,7449986,65568338,69991490
146,000584,2017-11-01,-0.0033003300330033403,0.0,0.4247593267704359,28842.0,198566.4114003807,1272,44127984,55003029,963378,544839,7764725,4382255,8733082,5696455,10104375,6536977,2432667,3654050,3452933,4969638,3132977,3563981,7543847,25654834
147,000586,2017-11-01,0.019547325102880597,0.01800411522633727,0.8489646676166731,11859.0,45710.567927320975,524,7442090,7299512,493179,768590,2381690,1927938,2004762,1927548,1798896,2075376,0,223740,337155,376320,426408,0,0,0
148,000587,2017-11-01,-0.006756756756756799,-0.005405405405405461,0.21440481787208063,8085.0,112612.05440999757,1192,16870106,27385191,426987,2152062,2309944,5476010,1728399,3451901,2035348,3592350,3023608,2979946,2101853,2168520,442470,1364378,4801497,6200024
149,000589,2017-11-01,-0.005870841487279899,-0.001956947162426781,0.2041997177451762,3569.0,40566.293893547045,626,6532096,3837690,435264,812003,1328512,1076103,738718,848654,2047138,630530,1555318,470400,0,0,427146,0,0,0
150,000590,2017-11-01,-0.006666666666666599,0.002666666666666595,0.8337443710829084,4512.0,62099.444510058274,323,4233047,3661173,319137,399132,915058,798656,805797,732197,943275,526038,0,0,667900,752750,0,452400,581880,0
151,000591,2017-11-01,0.02777777777777768,0.014705882352941124,0.14416050693427251,14340.5,252333.40102775424,1806,44444514,80681595,1522985,1561250,6048458,9421818,6903934,7944837,6543780,7233353,3427441,4016000,5802000,6165039,1762899,3980458,12433017,40358840
152,000593,2017-11-01,-0.01170568561872909,-0.007525083612040295,0.39234691004459354,17790.0,88988.20377057664,929,24249252,22491034,895289,473228,4725755,3491396,3932099,3268407,5650402,4197111,3286015,5923611,2316877,2411617,1289100,863004,2153715,1862660
153,000595,2017-11-01,0.0,0.0034129692832762792,0.16291102250068124,11172.0,54176.315578155154,1295,22215523,14381570,1264260,1171996,5719652,5349992,4455021,3090311,4154510,3245603,3121482,658966,1036672,333200,1771851,0,692075,531502
154,000596,2017-11-01,-0.01098901098901095,-0.008241758241758212,1.7936733516519692,29160.0,146634.60749299347,1651,65544056,52200280,1325445,1270412,10583968,6551468,8187227,8412476,10292413,9484871,9143068,5453142,4743109,7370150,4030600,1736469,17238226,11921292
155,000597,2017-11-01,0.011333914559720881,0.009590235396687019,0.31513825582029475,15105.0,93338.86754826519,1326,33703982,26785559,1754786,594787,7170102,4481672,4599256,4183838,5399360,5699653,4846933,3608995,2132298,1399202,2242564,2750241,5558683,4067171
156,000598,2017-11-01,-0.005154639175257825,-0.005154639175257825,0.1481885166392139,12782.0,132466.402346091,1544,53939605,25146153,1773228,945454,9299318,3804422,6141491,2666163,9118134,4963937,3908918,3519522,3493604,2736077,2685944,1335699,17518968,5174879
157,000599,2017-11-01,-0.0016051364365972098,0.0,0.13442184119383468,1246.0,35493.76632856201,2150,5671761,11348354,645298,2338423,1454162,3813819,941748,1975041,672903,1774873,0,0,310500,0,469704,0,1177446,1446198
158,000600,2017-11-01,-0.0020408163265307477,0.0,0.25942081190770166,14700.0,90442.15092232585,1427,30016677,30785357,1374795,1683969,6553134,6528975,3962136,4920736,6742909,5273990,4059759,2001055,2731661,336870,3245677,4305141,1346606,5734621
159,000601,2017-11-01,0.011306532663316604,0.008793969849246075,0.24857210134231614,14400.0,83887.85563603988,1025,20028265,18869704,1543147,502590,6210176,3652215,3846255,2792908,3989408,2045772,2315088,3305195,781752,2092588,0,0,1342439,4478436
160,000603,2017-11-01,-0.008513931888544879,-0.004643962848297267,0.443271655330353,10336.0,63784.55159608265,849,12785460,11737690,694159,733817,2781297,3368037,2312110,2140158,3757430,2342315,1249543,207851,1053883,1021920,422822,0,514216,1923592
161,000605,2017-11-01,-0.0036429872495447047,-0.0031876138433515333,0.7055615016009039,13122.0,43920.96912599011,968,13940198,12091085,612824,1103566,5279624,4511584,2410905,2409344,2900087,2684476,1539628,1382115,702130,0,495000,0,0,0
162,000607,2017-11-01,-0.006775067750677488,-0.008130081300812941,0.33381918144654205,8844.0,48223.197538490924,488,7079281,6579046,400431,583053,1379115,2589306,1702449,1149391,2005810,1975791,766716,281505,383760,0,441000,0,0,0
163,000609,2017-11-01,0.0,-0.0022658610271902857,0.6334430838325957,10640.0,45115.77979721475,436,6113050,4001692,457740,368741,1780828,1681784,1175023,978051,1337457,284535,536318,688581,382800,0,442884,0,0,0
164,000610,2017-11-01,0.005192878338278861,0.002225519287833766,0.6586855277785701,8082.0,48734.36938310423,418,5400824,4109331,663368,206473,1406142,1338110,877096,1425405,1307614,267954,752240,0,394364,319239,0,0,0,552150
165,000611,2017-11-01,0.022106631989596837,0.032509752925877766,0.33288640266877767,15520.0,57198.08202764246,533,8631920,9336494,493253,359097,3000770,2318270,1974616,1768722,2044425,2725089,762006,726345,356850,391935,0,496356,0,550680
166,000612,2017-11-01,0.01554907677356665,-0.0097181729834791,0.2966343003310852,10200.0,102985.70490743582,1204,23409596,21467612,873477,1269565,4930043,5122104,2417487,2784432,2492448,3103397,1688329,1421987,933922,1014996,903946,2723278,9169944,4027853
167,000613,2017-11-01,-0.01230425055928408,-0.008948545861297563,0.4337850617495729,8925.0,74207.50257199758,424,7419473,4315258,529527,488852,1778309,1294166,1779705,554862,1500010,1264040,538630,713338,0,0,0,0,1293292,0
168,000616,2017-11-01,-0.013698630136986245,-0.013698630136986245,0.16072799711383542,8760.0,163283.27070583764,743,23256450,11157897,491529,865840,2518577,2798779,2262145,1325214,1693585,2380644,1842308,919414,1779431,1019065,1736111,877722,10932764,971219
169,000617,2017-11-01,-0.010069225928256764,-0.004405286343612369,0.5292822063228326,7915.0,35918.02509464836,901,8611496,8126383,916576,838170,3470523,3628893,1689853,1626006,1704444,1182830,0,460224,316600,390260,0,0,513500,0
170,000619,2017-11-01,-0.00442967884828338,-0.0033222591362125353,0.4493723426545635,8109.0,45070.76838753419,403,4203252,5318471,374067,388156,1535795,1248239,729097,1256399,989043,1647893,224250,777784,351000,0,0,0,0,0
171,000620,2017-11-01,0.003044140030441289,-0.0060882800608828,0.1994702653454697,3942.0,36187.58657639583,1085,13393347,6645637,1621430,571409,3241855,1611835,3596037,1217365,4206071,2416806,727954,504814,0,323408,0,0,0,0
172,000622,2017-11-01,0.010084033613445342,0.008403361344537785,0.29795681004129376,12040.0,45442.098298445584,398,5091317,5430287,412098,233127,2005185,2029270,1336729,1222202,396000,847702,525400,771331,0,326655,415905,0,0,0
173,000623,2017-11-01,-0.018143459915611837,-0.0075949367088608,0.45042623373582813,47080.0,251025.736776038,2769,205592185,131508331,1302928,1107701,12782742,12078726,18543270,14702982,30607509,25852717,21197894,20017799,17184346,8749584,14231216,15572481,89742280,33426341
174,000625,2017-11-01,-0.0007396449704142327,-0.0007396449704142327,0.25833851979907524,32495.0,166147.88023685553,2740,102716588,95823422,1626731,1392537,19501127,12592845,14921794,14952716,15416210,18467563,8174838,11471752,6448025,8522354,4870652,7909490,31757211,20514165
175,000626,2017-11-01,-0.005717916137229939,0.0,0.5340830210598744,12720.0,68454.94218187,868,13293345,10825189,817863,878637,3909649,4058507,3326541,2324547,2112653,1261399,745235,946455,611520,675552,427903,0,1341981,680092
176,000627,2017-11-01,0.02516411378555783,0.02516411378555783,0.16611476652137977,44975.0,328691.5267914235,3033,171680677,227797262,1617516,1195697,14514253,12209333,18979746,16941780,28428004,26290205,22690155,25909631,18302866,18838206,14107321,11050590,53040816,115361820
177,000628,2017-11-01,0.002178649237472685,0.0010893246187364536,0.39887471119478146,9200.0,24300.56324147658,529,3652285,5485212,569973,656539,1606309,3465833,996508,693317,479495,449203,0,220320,0,0,0,0,0,0
178,000630,2017-11-01,0.0,0.0034364261168384758,0.0610497631965692,8730.0,211788.21467338596,2297,57520086,59772764,1601273,2394289,6930536,9646252,5890863,6540298,4851816,6006310,6347598,3878884,2665139,2765914,1260173,891333,27972688,27649484
179,000631,2017-11-01,0.01674641148325362,0.01674641148325362,0.08825845943808097,18480.0,110242.24175131966,2252,34258011,73088472,926282,1939045,4391948,18505515,4280712,17851384,5684336,11626045,3242053,5461501,3182954,1705304,3469947,3522095,9079779,12477583
180,000632,2017-11-01,0.0014204545454545858,0.0,0.26453882091012876,1404.0,55600.65077867444,708,6537740,6809760,536215,316694,1631609,1153888,801563,1308698,992379,1102638,1003074,1274438,1024100,741506,0,911898,548800,0
181,000633,2017-11-01,0.0009990009990010762,0.0439560439560438,0.20624228681786555,25724.0,115120.90304276257,2363,65899615,80549932,1367705,1272057,11193210,10533277,12605515,11846721,16850584,17952541,8752304,10981576,8129431,8791390,950934,6202649,6049932,12969721
182,000635,2017-11-01,-0.013450292397660824,-0.015789473684210686,0.5417980194961372,15196.5,128937.96016596984,996,28641993,14385449,616620,1149381,4418149,4321119,2942807,3780213,3549588,1815606,3127027,709470,969396,1018051,422499,445522,12595907,1146087
183,000636,2017-11-01,0.0032679738562093608,0.005446623093682046,0.17133259009551402,8334.0,110088.83961468277,2874,65833067,47197297,3522557,1012535,11988596,6610902,12804441,7199990,11489648,9454723,7786442,5786115,2957238,3432191,3184494,2529866,12099651,11170975
184,000637,2017-11-01,0.0,0.0062893081761006275,0.2012389030359043,6390.0,35942.44985149031,999,6699457,8435992,775170,1336185,2404475,3568633,969751,1372741,1688243,574987,211484,680326,650334,314041,0,0,0,589079
185,000639,2017-11-01,0.008060453400503764,0.010075566750629594,0.6429079329460781,9990.0,51845.650916692684,953,12893203,11519568,850104,942445,5521357,3321291,2190577,2175108,2032301,2100912,1036380,443632,690780,753458,0,1272256,571704,510466
186,000650,2017-11-01,-0.015050167224080369,-0.006688963210702337,0.1791218126887187,6567.0,91761.80011092967,1115,23196482,8950908,1918996,734433,3923122,2911291,2432102,1723335,3919718,2167098,2199602,1099467,1369761,315284,445280,0,6987901,0
187,000651,2017-11-01,-0.018779342723004744,-0.01713615023474191,0.7102285052886363,530964.0,1417040.010501854,3598,1658773752,1602983381,20973,25163,1182308,1217248,6151394,6980906,22801582,32715424,38226521,57653178,46612783,66328838,54657086,68665665,1489121105,1369396959
188,000652,2017-11-01,-0.0077071290944122905,-0.0019267822736032114,0.1335242598910571,5180.0,68561.08737352588,1513,22282042,11247832,1682420,936644,6175060,2544681,3225697,2220807,3516010,1548756,2481616,1791146,1351812,338520,962671,475320,2886756,1391958
189,000655,2017-11-01,-0.007863695937090354,-0.001310615989515096,0.2499057743924923,12296.0,81437.08050131609,932,14947904,14198527,577958,1374814,3138012,5639877,2326659,2242106,2925073,3242765,2205376,932069,359192,303755,457800,463141,2957834,0
190,000656,2017-11-01,-0.002109704641350185,-0.002109704641350185,0.144459025134558,8514.0,101260.08857600404,1078,17206293,16610936,824166,1181812,3709666,4212488,2039969,4534062,1547689,2131236,679208,910499,1029844,396374,907214,1378050,6468537,1866415
191,000657,2017-11-01,-0.0007616146230008392,0.0022848438690021844,0.2988629522283213,2648.0,38822.5373154892,1931,14996764,16848343,672601,2498811,4843168,5957694,3230460,2669900,2925801,2609637,1707728,1380961,663656,1300348,953350,430992,0,0
192,000659,2017-11-01,0.034852546916890104,0.018766756032171594,0.14052847433881493,9013.0,141119.8667099233,705,15241672,17344772,477799,754810,2770003,2689607,1817545,2578597,3072581,2165798,969563,1878699,968437,1150801,447228,1736496,4718516,4389964
193,000661,2017-11-01,-0.024977960622979745,-0.013693799588598399,4.370395176250733,33700.0,250686.86549213817,1516,107047686,54076264,0,0,8227009,7288649,11476546,6371612,14211992,9402855,9092521,3553357,8409176,6789158,4831286,2121139,50799156,18549494
194,000662,2017-11-01,-0.00726832222895224,-0.0066626287098729975,0.6636961201310759,11497.5,104277.13025428554,618,15181740,6221165,549242,639332,3296935,1911554,1959731,2360939,2234226,352424,2169523,513018,1403759,0,910678,443898,2657646,0
195,000663,2017-11-01,0.0025889967637540146,0.006472491909385258,0.7293235648359158,15390.0,89549.67707184727,448,8691533,9257844,461066,324965,1992536,1675602,1311466,1604462,2209595,2447783,203412,237150,310800,310000,923100,488724,1279558,2169158
196,000665,2017-11-01,-0.012313104661389462,-0.009674582233948903,0.35067308501668853,14625.0,63682.68410788049,1051,18857833,9584335,643599,745670,6310424,3792026,2892182,2368906,2535424,1313000,1369851,718932,974088,0,1346625,0,2785640,645801
197,000666,2017-11-01,-0.008071748878923701,-0.0022421524663677195,0.48588903401104505,17784.0,112931.86002234227,2107,64138443,35397926,2141262,1038384,13335989,8400172,9249021,7184803,12531331,5955917,7553253,3508956,3058450,2123086,3505795,1758740,12763342,5427868
198,000667,2017-11-01,0.003058103975535076,0.003058103975535076,0.09900774831155927,4920.0,51923.99878925729,1095,9549085,11185832,1257026,1316775,2313038,2601742,1834685,2372429,1440459,1663729,1525392,520252,663198,1325105,0,0,515287,1385800
199,000668,2017-11-01,0.0055796652200867936,0.0068195908245505255,1.110586517430503,8125.0,51646.07735194407,210,2170474,1731325,275767,121526,769482,657903,162250,388370,314975,563526,0,0,0,0,0,0,648000,0
200,000669,2017-11-01,-0.007265521796565477,-0.009907529722589237,0.47957906732595074,15060.0,60059.89900750795,996,22769234,10738987,701712,562605,7824680,3269283,5373496,2796158,4549388,1937728,1524515,473116,945897,330220,863771,1369877,985775,0
201,000670,2017-11-01,0.042276422764227606,0.047154471544715415,0.12167836936272072,19840.0,122392.57728097327,2563,51883758,81145911,1628540,2042982,11703003,12641764,12130175,13206870,12499714,18142334,4894448,8632288,3732306,6158305,1651887,4103633,3643685,16217735
202,000671,2017-11-01,0.00843881856540074,0.012658227848101333,0.14124433886285914,23568.0,291734.89555513137,2542,143218068,132740980,818647,2734331,8482003,9170659,11648006,12626572,18001163,22468026,11687233,13537726,14380553,8352406,8627111,9870349,69573352,53980911
203,000672,2017-11-01,0.0019102196752625034,0.0019102196752625034,0.2031414767226136,26125.0,112946.99175269113,2659,85217638,76313196,1555858,1416078,13694684,13182206,16598951,13826870,17900201,20796890,9218430,11332559,7279679,3367385,4327799,1692132,14642036,10699076
204,000673,2017-11-01,0.012820512820512775,0.012820512820512775,0.38860267631876055,33250.0,147517.68042509767,906,38162832,31096737,390092,493296,3745108,3646975,4169462,5381889,14102033,5565055,3411395,3590441,3727299,2500910,3955061,1267478,4662382,8650693
205,000676,2017-11-01,0.004854368932038833,0.00277392510402219,0.35324748451832066,14420.0,142004.55919139166,1667,34761208,34706943,1450687,1015333,7802767,7493756,5045523,5552394,5733892,7138282,3208626,3070537,3118949,1603647,2760176,415004,5640588,8417990
206,000677,2017-11-01,-0.013100436681222849,-0.013100436681222849,0.2262938777875101,6825.0,146480.59111111183,409,10914732,2661137,479643,386892,1694601,1259708,1138174,743337,2189100,271200,227999,0,0,0,0,0,5185215,0
207,000678,2017-11-01,-0.004950495049505066,-0.004950495049505066,0.4224459103774063,8060.0,39852.331983103926,365,4452550,3937457,395910,430900,1870555,1105423,534049,1164550,1135741,860988,516295,0,0,375596,0,0,0,0
208,000679,2017-11-01,-0.009546539379474916,-0.013126491646778149,0.35359772384320776,7443.0,47673.80507185643,561,6204406,4061035,311673,633447,2442724,1438194,462793,884783,1242126,187712,525434,0,396960,0,822696,916899,0,0
209,000680,2017-11-01,-0.0055658627087197265,-0.0018552875695732052,0.161238804868721,5390.0,47623.614968265116,1118,13372592,8772701,1086958,761295,3785912,2456804,2366646,2622919,3139728,1310607,506621,1293296,383940,327780,427638,0,1675149,0
210,000681,2017-11-01,0.0005479452054795164,0.00273972602739736,0.6640911102876146,9165.0,61690.43986454363,755,9503436,9543065,842190,1016196,2765057,2650908,1844469,2012274,1339035,2390487,1281647,247520,0,0,477608,483120,953430,742560
211,000682,2017-11-01,-0.013645224171540016,-0.009746588693957059,0.18768744590171943,5599.0,46123.13518571024,747,8080785,6514535,563590,1061456,2086167,2349022,1349185,967310,1325077,1012056,1363437,759021,0,365670,885329,0,508000,0
212,000683,2017-11-01,0.0,0.0,0.08204390377993596,8874.0,109808.9993648615,1407,30140362,22275325,1094751,1429889,4878014,5488451,3889831,3952046,4221775,2942971,2967651,1460505,1891834,3230340,403091,853702,10793415,2917421
213,000685,2017-11-01,0.0009425070688029447,0.0,0.2904913806255217,10650.0,86891.5214275436,1334,22882758,23171152,1773321,784985,5353059,5409286,3578810,7612128,5105148,5263416,2462561,2918668,710537,705669,1349938,477000,2549384,0
214,000686,2017-11-01,-0.0020703933747411307,0.0010351966873705098,0.25928149790384675,10648.0,100657.53260361779,1388,26658256,27630970,1185947,1664509,5268072,5717322,3414461,4934826,4815217,4651844,3264285,2857447,2360119,1488807,904940,1412266,5445215,4903949
215,000687,2017-11-01,-0.022068965517241357,-0.012413793103448256,0.31690426656958026,29180.0,153890.8352485878,2095,88508865,65802376,986747,1327670,9361564,10286382,11774922,12082658,18915736,16140177,9575176,6582390,7575597,3696954,7143186,2339277,23175937,13346868
216,000690,2017-11-01,-0.020053475935828957,-0.005347593582887722,0.2360224329313015,14136.0,160714.4336657357,1005,33570876,17903217,946312,950825,3371573,4514453,4257868,2742142,5883674,3836496,3741998,2231581,3934509,2135024,402016,965544,11032926,527152
217,000691,2017-11-01,-0.021246458923512623,-0.0028328611898016387,0.474998181814702,12717.0,47792.64517230261,220,2967960,3248434,165167,198288,796426,1296375,848351,730930,364798,236587,793218,432754,0,353500,0,0,0,0
218,000692,2017-11-01,-0.007800312012480437,-0.01092043681747279,0.3602275947853865,6666.5,35198.19463452584,316,3641367,3426764,221745,308877,1141977,1016482,1491765,679888,785880,1209165,0,212352,0,0,0,0,0,0
219,000697,2017-11-01,0.0023437499999998668,0.004687499999999956,0.5965398188078327,30852.0,210108.72798947452,1842,87121868,79522561,788658,927172,8972750,9491257,10215990,9896794,12989660,11688949,10985091,9866021,6634101,5541665,2751210,1736836,33784408,30373867
220,000698,2017-11-01,-0.0032102728731943087,-0.0016051364365972098,0.24060513300625921,6240.0,80022.95410695116,670,10149686,8834816,452669,797828,2243468,2032213,2158517,1212270,2749979,901135,703927,484281,1304100,332770,0,441250,537026,2633069
221,000700,2017-11-01,-0.007552870090634434,-0.004531722054380682,0.23299165747542921,6620.0,92793.1655497398,807,14559175,14566601,645840,989602,3204672,2249691,1348187,1923759,2590682,2334616,2054787,989298,2489291,2025945,0,471726,2225716,3581964
222,000701,2017-11-01,0.0016638935108153063,-0.0016638935108153063,0.3780832584393879,10755.0,72323.93692812836,1011,18375743,12087549,890163,1175242,3081560,3933177,5262893,2654479,3288559,2044264,2160673,478912,693049,722099,0,0,2998846,1079376
223,000702,2017-11-01,0.007246376811594235,0.007246376811594235,0.2826269809035466,8300.0,57055.96193602322,858,9817039,12925225,876774,1247922,2417661,4924374,1480287,2017703,1924975,1562173,1551365,1895806,1077697,0,488280,424447,0,852800
224,000703,2017-11-01,-0.014193548387096855,-0.015483870967741953,0.33868591340135173,12268.0,74041.87907876664,2100,45606206,36216259,884115,3277710,7776661,8987430,10333036,6895738,12984438,8209151,5568062,1770403,2252191,3042369,1687947,1282660,4119756,2750798
225,000705,2017-11-01,-0.024727992087042572,-0.028684470820969254,0.26396772152474285,10862.5,95348.83804892653,1468,39478115,17241779,1858924,1504869,5617864,5515190,6952421,3776416,4430722,2431916,3737682,1338963,3151129,324498,857662,1290626,12871711,1059301
226,000707,2017-11-01,-0.00940438871473348,-0.00940438871473348,0.26038954578775925,3792.0,73795.46768855413,600,7122328,7890081,183963,894896,1192183,1760571,879883,1607846,925201,2073643,466780,278604,993691,685165,886449,0,1594178,589356
227,000708,2017-11-01,0.0,0.0,0.2626881606918941,2466.0,146864.07809529462,2206,23330287,17803208,1587578,2768774,3426476,3349710,1845996,2263464,3076276,2950347,2794440,1334770,692764,969724,2330236,928491,7576521,3237928
228,000709,2017-11-01,-0.007109004739336289,-0.004739336492890933,0.07981559223702059,17619.0,256642.63572696337,2812,132163233,92691084,2853591,1301028,13903477,8441848,15213903,9241681,23408061,11555487,16200619,7863062,6245964,4833844,6665329,6748535,47672289,42705599
229,000710,2017-11-01,-0.02876923076923077,-0.018000000000000016,1.413670562558621,44723.0,175047.08762008266,2115,105501875,95904552,623826,1113820,9769697,9711887,17007145,12739499,20201201,16739179,13223230,12638178,9614683,7927771,5512044,6669857,29550049,28364361
230,000711,2017-11-01,0.011730205278592365,-0.0029325513196482023,0.4583598932003062,12150.0,47714.25816529289,885,13399470,6504160,1127459,510697,5685564,2490930,2403239,1400433,1626003,1288415,766845,423365,0,390320,467792,0,1322568,0
231,000712,2017-11-01,-0.00524383848977461,-0.0005243838489775721,0.541711329553094,19000.0,121351.89855075485,1239,35124543,35665819,1286516,1227539,5145650,5213214,4768970,5588606,8756217,6402670,3656207,4937270,3336549,1379275,905949,2095826,7268485,8821419
232,000713,2017-11-01,0.005141388174807249,0.0,0.390664257235597,7795.0,47635.835196349166,396,4410240,5466185,304097,380151,1052784,3165276,954516,686851,1077211,322483,256410,457464,335318,0,429904,453960,0,0
233,000715,2017-11-01,-0.012287334593572896,-0.010396975425330801,0.42999732543806335,4196.0,41114.40577072109,605,5634192,4350085,592652,782045,1505023,1227787,1522431,514946,814396,634643,201024,424888,998666,302470,0,463306,0,0
234,000716,2017-11-01,0.013975155279503104,0.013975155279503104,0.1807484973161287,12940.0,74246.80018442438,1270,21488496,20327631,1230802,1080285,5911557,5266513,4596221,3955525,4879222,4029940,1447152,1520930,646804,2659636,0,0,2776738,1814802
235,000717,2017-11-01,0.0013020833333334814,0.01432291666666674,0.14791724665921077,36904.0,323945.14542026765,2702,147302914,186057251,1292629,997766,10463118,20237474,15151939,14178600,20874448,19072586,18246331,14518962,15384957,13545177,10185829,12924945,55703663,90581741
236,000718,2017-11-01,-0.0018761726078798668,0.0018761726078799779,0.16934558385085757,13858.0,73191.24841115192,991,21052681,9118013,738607,547574,8920811,1555342,3029373,1838652,2610988,1878324,1401060,1324772,0,939725,478634,0,3873208,1033624
237,000719,2017-11-01,-0.011822660098522286,-0.00886699507389166,0.33768137350072,6071.0,45907.6091042078,903,12403292,7960555,1969761,271201,3321178,2299410,2143393,2069329,1982166,1800269,1771550,769775,695520,335652,0,414919,519724,0
238,000720,2017-11-01,-0.003960396039603853,-0.003960396039603853,0.18637525544801573,10030.0,70824.34667108387,734,10638871,11886266,511477,701269,2568201,3430539,1129754,1837169,1770014,1308907,1402771,1761701,1010580,1391668,487974,420840,1758100,1034173
239,000721,2017-11-01,0.0014727540500736325,0.0014727540500736325,0.2906883824862667,8853.0,40484.448781623585,545,5309067,7157088,634333,542239,1941990,2409403,1441334,1374043,709512,1413651,270000,782632,311898,635120,0,0,0,0
240,000722,2017-11-01,-0.002546689303904892,-0.002546689303904892,0.4632420095159997,11790.0,103159.76580504209,646,15223434,12366951,418421,608547,3186774,2995908,2397108,1196183,2634367,2184043,2623775,494225,1669177,733878,467600,873676,1826212,3280491
241,000723,2017-11-01,0.04280618311533879,0.03329369797859694,0.20017496203654536,10218.0,160412.35608417416,1768,57446229,70507987,723654,1531126,4432823,5973540,4272877,8338449,7487595,10347326,7777906,10195669,6113436,6090548,11406848,7562642,15231090,20468687
242,000725,2017-11-01,-0.004823151125401881,0.0,0.10390598531104825,806796.0,2551149.500928167,3597,2774807530,3098811387,0,0,426539,389903,3083183,2301494,18862273,21668408,42160884,32912218,51836320,52443544,56857251,58097114,2601581080,2930998706
243,000726,2017-11-01,0.0017667844522968323,0.0026501766784452485,0.23470628271687502,6798.0,68669.75353530553,2327,30556031,23228978,3909408,1062998,11424020,5144009,4784605,3374680,4667079,4357387,1657974,1986064,2638417,3052684,0,464940,1474528,3786216
244,000727,2017-11-01,-0.0035087719298246833,0.0,0.06949069602315147,8520.0,148980.68390409884,1696,42995520,26855093,1569499,1406535,6583738,5128122,4845192,4767521,6802306,3141470,6822140,3117454,1790779,3035788,1387908,424138,13193958,5834065
245,000728,2017-11-01,0.012155591572123203,0.021069692058346856,0.24584159542213324,32500.0,288119.8730449155,2521,113291870,137254660,1370136,931561,13265401,10641100,16410146,12956909,22200439,19485639,14595863,12695721,7703541,12679998,7203359,4566059,30542985,63297673
246,000729,2017-11-01,-0.006319115323854652,-0.007898894154818259,0.17116622239636486,12660.0,119119.3123599435,1369,31553246,18962290,997112,1376194,7817887,5681823,4244435,3344574,4773394,2141293,1631219,1731741,1349271,340627,0,1291672,10739928,3054366
247,000731,2017-11-01,-0.005108556832694733,-0.003831417624521105,0.27761896809146086,10127.0,88148.3889584961,795,15501739,13527520,437677,1079229,3085099,3416934,2702290,2228612,2809707,2523295,1918092,884023,1095053,676173,0,0,3453821,2719254
248,000732,2017-11-01,-0.00794551645856989,0.002837684449489286,0.40885677358403444,8940.0,82462.28673739877,1858,35217992,26524763,2621290,1242731,7595459,5790345,9060600,5075425,7415045,6418402,1981922,2478039,1307539,1798541,1293011,2291624,3943126,1429656
249,000733,2017-11-01,-0.005725190839694694,0.00190839694656475,0.4577322676730105,12648.0,108129.72069370012,1179,27671709,19695641,1351929,1273001,4862229,5565065,4011464,3846833,4612460,4518383,2055254,897414,2345203,692903,3183475,862865,5249695,2039177
250,000735,2017-11-01,-0.038416763678696175,-0.027939464493597188,0.1700644520491689,36507.0,190069.9319095014,2556,146981802,91202881,1394504,1489459,10935611,10758328,13714449,14020090,36848467,19068322,18364525,12135794,12292082,7250173,13608327,5879887,39823837,20600828
251,000736,2017-11-01,0.02010050251256268,0.02010050251256268,0.4156304830167037,17952.0,81379.41050386976,1470,31040986,35870970,1235995,1334595,6678171,6661519,7335541,7250241,7772381,7897174,3957343,3790922,2518795,2215138,928685,2230057,614075,4491324
252,000737,2017-11-01,0.005376344086021501,0.007168458781362075,0.20879796081211446,7318.0,44218.24946417456,714,6401018,9692257,493250,1040299,2378939,2611760,1574631,1105946,1673198,3016090,281000,705854,0,673912,0,0,0,538396
253,000738,2017-11-01,-0.01653333333333329,-0.012799999999999923,0.44586842739714483,18680.0,136538.32369969704,1769,71012501,23150387,927168,1677241,10909420,7120289,9797785,4671333,14288837,6337683,9233856,1638292,5226937,1705549,4411317,0,16217181,0
254,000739,2017-11-01,0.0027855153203342198,0.0055710306406684396,0.3261796667299286,5057.5,58529.01959758629,484,4504444,6359578,514956,437741,1800441,1175490,995752,1175692,939873,1349566,253422,433800,0,390236,0,0,0,1397053
255,000750,2017-11-01,-0.0036496350364964014,-0.0018248175182482562,0.12750384847790433,10412.0,84186.88737467509,1851,30811379,26200336,2671663,1142291,10425739,5123230,4159975,3473560,3267672,3344317,3608661,4653640,1436319,630528,0,454840,5241350,7377930
256,000751,2017-11-01,-0.012750455373406244,-0.010928961748634003,0.1318028812811424,12615.5,161195.26321993434,1738,45880570,49422558,1610611,1243248,6541157,6376418,6379086,7035136,7783450,6918714,6824113,4453119,6695237,4660284,1254410,1256222,8792506,17479417
257,000752,2017-11-01,0.013206162876008731,0.018341892883345645,0.5370141849060642,6987.5,67712.28832847727,644,8704936,6760865,778328,486254,2323107,1740688,2021947,1211310,1514142,1897609,239080,1025407,0,399597,0,0,1828332,0
258,000753,2017-11-01,-0.00454545454545463,-0.00454545454545463,0.14728873651065577,882.0,27861.978402956505,893,6273549,3160118,710948,506841,1899379,1240705,1078098,753479,1629311,427127,955813,231966,0,0,0,0,0,0
259,000755,2017-11-01,-0.05217391304347818,-0.05217391304347818,0.14433451378388823,11000.0,85236.62909201914,1591,30212502,22065561,1443047,1321614,6604836,7017769,5055092,5301702,4850544,3295515,2887915,1991282,2378131,627590,457080,418560,6535857,2091529
260,000756,2017-11-01,0.003468208092485492,0.001734104046242635,0.4471652221872883,15570.0,95648.41651041419,1499,34562872,35224325,1325249,947004,6240006,7383365,5400858,5336459,6491648,7157002,5300924,4675302,3915214,4796703,0,1336047,5888973,3592443
261,000758,2017-11-01,-0.0014224751066856944,0.0014224751066855834,0.18460314343737727,11296.0,134891.4732747219,1451,30770579,27926681,1232432,1936505,5409493,7150127,4128213,4575980,4282564,5628704,2244836,1603548,2681121,1748272,845649,1347657,9946271,3935888
262,000759,2017-11-01,-0.004162330905306932,0.0010405827263266776,0.2318312846780989,7704.0,42277.117279577724,1721,18957489,14873798,1821241,3030049,6413815,5102942,4356154,1859958,4302957,1775059,905406,897367,705268,1373223,452648,0,0,835200
263,000760,2017-11-01,-0.03206650831353919,-0.03562945368171033,0.20730293909314093,5739.0,102764.7194333429,1652,28932304,12490327,2049208,1015467,5319367,3974227,3720904,2133255,4080732,3633316,2724106,706982,1418613,0,1847876,0,7771498,1027080
264,000761,2017-11-01,0.0037453183520599342,0.0074906367041198685,0.11705322437331307,13909.0,80385.1819868256,2089,24961319,48918327,1206443,1557350,5606310,15207702,3930676,8864378,3260602,5549968,4294510,6696516,1958628,4594810,442152,2261895,4261998,4185708
265,000762,2017-11-01,0.0,0.011150234741784004,0.3547079437984873,27552.0,247325.9725627735,2309,94136234,116089611,1543492,1261475,10985521,10680472,12442556,11916615,18220101,16756099,6625353,10237787,11131054,5583222,5755590,7044151,27432567,52609790
266,000766,2017-11-01,-0.024840312278211485,-0.012775017743080208,0.5412869638458491,12510.0,87070.26853511565,677,10246065,13057397,593761,630621,2875297,2945262,1728949,2169318,2000458,2697770,1191548,1277400,358656,0,423561,429186,1073835,2907840
267,000767,2017-11-01,-0.0030674846625766694,-0.0030674846625766694,0.15825841987344672,4225.0,45235.920197469444,424,4599527,3639170,471642,435589,1190697,847281,1087872,384670,1637744,849191,211572,0,0,653000,0,469439,0,0
268,000768,2017-11-01,-0.0032661948829614262,-0.00544365813826897,0.37353207914498854,25676.0,166221.28273636533,2419,104766859,70854593,1780039,1490814,15571922,12203742,13575781,10054116,15301628,14049948,8772289,4923009,7569655,6703908,7076564,3577189,35118981,17851867
269,000776,2017-11-01,0.0005649717514124575,0.004519774011299438,0.3460194531733747,41262.0,444719.5213635162,2617,191085040,200903181,1418038,1240518,9193385,12319026,12928648,17420470,27516922,24077376,17524217,18040924,11374990,14721144,10673889,10364062,100454951,102719661
270,000777,2017-11-01,-0.001828153564899515,0.001828153564899626,0.6422397421594002,9879.0,44149.09623021577,652,8527732,7333050,1050508,725351,3378422,2505289,1756142,1023521,2128680,1523881,213980,541713,0,0,0,460880,0,552415
271,000778,2017-11-01,0.0,0.001680672268907557,0.13489743828190573,14328.0,129408.22175282636,1949,44273799,45914386,1495156,1765880,8520770,8703324,6050196,6562119,12178739,9461067,2665522,4557168,2286122,2497523,893467,404248,10183827,11963057
272,000779,2017-11-01,0.021818181818181737,0.009090909090909038,0.523291513569436,16860.0,58345.115301340586,994,16591139,18274099,664340,820120,4211534,5735362,3785851,4941520,3124920,4148437,1871519,1714680,962788,336000,416911,0,1553276,577980
273,000780,2017-11-01,-0.006036217303822755,-0.002012072434607548,0.21698159410138326,1494.0,47367.81859227628,524,7238858,2516790,516258,334259,1301477,836041,789552,1090075,1024506,256415,2914921,0,692144,0,0,0,0,0
274,000782,2017-11-01,-0.005181347150259086,0.005181347150258864,0.2779029149795308,14520.0,76691.52605370052,1207,26485806,16393340,1496953,799185,7111846,4107813,7394640,3826470,3520058,3512599,1917553,211459,2317384,941455,424762,445900,2302610,2548459
275,000783,2017-11-01,-0.004439511653718031,0.0,0.19501618199513546,18120.0,190701.18012642887,2137,69325842,61029293,1985219,1702010,10309405,10746298,10788539,7576089,14011142,9607403,2680678,5073130,3911120,4341594,1847737,2215028,23792002,19767741
276,000785,2017-11-01,-0.0009225092250921829,0.0009225092250921829,0.5731155824638298,7588.0,74260.80132055518,357,6492867,3439859,534542,243254,1217008,637041,888285,714344,893268,1845220,924721,0,0,0,499263,0,1535780,0
277,000786,2017-11-01,0.003964757709251199,0.017621145374449476,0.3961775018106515,93603.0,501329.6010395553,3297,377253032,353962947,1201069,692151,8436132,10357614,19359281,19612943,49387251,38606002,37325386,38761046,29442765,29588322,22337371,23186328,209763777,193158541
278,000788,2017-11-01,-0.004246284501061459,0.00424628450106157,0.4188238811098326,9450.0,53112.00640550575,505,6784324,6136106,486436,659720,1891051,2210144,1165356,1336562,1239324,1066875,766224,0,765433,0,470500,862805,0,0
279,000789,2017-11-01,0.01183431952662728,0.00591715976331364,0.18551781037919812,10920.0,61751.84327185301,2079,32018481,30694361,1846068,2317899,5230812,10274050,9274810,6709251,6189618,6284619,2194496,2685667,1706183,2008203,1341956,414672,4234538,0
280,000791,2017-11-01,0.01876379690949226,0.020971302428256067,0.17966702789346894,25648.0,144766.44754984145,2546,83967096,102036266,1727927,1941551,12020520,13363141,11453819,12522629,14849273,19822315,9367150,11875994,8628167,7856607,6266511,7424782,19653729,27229247
281,000792,2017-11-01,0.007797270955165692,0.021442495126705596,0.2723567235653717,91740.0,501290.55139023904,3196,346934211,445962016,748277,820398,11003424,10082861,20037742,17654855,35872007,41505041,31661505,32027609,25391716,30640480,20572473,29821240,201647067,283409532
282,000793,2017-11-01,0.00778967867575453,0.003894839337877487,0.2569088183706613,35700.0,187631.2984871255,1599,85075155,62691185,1130534,357015,9404151,1956045,15432101,6976820,18782104,9274819,6607851,8242105,7199410,7800304,3539480,4327640,22979524,23756437
283,000795,2017-11-01,-0.020679468242245203,-0.019202363367799125,0.1523943309641686,14206.5,102271.58186325584,1976,46063264,37739536,1169799,2119807,8082436,11052335,6832183,7383335,7844275,5142011,5346373,4156749,5777280,3909688,1427123,1333749,9583795,2641862
284,000796,2017-11-01,-0.011683848797250818,-0.010309278350515538,0.34092244701866276,19992.0,89911.27215844548,1823,47952771,36275546,1172842,1110721,9677554,8830377,10658414,8877861,8802379,6856798,4022100,4720148,4002953,2123636,3176406,2304964,6440123,1451041
285,000797,2017-11-01,-0.010148321623731471,0.0031225604996096834,0.3988703038433694,12890.0,87158.6301878515,1031,26102044,16772691,1093612,494908,5238131,3460765,4574455,2443835,5432056,4152217,2256796,1003135,2742142,3467247,1322143,1234184,3442709,516400
286,000798,2017-11-01,-0.007486631016042855,-0.002139037433155022,0.277735770318255,14912.0,137188.29697016015,1134,27523863,20360925,708984,1091378,5574909,5923512,3930691,3790536,5102859,4053437,3109436,1883454,1675613,0,1909235,965078,5512136,2653530
287,000799,2017-11-01,0.017844396859386213,0.0224839400428265,0.498718999169535,68484.0,271355.7392938686,3158,207845805,256917044,892275,672879,12122089,11529209,22128334,29098003,38118175,36314111,25816387,22948258,18302996,21335121,15799207,20202308,74666342,114817155
288,000800,2017-11-01,0.0,0.0033305578684430515,0.2776337886485374,30250.0,189565.05543979,1872,88590831,79435906,843617,1257334,6847965,9191407,9775545,9298791,17982856,15885318,9180770,12441133,7350177,7306288,6391729,3527052,30218172,20528583
289,000801,2017-11-01,-0.0013440860215054862,0.0026881720430107503,0.25497956063181615,7500.0,46690.690755788724,851,7536639,11210401,752143,1370990,3006176,3315563,1770288,2370335,1066821,2204120,258344,408925,682867,729718,0,0,0,810750
290,000802,2017-11-01,-0.001315789473684159,0.0026315789473685403,0.41518731021289385,18240.0,70842.14326125062,1340,29948293,28661668,965585,1097712,6942116,6982625,5290083,4795827,8395782,8647475,2899135,3873514,2672279,1684009,1389276,441090,1394037,1139416
291,000803,2017-11-01,0.01360863444392324,0.018301267010793154,1.5681168005268349,8648.0,41057.71394368741,184,1954903,2045131,190891,112588,358272,737020,641384,629039,448996,325614,0,240870,315360,0,0,0,0,0
292,000807,2017-11-01,-0.011618257261410858,-0.0008298755186723072,0.22210671173666768,50862.0,451475.1236208052,2947,273661260,246608165,1125272,1280732,11132092,12633893,17349545,16033900,28435374,28073581,22342890,22361231,23563903,12754710,12027972,16645318,157684212,136824800
293,000809,2017-11-01,-0.0024154589371979673,-0.0024154589371979673,0.24110913873191397,8270.0,56951.502988237706,294,5144182,4448557,213105,269427,1159810,934643,936260,1056567,1482183,1169671,703093,710319,649731,307930,0,0,0,0
294,000810,2017-11-01,-0.009242144177449174,-0.001848428835489746,0.44703317413489607,8672.0,40278.32155374989,585,6583424,5482519,461318,671419,2177252,2364512,1645308,1021752,923226,703111,216000,721725,732830,0,427490,0,0,0
295,000811,2017-11-01,-0.007821229050279155,-0.007821229050279155,0.2754007535735342,14960.0,98833.1942855369,1056,30376400,18106099,568941,1315859,3852339,4626804,4301165,3901171,9870254,4010884,4110386,1579738,613370,374313,935175,407162,6124770,1890168
296,000812,2017-11-01,0.0,0.002450980392156854,0.32340754470897015,5719.0,42026.24307968197,636,5789795,6827283,548711,800439,1783494,1399981,1819124,1428528,211769,2212008,456019,658327,970678,328000,0,0,0,0
297,000813,2017-11-01,0.006666666666666599,0.008000000000000007,0.21918448392762307,3790.0,40878.8607478588,1172,12317849,7949457,2005872,475805,3829350,1582658,3002103,987036,1942234,3156251,785780,469662,752510,0,0,1278045,0,0
298,000815,2017-11-01,0.03302373581011353,0.0376676986584108,0.4717386942263135,23964.0,105734.39786876627,1689,45542182,57891477,1016688,1044022,7449472,8228170,7656789,9260955,10573412,13533150,6010083,10004246,3886172,3120002,3506951,3466242,5442615,9234690
299,000818,2017-11-01,0.00536193029490617,0.00536193029490617,0.40341539185072145,11200.0,96734.12192875327,769,13782568,15909794,570604,655502,2679745,3341173,2159185,2019285,3347112,1710553,2832802,2121811,640080,716794,447600,448000,1105440,4896676
300,000819,2017-11-01,0.003236245954692629,-0.003236245954692518,0.6863345736100306,12430.5,58570.534615864366,506,8013917,6606300,358816,513348,2375852,2064434,1985576,1453588,1351063,1292538,566130,202150,618000,1080242,0,0,758480,0
301,000821,2017-11-01,-0.016894087069525665,-0.013645224171540016,0.33652740896353905,27495.0,214151.03507050502,2096,81904247,78318110,1002154,1260463,9964277,11485135,11090832,11076413,12583434,14086689,8966757,8522508,6668451,4871394,5131967,4096419,26496375,22919089
302,000822,2017-11-01,0.01754385964912286,0.015697137580794163,0.23036775612423496,21730.0,95065.1022629615,2212,59978535,57215911,1116819,2185181,9897865,11486381,10409180,11456835,13824256,13080408,8122523,6739561,4837747,4540196,4071465,1760196,7698680,5967153
303,000823,2017-11-01,0.021671826625387025,0.026006191950464608,0.30876059483317736,44145.0,380198.3150172757,2744,203492859,210890899,789240,953575,15453777,10311739,16120738,14639349,28528699,22114998,17103847,14728218,8892335,14539873,11289970,10077232,105314253,123525915
304,000825,2017-11-01,0.023210831721470093,0.030947775628626717,0.09132553836794832,55545.0,566932.9132267849,3221,250579883,410859933,1368236,1221354,11440703,11872031,19147961,19515249,28252673,30996837,24006013,26297085,18645069,21813372,11422585,21447575,136296643,277696430
305,000826,2017-11-01,-0.010962566844919697,0.0,0.8101224982073175,44952.0,290971.1539326244,2132,132594570,120858748,727144,852114,10091581,9878082,13854953,11298762,23227480,21098880,13601758,14483716,15198882,15400336,6706801,7376953,49185971,40469905
306,000828,2017-11-01,-0.003270645952575757,0.0,0.4264105515066344,6130.0,69634.95457834227,822,9965053,11085119,1041573,951429,2552361,1933574,2013994,1720001,2034863,1816297,0,2051914,366900,735600,0,923054,1955362,953250
307,000829,2017-11-01,-0.0067502410800384105,0.004821600771456103,0.3084903502316979,10370.0,48382.38144757541,1130,18460783,10817160,1056521,989380,6338647,2512752,4191895,2637029,3616800,2350304,1417218,1248934,362950,675507,883697,403254,593055,0
308,000830,2017-11-01,0.021739130434782705,0.026956521739130546,0.20268792262284815,50761.5,290242.7149616984,3224,215172781,241820229,1296106,1141775,12860307,14686263,17359860,18266566,32538730,32882208,24779083,33098582,18790188,25166652,18694122,16270843,88854385,100307340
309,000831,2017-11-01,0.006880733944954143,-0.000764525993883769,0.2841780943883292,13110.0,98280.27866671089,2119,49272857,41915303,2450238,1247116,8689878,8719861,7757689,7565881,10607626,10856698,6292696,2969929,4222900,1291796,1811410,1321843,7440420,7942179
310,000833,2017-11-01,-0.01534526854219953,-0.01278772378516635,0.2948380531913668,7810.0,59650.836455785655,703,9974627,7416945,677267,715202,3476989,1992152,1816684,1104611,1583864,1325899,425131,473000,1039191,0,955501,0,0,1806081
311,000835,2017-11-01,0.01642935377875121,-0.009857612267251015,0.3422521196703234,8208.0,65096.926621857034,711,11898074,6679977,518796,1337929,1965328,2788703,2265013,1360382,3057968,754183,463966,438780,1362906,0,470862,0,1793235,0
312,000837,2017-11-01,-0.004054054054054124,-0.005405405405405461,0.2851336597833666,9594.0,85500.92556609487,673,15413785,7489527,755861,679861,2598128,2702630,2278121,1146823,2880266,1541763,1485892,241736,1377782,0,426564,411424,3611171,765290
313,000838,2017-11-01,0.01791530944625408,0.02442996742671011,0.1600497265922735,12540.0,74502.67009638505,1474,22165005,31464789,1373521,1322047,5447638,6329575,4689075,5322860,5592751,5005111,2710991,4264871,1377304,2718736,443054,1766932,530671,4734657
314,000839,2017-11-01,0.007123775601068472,0.003561887800534125,0.1971779519847598,79520.0,580209.7320560378,3247,335231424,412375570,777689,766544,12823917,10314868,22407017,17609352,39089463,37297491,34282503,31350914,26835401,30661900,23796164,23801111,175219270,260573390
315,000848,2017-11-01,-0.0055299539170506895,-0.004608294930875445,0.25176013751207144,17240.0,148965.37727291175,1860,58772173,52811308,1157843,1179787,8244856,9030801,8212911,6475963,5972129,8055834,5100452,6105305,4063124,3492474,6686904,3025767,19333954,15445377
316,000850,2017-11-01,-0.0039447731755425375,-0.0019723865877713243,0.22773134781777435,6071.0,45818.47348520847,495,6201685,4106162,794671,202612,1216896,1249992,1456250,888382,1463502,758813,466427,1006363,303000,0,0,0,500939,0
317,000851,2017-11-01,-0.03571428571428581,-0.016917293233082664,0.2954288632316446,19855.0,94363.35432619455,1297,33048703,20061178,619177,646617,10533519,4184778,4519113,2796241,5630592,4010501,3669945,3654094,1033374,667989,1831279,863100,5211704,3237858
318,000852,2017-11-01,0.004424778761061843,0.005309734513274211,0.30652223391810124,12496.0,71675.2057655903,1359,24889461,22097477,1048248,972323,7107953,6140073,4312745,4274182,4578463,6323194,2880312,2315081,2855545,396274,0,453130,2106195,1223220
319,000856,2017-11-01,-0.0013711151736744975,0.00365630712979903,0.49552515350028326,22130.0,128408.38193026299,1950,55748187,57352913,1154212,1268356,9795992,10271197,10980234,9352403,12301828,10777064,4693901,5087439,5434968,4419470,2753226,2589529,8633826,13587455
320,000858,2017-11-01,0.00555138784696152,0.005251312828207011,1.14170630199247,147136.0,661636.5231744986,3409,549872836,583441711,376039,443041,8549335,10383366,12943201,22155341,36142421,49047016,39753681,43431496,35033263,41901831,34512317,34525443,382562579,381554177
321,000859,2017-11-01,-0.006134969325153228,-0.006134969325153228,0.20348721027444458,9800.0,54373.3231429713,577,10739780,6305193,529269,736951,2609627,2348642,2867854,1459651,1552346,913975,1022757,502974,1278327,343000,879600,0,0,0
322,000860,2017-11-01,-0.008598887202832528,-0.006575619625695417,0.5088939790774794,19640.0,117645.7689600497,1509,44588213,41732234,1125300,1678115,5797498,7126558,6727754,4545018,9247312,10165287,3792818,5404842,4053711,2420853,4345478,1675365,9498342,8716196
323,000861,2017-11-01,-0.0027855153203342198,0.0027855153203342198,0.15473271582625528,5392.5,44791.00467862973,538,4336333,6400676,287736,666199,1115223,2348030,927491,1211589,729070,1478575,240530,696283,0,0,444011,0,592272,0
324,000862,2017-11-01,-0.027508090614886682,-0.017799352750809017,0.20850457079884382,8510.0,75960.45191246567,879,14516496,9599588,649745,1297970,3746596,3510506,2217973,1619310,2188795,1594665,1622074,507440,949841,302149,429800,0,2711672,767548
325,000863,2017-11-01,0.007541478129713397,-0.003016591251885359,0.24332383823544876,6640.0,57576.36419305613,742,12660539,5498301,774871,792323,3862372,1980030,1560783,1107419,1600540,1314624,861687,0,2676966,303905,0,0,1323320,0
326,000868,2017-11-01,-0.012725344644750725,0.006362672322375529,0.1634478476793594,63670.0,380434.10366730974,3336,267383103,294850429,1025168,1370158,11785226,15053195,18271288,21985531,38785148,44411361,27207235,30842800,19559910,23151098,16953424,21949717,133795704,136086569
327,000869,2017-11-01,-0.0035353535353535026,0.0007575757575757347,1.0146246705780078,28182.0,123476.04934077733,1523,51769379,45300342,872733,841077,7844059,7818146,10052978,7634948,10345934,10103212,7462156,5107034,5889416,3564462,4200358,6698943,5101745,3532520
328,000875,2017-11-01,0.0,0.00427350427350448,0.18684985631217013,3760.0,52670.77612736909,627,5958857,5966344,621541,531044,2064880,1438974,915636,965814,994866,1001992,986734,443210,375200,366600,0,470000,0,748710
329,000876,2017-11-01,0.0161943319838056,0.01754385964912286,0.14453877567104498,27639.0,261017.8376699314,2633,76029328,128658687,1734117,1415451,14459371,12468695,11069249,13052405,14204511,23786330,10374160,10315634,3302539,7963452,3924094,8583395,16961287,51073325
330,000877,2017-11-01,-0.010008340283569672,-0.012510425354462118,0.23727739209095475,21330.0,117677.12472582333,2555,81703158,55872617,1332697,2088178,12808315,13531080,14094517,11148602,15257281,13984122,8029111,5942313,7739127,4687986,4518166,1349851,17923944,3140485
331,000878,2017-11-01,-0.0035637918745544672,0.002138275124732747,0.29173427915527966,34775.0,235648.62356574097,2314,108939409,116784320,1545221,1152632,10029751,9796549,12305135,13683659,21373741,20853676,14799702,14386419,12404661,8936625,7993157,5319439,28488041,42655321
332,000880,2017-11-01,-0.008434864104967188,-0.012183692596063778,0.4262709569303906,5275.0,37714.12676632762,626,6451787,4008942,566514,469152,1908959,1430186,1516254,1417921,1180678,379749,785053,0,0,311934,494329,0,0,0
333,000881,2017-11-01,-0.003750000000000031,-0.003750000000000031,0.4496053228443216,16045.0,60293.65123871403,1266,26934925,17597093,1571888,1095147,7219353,5178362,5858371,3466044,4535578,4829305,3719588,1509443,999975,642159,1824902,876633,1205270,0
334,000882,2017-11-01,-0.011730205278592365,-0.008797653958944385,0.1329798627827871,4407.0,99178.51472155949,658,10042293,6412659,582782,561588,1860859,1678479,1241922,905072,1605615,1145799,1019576,272680,651219,365781,0,0,3080320,1483260
335,000883,2017-11-01,0.0020283975659229903,0.0020283975659229903,0.14030496138830573,4940.0,79911.84826348584,1236,16168216,11437364,2777240,865958,4246473,1952379,2186661,1070979,1821597,1012661,995886,1367144,0,986713,2287500,1392767,1852859,2788763
336,000885,2017-11-01,-0.0073710073710074875,0.0,0.4138928515685806,30390.0,134790.92792457071,2418,87308937,72420773,804769,1194008,12845971,13104441,13827496,15022512,19481741,19807463,10894342,8497531,8631499,6250056,3083685,4219700,17739434,4325062
337,000886,2017-11-01,-0.006775067750677488,-0.01490514905149054,0.21324534531839176,14920.0,199043.19370719526,1199,44675423,35452116,636789,1226741,4732654,4365830,5548501,4460539,7019349,5424267,5845706,4807207,6116141,1757909,3576693,855184,11199590,12554439
338,000887,2017-11-01,-0.030132788559754875,-0.027068437180796656,0.443109203839431,36366.0,388669.1817886905,1953,150865532,77043344,1012016,1372096,6690598,9508401,12178919,9629722,25912843,15578878,12445798,7683741,6091348,5615836,7933639,4095754,78600371,23558916
339,000888,2017-11-01,0.0037523452157597337,0.004690431519699834,0.327067222961957,3216.0,56153.268174485194,1062,9209689,7766176,1574438,752597,2667078,3632416,1971614,1506890,542524,1589121,513162,285152,338873,0,0,0,1602000,0
340,000889,2017-11-01,0.0,0.0,0.6282798921518269,7500.0,115385.47786554156,569,0,17500500,0,1329000,0,3816000,0,1803000,0,2143500,0,484500,0,1728000,0,499500,0,5697000
341,000890,2017-11-01,-0.005471956224350261,0.0,0.24444257613662046,9490.0,55909.29056329903,895,12083630,9626487,862851,877956,3395087,4014859,2677463,1595906,1574212,2036689,1187361,228160,1102806,303468,0,0,1283850,569449
342,000892,2017-11-01,0.05707196029776673,0.0459057071960296,0.18740185232149498,16800.0,101736.89104079647,1853,29020918,53632156,1272852,1884406,7707839,9200401,7810157,9792359,6160041,11876064,2168452,6071216,1680077,1962338,420500,1755008,1801000,11090364
343,000893,2017-11-01,-0.002200220022002153,-0.014301430143014215,0.2464098398466658,10812.0,48649.52938178707,1362,21390298,16068769,1471338,1526378,6060061,5426211,4925276,4864211,4919115,2778339,2228180,652070,1315518,0,470810,0,0,821560
344,000895,2017-11-01,0.0022900763358779663,0.006870229007633677,0.4803471846458813,50521.0,340308.72735819535,2978,156810607,232116602,854742,1102089,10472401,15891968,16145460,31590213,28239111,28026760,15608118,17594198,11354019,12326948,9262917,6182049,64873839,119402377
345,000897,2017-11-01,0.002450980392156854,0.004901960784313708,0.13978334048848293,4100.0,68311.1486876751,853,10993431,7738225,727159,989469,2449538,2465903,2059921,542242,2066668,1074154,877168,469540,1497400,0,0,0,1315577,2196917
346,000898,2017-11-01,0.0016000000000000458,0.0048000000000001375,0.125434647975262,10048.0,146670.28882313042,2489,59383364,67866832,2905247,1642685,10493567,6337638,6253202,7740196,10915101,8884219,5573589,7960204,4497228,5569621,2604324,3591020,16141106,26141249
347,000899,2017-11-01,-0.007082152974504208,-0.005665722379603388,0.3487403459748175,7040.0,71978.30429958743,409,6755277,2251407,474909,423045,1836647,962129,1216432,474601,1897289,391632,0,0,0,0,0,0,1330000,0
348,000901,2017-11-01,-0.018478260869565277,-0.010507246376811663,0.7907509032830435,13740.0,115667.42026940339,1218,35753543,21005302,757768,1659193,4950736,5744470,4754451,3721032,4036344,4313452,3781925,1893352,2374927,1250155,1779179,0,13318213,2423648
349,000902,2017-11-01,0.0009433962264151496,0.002830188679245449,0.3559089032880726,11671.0,71024.07542041704,887,13715161,16105025,676032,442321,2907606,4314664,2551455,2517148,3331862,3385132,903883,1706759,2159383,941466,422400,476055,762540,2321480
350,000903,2017-11-01,-0.01558441558441559,-0.01558441558441559,0.0945735231397548,11603.5,115887.52472538063,1664,44479059,27242093,1589578,1781204,7972837,7943910,4657852,4512147,8569094,3654683,3210052,1186379,6115243,765382,871016,928116,11493387,6470272
351,000905,2017-11-01,-0.009781790820165503,-0.009029345372460473,0.32224751881812724,18368.0,127065.94655084176,1701,55884582,28678551,1149963,1405629,9037839,8514974,9475441,5655313,9843116,5659199,2936047,1410693,3658636,1054066,4007998,461300,15775542,4517377
352,000906,2017-11-01,-0.008433734939759074,0.0,0.34928207678972156,8260.0,40414.10165002024,564,5479148,5933323,348088,814080,1697809,2310363,1516655,1293217,935126,717030,465845,798633,0,0,0,0,515625,0
353,000908,2017-11-01,-0.004207573632538653,-0.0028050490883589907,0.29263313494592996,5680.0,45588.43156101955,593,7194795,4832810,813213,583280,1735392,1486243,824724,1067055,2035024,671370,1113812,284000,672630,314262,0,426600,0,0
354,000909,2017-11-01,0.013114754098360715,0.0180327868852459,0.44381710762029736,12330.0,108304.9209244909,755,10255379,16190623,868845,550946,3882481,2860007,2729111,1949608,1709863,2318986,247399,1454829,0,1006279,0,494361,817680,5555607
355,000910,2017-11-01,0.0017376194613378804,-0.0034752389226758718,0.5142652821595204,6891.0,92233.48760215096,2011,31348926,27970169,4296853,1394476,7044242,4459936,3901641,2796373,4464677,5031926,2576608,3576526,2024386,2739431,461368,1751019,6579151,6220482
356,000911,2017-11-01,-0.003676470588235392,-0.0009191176470589868,0.36014394964912994,5432.5,33248.93331736476,912,8593225,5186309,943452,764369,3713051,2104360,1027889,989248,1621750,1328332,700749,0,0,0,0,0,586334,0
357,000912,2017-11-01,-0.003444316877152853,0.0057405281285876075,0.23474405768478723,14063.0,66696.77699112157,1377,26690556,22578459,1226916,1259198,7611133,5726639,5274956,3977158,5689450,5135336,1892826,3206336,1982970,1701766,906851,847574,2105454,724452
358,000913,2017-11-01,0.05616740088105732,0.05121145374449343,0.46893854486400854,20680.0,169750.9801524854,1505,44162144,58164657,1008136,1520278,5355660,7418537,6813988,8491295,6892483,9298763,5516375,7939427,2455327,3461344,1348015,3596836,14772160,16438177
359,000915,2017-11-01,-0.021709260785930162,-0.01099203077768618,1.034879626051211,25515.0,184509.41897634338,1236,60361534,31480661,672583,655189,6297903,6064973,8478291,4761371,11198657,6746067,6042917,2987516,3650672,4889085,3075707,1342364,20944804,4034096
360,000917,2017-11-01,-0.00591715976331364,-0.008875739644970349,0.2835248507111699,15075.0,154917.5095498109,1279,46577284,28472267,862277,747302,5527491,4807585,5171859,3721826,8078068,5338581,5218588,2868492,4660483,3032140,1316592,1802756,15741926,6153585
361,000918,2017-11-01,-0.0043604651162790775,0.0,0.30837263433505746,8256.0,53361.897526226894,497,7933123,5226456,436888,619723,1750103,1833311,1734516,1073346,1116765,895058,759574,475198,1723677,329820,411600,0,0,0
362,000919,2017-11-01,-0.012833168805528206,-0.01184600197433372,0.30831605797878825,8080.0,83354.62861927261,1079,22191296,10007741,1394291,703100,4052128,3491069,3241799,2702915,4520601,1532476,1951142,443101,1626451,611960,0,0,5404884,523120
363,000920,2017-11-01,0.0071620411817368,0.0035810205908684,0.41781963704876657,12353.0,71196.89041478463,714,13981458,11706777,538694,524241,3471182,3158251,2711256,2190114,2738060,1171499,2550321,869750,1121506,1025384,850439,871875,0,1895663
364,000921,2017-11-01,-0.031462060456508456,-0.022825416409623767,0.32935310826110253,25735.5,160565.23952268984,2424,101284240,59973251,1819885,1284349,13011023,11479408,16838871,11620864,18425265,13378721,11577048,4691511,7815391,3467026,5759406,3561617,26037351,10489755
365,000922,2017-11-01,0.002466091245376223,0.0012330456226881115,0.3516911785046672,8140.0,81618.31424104933,531,11377691,5961615,602434,558241,2159117,1812411,1799539,1105937,2129889,1865066,1447338,228760,304810,391200,414119,0,2520445,0
366,000923,2017-11-01,0.003875968992248069,0.0073643410852712865,0.7255552768739342,13025.0,87104.18894645554,1264,21648741,21722380,751448,1384068,5771011,5595774,4632565,4239724,3402138,2956060,3483127,1679401,387760,696074,477630,2304350,2743062,2866929
367,000925,2017-11-01,-0.007960808328230207,-0.01224739742804648,0.5431590789635188,16180.0,105821.80097103388,904,23428812,15590865,558573,1183652,4315816,4176126,3227474,3663968,2752819,1256347,1744178,837092,1279485,640296,4159913,0,5390554,3833384
368,000926,2017-11-01,-0.002446982055464897,0.0,0.3232070307118341,12250.0,71164.05788019576,1439,31422919,19221459,1905600,1093302,6199996,5489372,5945423,3977325,6552794,4487641,5141607,1475056,1083458,1680495,451042,441056,4142999,577212
369,000928,2017-11-01,0.0,0.0012953367875647714,0.24077326509746771,11565.0,116409.29357814908,1028,29053753,21476138,664716,1497830,3983701,3824107,3823314,3145228,5518196,2728060,3697227,2866038,2514408,2832521,2086443,840527,6765748,3741827
370,000929,2017-11-01,-0.010301109350237647,-0.003961965134706702,0.5725268943415616,12590.0,55147.58270445968,485,11472085,4201714,405571,392278,1922640,1906471,2515213,959456,4184787,592117,1260054,0,680220,351392,0,0,503600,0
371,000931,2017-11-01,0.0027137042062415073,-0.0013568521031207537,0.2505526289365542,7360.0,55383.125858201565,865,13072071,7446172,793521,805610,3356665,3183112,2579953,1700108,2373853,1757342,924452,0,1068224,0,455784,0,1519619,0
372,000932,2017-11-01,-0.034855769230769384,-0.014423076923077094,0.1918079161541428,18150.0,150278.18269564313,1883,63842636,50538656,1676752,1525584,9247119,7940859,9068649,7784967,12103197,9598893,5138822,5124639,4742759,3201816,3518378,2112629,18346960,13249269
373,000933,2017-11-01,-0.018664047151277008,-0.003929273084479323,0.2006840272475352,33759.0,294374.50461200014,2577,172221637,168658859,1272268,1165803,9268630,10844117,10149656,10225502,21864354,24091658,20487912,17972959,14454828,15938310,10191764,9462370,84532225,78958140
374,000935,2017-11-01,0.012711864406779627,0.019491525423728673,0.409890652867673,71925.0,254513.13211198637,3318,249866562,253580488,797217,845956,13681388,12901252,25243862,22229273,42246443,40035158,32662916,33645901,22480355,23171945,17283343,17205922,95471038,103545081
375,000936,2017-11-01,-0.004524886877828038,-0.004524886877828038,0.13266162690825858,1989.0,54808.79137481091,2499,21567034,7184470,4464264,373389,5925809,1554970,2515961,1413134,2881409,854442,1488447,915730,1745928,683047,403767,881900,2141449,507858
376,000937,2017-11-01,-0.008143322475570036,-0.0032573289902279035,0.14567388400208053,4896.0,76749.71122225019,1779,22071638,23231769,821192,1850036,4407509,5810487,2116386,4211098,4588468,3867593,2996757,1934281,1306172,1375945,1835757,2646268,3999397,1536061
377,000938,2017-11-01,-0.010296214161254591,-0.006019325201964243,1.2314247158922644,56610.0,263436.8799478808,2629,168905633,151012486,995921,872398,10720883,9863915,18633626,15437659,29569025,26983235,24705296,19109265,19907363,19532348,10391146,7158668,53982373,52054998
378,000939,2017-11-01,-0.009842519685039353,-0.007874015748031482,0.16494860871679573,6595.0,77740.543507667,949,18988411,10203398,744509,699410,3739854,2136892,4607499,1729111,4719957,1854853,1560469,505499,720720,341884,865473,401184,2029930,2534565
379,000948,2017-11-01,-0.007874015748031482,-0.005249343832021025,0.4884235020150739,6798.0,81768.19184679812,547,9688119,5773651,483038,417693,1794884,1509397,1657553,1575829,1585762,1061948,0,540260,1133263,668524,416970,0,2616649,0
380,000949,2017-11-01,-0.016129032258064613,-0.009216589861751112,0.18971976048168657,3440.0,86906.87326689727,523,8841899,4723218,361650,679299,1196821,1202945,833643,677111,1241484,763492,1418831,644861,679165,330670,916208,424840,2194097,0
381,000951,2017-11-01,0.004181600955794451,0.004181600955794451,0.3483973134228337,26976.0,64289.85288919235,2313,48920676,35882838,726206,1805008,23041363,9002488,10829206,7669615,6180498,6257763,2890551,3615706,2277733,3527706,444840,938219,2530279,3066333
382,000952,2017-11-01,-0.0025723472668810476,-0.003215434083601365,0.5630181035187776,10836.0,66805.42287134305,762,14324214,9817679,794327,593314,3072576,2896703,1713051,1523249,4397339,2785971,1606032,1256906,1607839,360640,0,400896,1133050,0
383,000955,2017-11-01,-0.006163328197226536,0.0,0.31714762765710836,7770.0,43433.71661179083,418,4737800,4479203,547855,311514,1436218,1582861,814303,870651,844795,859786,728593,529743,366036,324648,0,0,0,0
384,000957,2017-11-01,0.0212418300653594,0.033496732026143894,0.28315235262505944,24690.0,119320.0244760969,1870,51461518,65172487,1169533,1148944,8296329,9424531,9314088,8571221,11160520,13939525,7562934,6666208,6090252,6929580,2751639,1715136,5116223,16777342
385,000958,2017-11-01,-0.007299270072992692,-0.004379562043795526,0.20397244112895155,9562.0,101136.7006387065,1128,23462696,14057984,1108342,1158430,5039184,3902940,3851338,2685135,2906562,1331620,2053698,2313441,632906,646456,1356034,872098,6514632,1147864
386,000959,2017-11-01,-0.00300751879699257,-0.004511278195488799,0.1485725342728909,8710.0,47672.72086115759,2011,29564450,18665615,2118788,1450861,11641098,4673053,10165700,5214330,3243042,3295599,770028,845393,701517,959048,924277,0,0,2227331
387,000960,2017-11-01,-0.0035790980672870676,-0.0014316392269149159,0.32525514220160684,22384.0,191578.40886634728,1845,65741236,71929610,1695080,1218430,7674977,8271645,8131647,9999488,12548186,10498094,8073912,10771452,5555793,6563921,4486310,4021208,17575331,20585372
388,000961,2017-11-01,0.006525285481239873,0.006525285481239873,0.16680814576122233,18510.0,122104.33653855533,1352,27483256,33612566,749240,886397,4032931,7308466,11432058,5236152,4529344,5474013,1196164,2705297,1071522,1959705,901480,2194625,3570517,7847911
389,000962,2017-11-01,-0.005458515283842891,-0.008733624454148492,0.3052554356398168,11946.5,59618.329238489765,900,14217275,13468023,949848,874606,4305787,4199083,3352648,2685882,2585703,3046349,1466231,579108,350735,0,0,913913,1206323,1169082
390,000963,2017-11-01,-0.003954057616268103,-0.0018828845791752924,1.0727250050553234,42932.0,272704.84116196923,2452,128810898,107501273,884507,995126,10109105,11251094,19533219,15839350,26565799,20886325,15562985,10986914,6516208,6383201,4478756,5744632,45160319,35414631
391,000965,2017-11-01,0.003095975232198178,0.006191950464396356,0.2391693555884679,9735.0,57023.74296238191,729,11008279,11300527,781699,704094,2651742,2562883,3840636,2491191,2041226,1395180,438400,1608461,713776,1686568,0,852150,540800,0
392,000966,2017-11-01,0.006711409395973256,0.01118568232662187,0.19034270951987634,7216.0,64472.04217573234,551,5522282,8361568,444233,614631,1518195,2248087,918250,1683613,1444584,1420532,225000,273008,972020,1074475,0,0,0,1047222
393,000967,2017-11-01,-0.010848126232741784,-0.007889546351084853,0.2596271582621045,12143.0,50188.22796466171,1528,23128525,12584129,936806,372010,12356319,5072847,3214731,1925845,3211092,1800113,1405310,1302622,992247,663000,0,0,1012020,1447692
394,000968,2017-11-01,-0.027388535031847128,-0.01974522292993619,0.5173988112170484,20137.0,127391.19012609377,922,25215986,25816946,974013,506475,3964159,4357427,3355737,4467526,3932543,5737697,497283,2161783,1658737,3426335,3226806,1861649,7606708,3298054
395,000969,2017-11-01,-0.0042417815482501675,0.0,0.3308084338731693,9510.0,95834.49960778767,812,17092808,13239068,848694,1022642,2869899,3845511,2412358,1877694,1324420,2228476,1641249,1157588,1015098,1475173,2772617,969084,4208473,662900
396,000970,2017-11-01,-0.00818124606670867,-0.0037759597230963005,0.3094499191523777,32050.0,244505.85153894522,2638,136292908,126547923,1184664,1586470,11799642,14791693,15102020,14061899,20215930,22751375,14993980,10728822,11857285,12913950,7962576,4303220,53176811,45410494
397,000973,2017-11-01,-0.01085481682496614,-0.006784260515603768,0.21974403533808753,14640.0,119510.91588009299,1125,31409531,16908130,842299,1149004,4442640,4963756,4835890,4640835,5676816,2992841,3353310,982082,3102701,1675953,924620,0,8231255,503659
398,000975,2017-11-01,0.019708029197080368,0.016788321167883202,0.36609027633819674,15114.0,84942.81581197982,1403,17455837,39541942,511774,2100727,2563479,9645695,2121648,7446018,2220739,14054176,1172650,2526573,1018497,375300,2147000,1352110,5700050,2041343
399,000976,2017-11-01,0.014893617021276562,0.0202127659574467,0.2423222534250419,20859.5,152481.67532170063,1506,51408747,54095191,1209895,1215706,7503912,6572542,7545362,7400652,8416375,8461878,6425303,6320932,3945848,6671929,4159644,2804233,12202408,14647319
400,000977,2017-11-01,0.014631401238041741,0.017445132245357264,0.38138156165531256,36260.0,264998.8731513861,2173,112116065,129732508,1085567,1161326,8743803,9794082,11120824,11756510,18669811,19648666,14591566,21072979,8707265,11591218,6826612,10905768,42370617,43801959
