,code,date,pchange_whole,pchange,change_std,amount_median,amount_std,length,sumsell,sumbuy,sell_vol_0,buy_vol_0,sell_vol_1,buy_vol_1,sell_vol_2,buy_vol_2,sell_vol_3,buy_vol_3,sell_vol_4,buy_vol_4,sell_vol_5,buy_vol_5,sell_vol_6,buy_vol_6,sell_vol_7,buy_vol_7
0,000001,2018-01-05,0.00681302043906129,0.0030280090840271168,0.2246050443987568,113864.0,878559.6094184595,3462,687502818,573414533,490727,552571,12228249,9829760,23273305,18390712,50793295,42925884,41923690,35193438,31871694,32009690,28969694,25793131,497952164,408719347
1,000002,2018-01-05,0.05397210430563981,0.05639781685870249,0.5506151546254852,265200.0,1116432.3205770757,3591,865014247,1229186767,83182,76355,3198333,5219274,13893813,16992611,44343433,46831721,51152866,52072033,50088187,43759140,45526839,50303641,656727594,1013931992
2,000004,2018-01-05,-0.0021523891519587,0.0012914334911753311,0.9863529218459655,11615.0,162286.779647039,554,8193012,11409682,550656,544433,2755706,2199307,854563,1421224,1641457,1494470,232100,1384603,0,0,0,0,2158530,4365645
3,000005,2018-01-05,0.018779342723004744,0.023474178403755985,0.12797126026676878,8730.0,62363.98692330909,1110,12708813,16852931,1046827,1081617,3810730,4769027,2305742,3018384,2258020,3876185,946569,2509718,1413101,308000,410844,0,516980,1290000
4,000008,2018-01-05,-0.01497695852534553,-0.017281105990783474,0.20074731107748736,4260.0,159923.59886306353,1872,33802981,13353302,3950379,1129809,5054415,2838362,2311408,1745344,3603305,1415221,2520870,1125845,314578,0,1809654,832703,14238372,4266018
5,000009,2018-01-05,-0.013071895424836666,-0.016993464052287632,0.14923468830553283,19578.0,153744.64272270098,2633,95581413,52111516,2521979,1225835,16980154,9972088,12438313,7825990,15915226,8459849,8956374,6563448,5106448,3065748,5813442,1769437,27849477,13229121
6,000010,2018-01-05,0.029197080291970767,0.007299270072992581,0.15818135109884135,9282.0,45923.32678491248,1201,14396283,10987070,1341019,1141436,5320264,4388825,2985168,2055078,2062818,1289098,1380943,528583,314088,310696,991983,0,0,1273354
7,000011,2018-01-05,0.04421175101803354,0.03257707969749846,0.3358981620123638,32184.0,151202.84798467677,2620,74059333,121173507,1315326,1505197,12370690,13479632,15526658,18507704,16385820,25974841,11352013,12537588,5961707,10008647,4392350,6059319,6754769,33100579
8,000012,2018-01-05,0.0034522439585731313,0.005753739930955293,0.17751663282790026,29363.5,209279.38988849812,2400,111903287,107901226,1974136,1308077,12467059,9120854,14206503,12136942,17614090,16664764,14812237,13291034,7831958,6174703,9906551,10451656,33090753,38753196
9,000016,2018-01-05,0.0015847860538829028,0.0,0.1685710366540571,13335.0,119666.45544733173,1403,36981812,43022001,1370194,913776,5972040,4736807,5697291,4344745,5045357,7820950,6325296,9137557,4572490,5795794,2615976,2220660,5383168,8051712
10,000017,2018-01-05,0.025437201907790197,0.025437201907790197,0.2113167968608888,12620.0,82028.13828797848,887,13287385,18270793,555735,1169770,2850541,4983779,2249908,3448746,1991281,3846910,896932,1212588,1743460,1060150,2144104,498190,855424,2050660
11,000018,2018-01-05,-0.007861635220125951,0.0,0.17039994954545667,6360.0,69381.75087261222,1394,20737328,17769981,901587,1233759,4396161,4199567,4566809,3991285,4641209,3915776,894446,1869513,1936290,1024473,0,458556,3400826,1077052
12,000020,2018-01-05,0.034859876965140035,0.030758714969241208,0.4730807152869529,12679.0,54871.87590435073,956,12710341,15006000,842384,928414,4864330,4447694,1932332,2602170,2643990,2975968,421496,1775693,982902,979415,0,1296646,1022907,0
13,000021,2018-01-05,-0.00405268490374866,-0.01621073961499475,0.21042826720396332,19650.0,122471.95647199899,2202,88794824,38988181,2218672,1755662,11866328,8665033,17020073,8011429,14733214,8855463,8836394,4630586,4535865,2390884,5035843,844006,24548435,3835118
14,000023,2018-01-05,0.009546539379474916,0.0,0.6486143444434267,12492.0,66073.15653977598,1043,15577544,20362956,678561,1059759,4019439,5222153,2893870,3579036,3656228,5937624,1791734,1772620,0,975152,1270821,0,1266891,1816612
15,000025,2018-01-05,0.018433179723502224,0.022785458269329206,0.8210742747278283,27205.5,175554.01050726036,2264,78829058,87575947,1571337,1533849,10917923,11090844,12811290,10658495,17090742,13316931,7280894,8586585,5273455,5580065,1792560,7442190,22090857,29366988
16,000026,2018-01-05,0.00267857142857153,-0.002678571428571419,0.4825485848113875,10089.0,40445.76780825808,538,7866403,3200906,808490,270163,2751835,1201172,1343671,530475,1500049,747896,1462358,0,0,0,0,451200,0,0
17,000027,2018-01-05,0.003252032520325132,0.003252032520325132,0.1810004422596781,6765.0,100384.66386285074,1155,14263940,19637386,1935080,852872,3401004,2956672,3053668,3530445,1873702,3519077,1000948,1624675,1013810,951338,425580,950421,1560148,5251886
18,000028,2018-01-05,0.0001666666666666483,-0.0006666666666667043,1.7125232020263863,11988.0,109252.50606125247,1227,22769323,21113633,1983234,616752,7195086,3424947,3123376,4013228,3194248,3945063,749848,249738,1928270,1104461,1434456,486000,3160805,7273444
19,000030,2018-01-05,0.002466091245376223,0.0036991368680643344,0.24733211484793907,4866.0,45010.247455081786,1075,8433416,9314418,589543,1807662,3306979,3230385,999309,1326381,2077516,1243939,681222,728437,332510,0,446337,0,0,977614
20,000032,2018-01-05,0.013592233009708687,0.006796116504854233,0.34810770202947955,10380.0,53277.51736882825,875,9300805,11450238,1051830,616990,3720681,3556225,2153747,3347691,1332182,785005,671413,913294,370952,1138326,0,0,0,1092707
21,000036,2018-01-05,0.07934782608695667,0.10000000000000009,0.16478202305907644,54647.0,961002.9126328033,3126,388064300,336635676,1942242,705108,15716852,7364016,20867253,11811987,36021740,28304961,31786447,18298350,26889856,15042630,18155075,16931716,236684835,238176908
22,000037,2018-01-05,-0.002781641168289384,-0.0013908205841447474,0.33248982667646204,4320.0,43607.58477474392,467,4148096,2762979,765686,303573,1439671,1120392,547502,397495,413797,369041,285200,206640,0,365838,0,0,696240,0
23,000038,2018-01-05,0.017916077322017943,0.020744931636020647,0.522359050128394,21590.0,90942.41703114515,1649,40579887,41356465,946323,970206,9308539,8801102,6743297,7033339,8928066,8933218,4656685,5872737,1694696,3112830,2529366,2686202,5772915,3946831
24,000039,2018-01-05,-0.012826183104820865,-0.006634232640424509,0.45160420376411275,29230.0,343200.58169170166,2508,162942387,93592656,1936694,1118885,11935192,11301821,14033639,10954488,17954181,14832553,19573641,10161405,8840619,10619683,5430336,4854131,83238085,29749690
25,000040,2018-01-05,0.006559766763848396,0.007288629737609353,0.49831355581970044,8340.0,100559.25193396409,758,7135150,16266753,480649,1628269,1761384,4329059,1248853,771335,1854599,1124335,451991,924958,343750,0,484704,1771717,509220,5717080
26,000042,2018-01-05,0.08338332333533272,0.06298740251949586,0.5881100535437438,17010.0,159633.77209075517,803,14964340,34175245,789956,603415,3740143,3151708,2921869,2648243,3496677,5905239,1250803,2684096,1346281,2060864,875363,1695983,543248,15425697
27,000043,2018-01-05,0.0327198364008181,0.024539877300613577,0.3088125714530365,14760.0,130621.85150068362,1003,21327501,35282627,856776,947759,3286772,4544909,2962689,5482181,3490444,5693983,3889467,5201376,1433548,3379750,899445,1850648,4508360,8182021
28,000045,2018-01-05,0.022155085599194324,0.01812688821752273,0.31379821651708073,14252.0,68018.03538963429,1001,15986895,20244110,816374,676977,4771278,4439731,2861473,4496142,4413257,3384142,1239002,2332225,737885,1481704,419416,1803770,728210,1629419
29,000046,2018-01-05,0.034346103038308984,0.04359313077939242,0.2180637133882619,13571.0,137550.13128828577,1206,24316328,37138071,1106451,1000515,4961175,4583764,3948173,4575516,4551283,5918720,3171673,3507264,3013602,5860617,1360322,3063496,2203649,8628179
30,000048,2018-01-05,0.021901443504231066,0.022896963663514125,0.9684542960999227,10035.0,50808.13891187319,430,6762343,4504711,434029,237856,1925998,1609341,553139,1136240,832738,1044924,2300790,476350,304050,0,411599,0,0,0
31,000049,2018-01-05,0.0016666666666667052,-0.0007142857142857784,0.8723496742847834,25142.5,127005.97766318539,2318,85025624,53662514,1626440,1420105,14917776,10801996,13799625,9747285,14581138,10494457,11846198,8061229,7256776,2405239,5835537,3170077,15162134,7562126
32,000050,2018-01-05,-0.008040201005025116,-0.0030150753768843908,0.3817274721506732,25974.0,187996.37460083867,2719,97835477,112168482,1121095,3180308,9127471,14663531,11191358,18921389,16202689,20378748,13885318,10066558,9645589,8170755,6529668,4755047,30132289,32032146
33,000055,2018-01-05,0.015923566878980777,0.027070063694267565,0.16473681439863258,16821.0,115373.13065900523,1455,33958785,41549056,1216474,1024178,7020186,6381432,5610136,5831431,4378700,8382553,4513363,3562040,2279431,4884570,1875538,4257038,7064957,7225814
34,000058,2018-01-05,-0.0066577896138482195,-0.009320905459387352,0.24414818629643859,11145.0,63078.867544827735,946,16872999,11606347,780002,1126450,3982911,4298756,3908241,2432893,2536492,1590060,2252881,1120403,1408937,372500,0,0,2003535,665285
35,000059,2018-01-05,-0.0037105751391465214,-0.0037105751391465214,0.2097350838903764,36550.0,291518.62531619164,2645,187066698,146619735,1253304,1080216,12809682,9255407,14951281,12018335,24982314,20722161,15762553,15993293,16204743,13462711,13456439,7443354,87646382,66644258
36,000060,2018-01-05,0.0,-0.006189213085764811,0.20589908298755857,35123.0,249684.97012959767,3021,190775230,129410505,1034414,775734,27050823,9247437,19635461,12646759,26320714,19562882,16825695,10798764,15961302,10190180,10320915,9529329,73625906,56659420
37,000061,2018-01-05,0.04415584415584406,0.05974025974025965,0.2168285271136106,10962.0,176605.64176143374,1262,30946694,48974980,1594993,897868,3023933,4334194,4210623,6235109,6189668,8401483,4371748,4674044,3454872,4185704,3082732,3216739,5018125,17029839
38,000062,2018-01-05,-0.0024968789013734005,-0.005826050769870972,0.7535973803173339,11980.0,72921.20690028525,1016,22327254,11608648,1481502,585306,4406328,4567164,3428606,2355624,3636825,2138468,3336566,1562358,2025624,399728,437346,0,3574457,0
39,000063,2018-01-05,-0.017983651226158193,-0.016076294277929226,0.6141726112535989,244884.0,1168113.5287038975,3571,970101839,889500077,130581,130510,4570887,6207554,14226594,19178362,43491808,50519734,48400167,55399245,54690370,55408860,50455577,46054653,754135855,656601159
40,000065,2018-01-05,0.005347593582887722,0.0037433155080213165,0.4768485540438781,16839.0,96405.49719274993,1538,41848532,28105224,1663026,1153702,8045989,5933850,8159391,5005603,7239665,4707882,3203007,1663146,4926574,3100419,0,3565146,8610880,2975476
41,000066,2018-01-05,-0.012362637362637319,-0.016483516483516536,0.1464785766764465,28820.0,465892.18236560444,2474,135054581,157240109,1878941,1478180,9344187,11081023,12011088,14619979,16795193,17310250,11445436,12329456,10046289,15235613,8584349,4828423,64949098,80357185
42,000068,2018-01-05,0.0018621973929235924,-0.0018621973929235924,0.2036630820779774,2152.0,41511.22087954914,695,5019458,4613168,602230,514287,1823402,1003442,865431,702358,602559,511819,1125836,236280,0,704096,0,401886,0,539000
43,000069,2018-01-05,0.051933701657458364,0.059668508287292754,0.1533907714206604,111805.0,812363.8170406732,3494,546288676,688150400,647025,635872,11955262,10110026,20634081,17106044,43749789,35349288,43230885,46710090,33245593,27005762,21391441,26233914,371434600,524999404
44,000070,2018-01-05,0.012631578947368327,0.001052631578947416,0.31888853307413273,9500.0,48045.67053686472,887,11750815,10832694,816186,1002303,3502042,4120867,1885351,3200315,1943943,1655063,2244594,285600,948299,0,410400,0,0,568546
45,000078,2018-01-05,0.0016611295681063787,-0.0033222591362125353,0.15247717057535595,6000.0,100810.1484130845,1561,31177726,20550578,1549275,1900260,5304332,3566488,4318328,4053155,5807716,2633129,2168889,2055093,2610031,1929900,872782,0,8546373,4412553
46,000088,2018-01-05,-0.0036900369003691758,-0.0036900369003691758,0.20704487905381272,16320.0,176216.81517410697,1543,46439749,53855950,1348888,1165544,6928742,6370269,6594044,5639705,9738998,9501040,4613260,5931815,2790182,4134177,3470660,3120457,10954975,17992943
47,000089,2018-01-05,0.008064516129032251,-0.0011520737327188613,0.24232845474535605,8690.0,79538.72987328305,1283,22874913,16666438,1640250,769358,5739425,3097885,3521473,2399462,3295014,2964412,1757337,1844451,2188639,656252,2689180,486640,2043595,4447978
48,000090,2018-01-05,0.03581800580832528,0.03484995159728932,0.19310204382644508,16184.0,116440.73850132815,2867,46236879,97386576,970185,2789336,11165328,17032691,6861767,10970840,9273516,15214586,6047024,13250357,2452487,8450820,3498222,5363016,5968350,24314930
49,000096,2018-01-05,-0.014285714285714235,-0.017857142857142905,0.5581492294204962,11024.0,41693.090310718384,629,9288703,5988823,625301,629857,2570636,2360531,2375647,1103136,2376512,1672899,489752,222400,388455,0,462400,0,0,0
50,000099,2018-01-05,0.04422869471413171,0.003236245954692629,0.2992709464332009,8361.0,48916.47551785686,959,10357061,11089771,920095,1179459,3246889,4024362,1963754,1230913,2567480,2048850,484340,767772,773242,334588,401261,414740,0,1089087
51,000100,2018-01-05,-0.012594458438287215,-0.015113350125944613,0.07077365995255004,21114.0,265498.3830059293,3174,172546549,111539240,2016641,2499774,14913346,14173715,15373798,13146456,18682446,19073814,14527456,8793350,11389335,8367472,11504185,5879056,84139342,39605603
52,000150,2018-01-05,-0.006644518272425293,-0.0026578073089701393,1.42253082258834,18114.0,129236.49397292496,447,11820885,7914405,264026,344215,3034146,1962689,3742458,1206295,1146593,1287092,654300,484964,0,691150,0,0,2979362,1938000
53,000151,2018-01-05,0.0261489698890649,0.027733755942947802,0.36851653823304803,17452.5,119155.59961706084,1174,31948907,34045719,826197,921373,5543008,4333006,5776408,5031074,6927436,6640884,6324191,4101008,1699620,1783266,1280689,2203593,3571358,9031515
54,000153,2018-01-05,0.022277227722772297,0.013613861386138515,0.33412696418044086,10273.5,61863.27945275114,584,7745207,10210695,746455,585035,2988591,2009094,2092694,2061091,1075089,2532433,464359,466344,378019,332910,0,833700,0,1390088
55,000155,2018-01-05,0.012820512820512775,0.024038461538461453,0.11507683003680512,34430.0,328865.8773629948,2949,158075573,216435313,1312198,1685627,11417504,13312600,12751863,18418771,19363589,29444650,17687266,22797819,11160665,20811809,13684319,15291603,70698169,94672434
56,000157,2018-01-05,0.015555555555555545,0.022222222222222143,0.08169189842192504,20385.0,355733.276914887,3054,130551840,203135548,2268152,2504134,12262281,10621669,13933631,12142541,14870148,23115754,13219149,19667813,8987217,13572709,11240714,12710962,53770548,108799966
57,000158,2018-01-05,-0.006090133982947665,-0.0024360535931792215,0.2540832270464731,11431.0,58204.110980277765,1044,17649545,13383581,1588140,727303,5989200,3958092,2879537,2158699,3383020,1757330,2617110,1622129,752199,1056054,440339,991120,0,1112854
58,000159,2018-01-05,0.007366482504604033,0.005524861878453136,0.21649324229137143,10880.0,65839.58368446291,629,10823130,7972008,516790,494899,2433412,2337290,2414685,2050142,2719191,1350934,240133,1104231,975250,634512,404789,0,1118880,0
59,000166,2018-01-05,0.0037523452157597337,0.0037523452157597337,0.1114899635338212,15008.0,99074.65741074702,2293,50680223,44706825,1724853,1647471,11803536,9406415,12910223,6661823,7776443,7285875,4752193,4820300,1691473,3684673,2142152,2224414,7879350,8975854
60,000301,2018-01-05,0.0018382352941175295,0.003676470588235281,0.19008191794890836,10900.0,59536.65921341201,819,14137955,11681725,905501,462157,3762082,2479713,2671052,3205883,3258721,2555714,1785483,1476853,325800,0,913202,440905,516114,1060500
61,000333,2018-01-05,0.006250000000000089,-0.0019097222222221877,0.9757360364122634,189090.0,811637.9330811595,3486,689877058,729015321,280850,131722,6251543,5010521,19238372,15467700,49984937,46669118,54168877,45966200,40049674,41380427,40926143,38123242,478976662,536266391
62,000338,2018-01-05,-0.024165707710011364,-0.011507479861910253,0.1488653945461531,32604.0,216894.63970677502,3415,154626592,158681788,1526800,2396147,15407343,17143568,16939296,18463677,27921129,37077701,20244534,17098988,8616371,10029246,8304155,8963834,55666964,47508627
63,000400,2018-01-05,0.0022421524663676085,0.0007473841554559435,0.3146895277926658,16188.0,147088.38512082564,1808,56332739,55855744,2010042,1018556,8538533,7195592,6273139,7090232,10096137,9722554,7710165,7404200,5484473,2080027,1300335,3964690,14919915,17379893
64,000402,2018-01-05,0.04995539696699369,0.043710972346119314,0.19089184466969894,53120.0,425352.4764466724,3456,220845682,326354756,1681440,1053542,14493328,14758746,27302223,21711176,35420293,32501824,21070598,20682686,15307564,23473305,14782747,7972206,90787489,204201271
65,000403,2018-01-05,-0.01285008237232288,-0.010873146622734864,2.065340075868534,15050.0,90907.77997423746,215,6576605,1798331,203616,193581,1456551,686677,890681,617373,1198658,0,501755,0,305860,300700,450000,0,1569484,0
66,000404,2018-01-05,0.006389776357827559,0.004792332268370725,0.30298447614295154,12550.0,98138.63621792928,426,11016277,10969362,380532,406983,1693510,1769660,1761072,886554,2739435,1476003,2057745,1532532,994142,1636350,1389841,859999,0,2401281
67,000407,2018-01-05,-0.0025673940949936247,-0.0038510911424903815,0.26196412776208033,7790.0,55404.55641861659,884,12074147,11318904,660316,1312960,2678875,3211262,2563494,2202201,3278334,2583658,1317732,905460,1061799,311600,0,0,513597,791763
68,000408,2018-01-05,0.04919845218352692,0.046434494195688236,0.34531733980126683,66818.5,316394.587612447,2746,197790010,286206136,990371,1032601,10377337,10044902,15266241,18376067,26495778,34524559,21582094,28802169,17700153,26603116,11995918,20875289,93382118,145947433
69,000409,2018-01-05,-0.03650793650793649,-0.025396825396825418,0.1489722628091185,12220.0,90022.375180559,1793,35742395,28123758,1672887,1380757,7608593,6606632,7127831,6457171,8697090,4670091,5367643,2953234,2739237,1392624,0,880680,2529114,3782569
70,000410,2018-01-05,-0.0047483380816712994,-0.010446343779677014,0.2618601976116245,20820.0,166750.00423477436,1618,64875549,35060809,1148550,1013094,7728037,6886084,8096679,5490587,9686391,9490659,4654378,2992520,4397362,1937504,2694886,1382189,26469266,5868172
71,000411,2018-01-05,-0.015114578254510125,-0.015602145294978054,1.5215958597807162,16208.0,88963.50525740358,181,4495017,3334291,62854,146500,681466,956548,582099,399970,1141102,693623,970696,0,628470,302850,428330,0,0,834800
72,000413,2018-01-05,-0.017435897435897463,-0.015384615384615441,0.17358137177610755,48150.0,328092.8544911996,3159,234226280,193940742,1067256,1599916,14560370,14009911,20393207,20243011,34051906,32140612,23631881,20260623,24711167,12921243,12428818,15301169,103381675,77464257
73,000415,2018-01-05,0.0016750418760469454,-0.0016750418760468344,0.13162981770656448,12060.0,82389.56235580657,2063,40104306,34780936,1413509,1487363,7390455,8936667,9186404,8423796,4079544,5606521,8553347,2403382,2896133,1627156,1357708,1336109,5227206,4959942
74,000416,2018-01-05,0.002702702702702675,0.002702702702702675,0.34034365448124315,6633.0,28756.662467851074,472,4046823,2825878,718205,385111,1877373,1035359,1081245,588535,0,551979,0,264894,370000,0,0,0,0,0
75,000417,2018-01-05,0.005025125628140614,0.0012562814070351536,0.2590497852137647,10322.0,94506.55373306101,944,14785612,15077954,412397,1091760,4704816,3923312,2106215,2099764,1534334,2508222,1719428,1566910,1643304,701985,439142,0,2225976,3186001
76,000418,2018-01-05,-0.008620689655172487,-0.01134301270417426,1.6783920350341142,26386.0,109503.96089484339,1552,53093871,25736721,1184931,720449,9218042,7137512,14476521,7986939,7746500,5523373,3765055,1652823,4128097,656057,0,0,12574725,2059568
77,000419,2018-01-05,-0.004838709677419395,-0.004838709677419395,0.37126054722217655,9270.0,68897.55583040649,278,4555290,3361088,318780,278695,1047030,838357,1170922,735590,686893,828926,266295,0,389970,0,0,0,675400,679520
78,000420,2018-01-05,0.0,0.0,0.12055614973335983,7656.0,69533.7696082044,701,9955171,7780860,694128,741306,2679182,2195168,2085449,1552573,1829192,1780743,491980,276920,324360,698470,0,0,1850880,535680
79,000421,2018-01-05,0.004769475357710773,-0.0031796502384738856,0.271010869941973,5083.0,52849.05883032951,538,6158297,5281918,385295,547792,1729506,1525536,1267299,1272534,1251809,1015311,472122,0,0,326340,0,0,1052266,594405
80,000422,2018-01-05,0.009456264775413503,0.0023640661938533203,0.1466071599905779,7668.0,63862.078507066755,833,13489392,10437783,887071,722037,3632610,2516092,2043940,1265725,2438619,1622459,2575652,1835916,0,629001,1274000,1275425,637500,571128
81,000423,2018-01-05,0.0023961661341853624,0.0004792332268370725,1.2240975125707692,31410.0,163287.02857238424,2615,111095235,94933960,1066588,1378899,14031967,11573605,17735345,14323653,24665361,15990781,12077665,7947080,10598257,10238358,7474207,3080260,23445845,30401324
82,000425,2018-01-05,0.0193133047210301,0.025751072961373467,0.07856086502042005,108907.5,693183.8746719001,3542,462808657,634645994,638792,598368,12792681,10565033,22600596,21068545,46782687,45934948,37743552,42528513,32309599,29175422,27664572,35377689,282276178,449397476
83,000426,2018-01-05,-0.011605415860734936,-0.005802707930367523,0.21491325523922497,16624.0,199581.7957813902,2321,97640488,74304206,2034966,1037580,8053008,6757906,11750766,8766024,17836976,12136014,11794144,13579896,8117122,6678989,3676871,3501101,34376635,21846696
84,000428,2018-01-05,0.007194244604316502,0.00959232613908867,0.17506683311551852,10350.0,58745.67255746968,567,7059124,8893139,524068,456206,2294277,2720489,1106777,1671531,1226550,1385209,443556,1483666,0,762039,888389,413999,575507,0
85,000429,2018-01-05,0.01602959309494456,0.008631319358816336,0.23741766785858603,4860.0,81802.3463727157,1167,8910419,19317053,971232,1667981,2676682,4241156,1846930,2703483,1528188,2422868,795752,636332,652074,0,439561,1808737,0,5836496
86,000430,2018-01-05,0.005773672055427337,0.0034642032332563577,0.5434090074453538,8730.0,26735.06694555004,253,2821220,2489772,296386,294171,1108639,1186766,868866,907916,547329,100919,0,0,0,0,0,0,0,0
87,000488,2018-01-05,-0.0040000000000000036,0.004571428571428449,0.31105908776765223,33060.0,271817.8130890908,3167,165761022,197453993,969415,2732834,12565909,16045824,13902641,18239096,20019768,29327680,16698412,16816185,14682142,12059468,14738450,12415488,72184285,89817418
88,000498,2018-01-05,0.005673758865248235,0.004255319148936287,0.1680704120583317,14200.0,69792.5171625562,1761,37637422,18767990,1602396,1043875,12296064,5528627,10140107,3874901,5035742,4137455,2264313,1196009,2405290,0,1319976,438960,2573534,2548163
89,000501,2018-01-05,0.004796163069544557,0.0005995203836930418,0.3524374234931183,11746.0,66981.78186771554,2241,38280503,27346587,3731010,694884,12923360,7573392,8546352,4003845,5766323,4641070,3679613,1458543,1742530,2319783,400265,1338416,1491050,5316654
90,000502,2018-01-05,0.025316455696202445,0.017179023508137492,0.4488414429970399,7714.0,36149.98390159971,607,4043805,6897652,557545,505532,1911086,2601944,844797,2219934,385002,758120,0,0,345375,332296,0,479826,0,0
91,000503,2018-01-05,-0.022146118721461217,-0.024885844748858355,0.9132667314611688,39555.0,244221.87033417812,2301,166084417,99033837,1556571,1432171,10066105,10084418,10829309,13049208,21958272,15865477,19711784,13004394,14526678,6568445,14349697,8729407,73086001,30300317
92,000505,2018-01-05,0.04225352112676073,0.02699530516431925,0.27658313912227606,14047.0,56750.565004467615,949,15180810,17696222,821614,964769,3895764,4405597,3585350,4738759,3164904,4133855,2265125,1385463,1448053,1016563,0,476576,0,574640
93,000506,2018-01-05,0.01576872536136653,0.006570302233902758,0.3136774730239598,7600.0,36199.23495536766,588,4970078,5648845,711949,777271,2252007,1709878,541402,1578683,994280,949835,0,0,0,633178,470440,0,0,0
94,000507,2018-01-05,-0.0037842951750237663,0.0009460737937558861,0.19246340924009514,50879.5,320345.2359814062,3020,194058892,217164068,992542,1167657,13408809,12152878,17912380,17216305,35532444,30028837,21912525,26249857,16661602,16071359,13811400,13021680,73827190,101255495
95,000510,2018-01-05,-0.00815850815850816,-0.0034965034965034336,0.26178237787958253,16377.0,67961.9248904416,1074,19137926,25839426,777105,1174232,5129468,5221492,4183555,3481151,5945179,5430728,2415201,5418494,687418,2636724,0,1363995,0,1112610
96,000513,2018-01-05,0.0011195074167367203,-0.006017352364959261,1.3333289541219073,56904.0,265298.9490846703,2873,188042801,164239470,1084150,1255238,13089538,11979888,18836112,19573378,31103751,29741573,24674932,21873359,18883451,15653704,11863403,11560114,68507464,52602216
97,000514,2018-01-05,0.09591194968553451,0.09591194968553451,0.15146919409278595,15334.0,336787.3386116982,1766,87522843,36577924,2621396,457847,11144373,3043488,10572336,3941641,10175458,6981696,8814741,4738924,6259131,3846355,5899271,2228694,32036137,11339279
98,000517,2018-01-05,0.10115606936416177,0.10115606936416177,0.09206404773235634,12573.0,138877.1597642192,1415,33405889,35363206,1968390,664524,7242344,3606552,6168324,4775180,7586429,8903854,3440484,5231170,2523530,2096114,1386888,1821541,3089500,8264271
99,000518,2018-01-05,0.004322766570605152,-0.0014409221902018654,0.27924494123987675,6970.0,28318.669006049004,617,5997459,4915103,888140,475983,2191960,1920112,1850577,1399360,1066782,619182,0,500466,0,0,0,0,0,0
100,000519,2018-01-05,0.028659160696008268,-0.017400204708290734,0.19609457895548385,21186.0,127163.56203740163,2485,83956985,66521264,2209457,1913569,12608594,10125363,13348404,10186880,18394527,14615941,9885141,10517394,7374577,5269569,5304795,1398332,14831490,12494216
101,000520,2018-01-05,0.017114914425427896,0.019559902200489088,0.10930209432151616,11991.0,117616.57414873411,1404,25737812,39741878,1330819,1147111,5124571,5859535,4164268,5968043,4198281,5572138,2385907,7248663,2900830,1749876,1322570,906006,4310566,11290506
102,000521,2018-01-05,0.011627906976744207,0.011627906976744207,0.20630386350235905,10340.0,90785.81866208179,625,6766961,14012217,476424,703605,2393917,2597891,904835,1828842,781995,1498090,1471110,1413717,738680,997596,0,401657,0,4570819
103,000523,2018-01-05,-0.011862396204033177,-0.007117437722420017,0.2970703177000753,16700.0,546054.5591497961,805,12729197,33814656,649082,816210,3369476,4094930,2536660,3586056,3438858,3964098,1135386,1214933,694218,315185,905517,897516,0,18925728
104,000524,2018-01-05,-0.002590673575129432,-0.002590673575129432,0.5036071471071715,3474.0,25035.82618828995,528,2757684,2586061,333380,974470,935863,991726,376856,398991,507640,220874,261504,0,342441,0,0,0,0,0
105,000525,2018-01-05,-0.0070021881838074895,-0.0035010940919038003,0.5598446944128451,22690.0,98608.68944269347,1667,48369613,40613265,1801497,545321,9337148,6130298,9037953,6227566,10328651,10496033,7910566,5304121,3845936,1993968,1320156,2757760,4787706,7158198
106,000528,2018-01-05,-0.0022857142857142243,-0.0022857142857142243,0.1614586120128598,14892.0,122557.05697932075,2941,108411226,70315858,4729426,1200513,13198458,8677793,14342643,10698156,23355966,11670298,11604620,8127141,10128141,9462646,15940648,6343764,15111324,14135547
107,000529,2018-01-05,0.021676300578034713,0.01589595375722541,0.2854653622170683,7060.0,53269.49502944126,587,5473011,9703334,388091,678480,1814513,2696424,988751,2017103,1341577,1393852,230156,904900,709923,1022160,0,481515,0,508900
108,000530,2018-01-05,0.028622540250447193,0.01610017889087656,0.15295070739320535,15988.0,88838.57767305922,1337,27755074,34166333,1034788,988369,5576040,6197427,4394611,6277630,6728047,7505022,5662434,5918515,1387682,2375982,1382835,899876,1588637,4003512
109,000531,2018-01-05,0.008695652173912771,0.007453416149068248,0.35443209651186797,8130.0,60368.47923242315,515,8100265,5581358,761675,385870,2108245,1688569,1933192,1448293,1304437,893036,469898,0,1051859,301623,470959,0,0,863967
110,000532,2018-01-05,0.013232514177693888,0.010396975425330801,0.460490327950196,10710.0,45711.548501300385,527,6101282,8216554,256367,539043,2324712,2782136,1708095,1713368,1387509,1697568,424599,548591,0,0,0,406908,0,528940
111,000533,2018-01-05,-0.002862595419847458,-0.012404580152671874,0.513865983874273,10390.0,59393.54256955516,415,8249825,3003719,612971,178901,2230480,924037,1930373,1087244,1431422,110134,697479,0,311100,0,0,0,1036000,703403
112,000534,2018-01-05,0.010948905109489093,0.010948905109489093,0.8103987292305965,5496.0,34796.0541359703,285,2539655,2104246,282050,381854,727085,807926,314514,346242,879110,343854,0,224370,336896,0,0,0,0,0
113,000536,2018-01-05,0.008385744234800763,0.0062893081761006275,0.1224901440857473,6200.0,71367.29653989198,1518,19728650,6078422,5086077,494919,4246653,1934421,2157889,928088,2104709,398231,1459914,236591,689446,642215,476000,865077,3507962,578880
114,000537,2018-01-05,0.044977511244377766,0.051724137931034475,0.27666402528648365,30855.0,239978.2200691178,2340,90452743,151317320,1086030,1804811,7813504,12126141,7838040,14919021,13337072,20202199,11775327,13060371,7052481,12072627,5345130,9290723,36205159,67841427
115,000538,2018-01-05,-0.012574966144321853,-0.013252079705939113,2.248397925718908,41152.0,290345.71988606034,2115,129151044,104529151,6784,0,15914200,6211569,16072827,10670895,17773115,15643552,10243538,11314806,7154920,7528500,4072652,10593394,57913008,42566435
116,000539,2018-01-05,0.002044989775051187,0.002044989775051187,0.25850001001272793,6846.0,96396.72676295004,357,4411372,5193859,411259,487873,1195226,1305100,720283,724237,359902,630910,225917,457649,0,0,0,980000,1498785,608090
117,000541,2018-01-05,-0.005399568034557101,-0.0075593952483801186,0.22332138382739092,11076.0,106284.77115884397,1720,42119613,27110493,1861470,1600167,6504323,6583870,6985130,5594435,7537891,6266282,3283054,4033334,1817893,1002765,2787122,975730,11342730,1053910
118,000543,2018-01-05,0.007827788649706457,0.005870841487279677,0.1577376920749565,4599.0,112653.52780516454,1050,11757647,17525814,1129155,919642,2090264,2874607,1997375,2586049,3051456,2211316,957921,454240,1106400,316416,0,849591,1425076,7313953
119,000544,2018-01-05,0.003364737550471064,0.004037685060565233,0.5609298431036015,8910.0,37838.757554805816,701,8074431,6277007,964172,617706,3253334,2476611,1923473,990394,1393712,1049203,228780,252993,310960,0,0,890100,0,0
120,000545,2018-01-05,0.005847953216374213,0.0019493177387914784,0.14839303669310322,10300.0,69651.03028482251,1196,15562087,22028300,776576,1306214,4228648,5647216,3745492,4362209,2951214,4251090,2047325,1719460,342359,1008009,414208,0,1056265,3734102
121,000546,2018-01-05,0.002290950744558984,0.013745704467353903,0.3966555481406532,17595.0,59219.85805064172,1940,21658819,41555873,1139483,1604126,6185758,14476158,5150432,13856182,3980906,4962300,1398679,1859556,1003608,1711550,941546,928457,1858407,2157544
122,000548,2018-01-05,0.001519756838905817,0.0,0.296409404258553,11203.0,45839.06461914718,492,7331381,5079873,555531,416307,2590590,1748651,1242195,1068737,1226418,1167038,1023668,251460,692979,0,0,427680,0,0
123,000550,2018-01-05,0.010321797207043293,0.004857316332726347,0.5445422720934102,8230.0,51795.82115995045,914,9520789,11711387,1253975,1475920,3170740,2970426,2070215,2183199,2195458,2118374,208213,1673925,0,0,0,416304,622188,873239
124,000551,2018-01-05,-0.003592814371257358,-0.004790419161676551,0.42235127279686996,9984.0,61024.91762843198,390,8469055,3789445,789667,282530,1448826,1459778,1692889,1113462,1616306,461631,1787587,472044,0,0,442390,0,691390,0
125,000552,2018-01-05,0.0,-0.0027700831024930483,0.08769735316082418,3580.0,87436.71558426465,1702,19049554,15564559,2733598,951958,4941727,2866763,2538469,1638322,2371298,1261703,1165197,1900720,1022432,710330,1371481,477964,2905352,5756799
126,000553,2018-01-05,0.004833836858005869,0.01631419939577028,0.39408266195846625,23184.0,104956.13900225927,1764,43733654,51769350,859476,1286563,7977680,12161120,6675992,9735306,10052208,11333275,5479670,5746260,2368045,2489145,2633888,1390428,7686695,7627253
127,000554,2018-01-05,-0.011494252873563204,-0.010344827586206917,0.19514129359659851,24010.0,135395.18296826293,1990,74078048,48788453,1376568,1391521,11430105,8712754,10930765,8345199,16679396,10582115,8246137,3904329,7039546,3720157,2230722,2590520,16144809,9541858
128,000558,2018-01-05,0.01972386587771191,0.01972386587771191,0.14365898272506797,10360.0,76541.69539843622,1247,16036342,25201027,1195837,1129004,4302960,6307038,2550548,3277187,3539528,4216833,1938070,2441713,1066014,2055496,402226,937200,1041159,4836556
129,000559,2018-01-05,-0.011916583912611856,-0.00893743793445878,0.2322401473336679,11988.0,86542.95039521575,1881,48239104,29035472,2239550,1406379,8940126,6336500,7413272,5704281,9891239,5706083,5764401,2727408,4004651,1262475,5124759,1841243,4861106,4051103
130,000560,2018-01-05,0.036307053941908585,0.02178423236514515,0.20691013597847024,21692.0,101753.80646031581,2173,52363807,73027850,2010835,1766120,10846819,10096118,9384777,12389297,10694622,15896658,7233077,11129938,4128346,6597603,3597467,3913932,4467864,11238184
131,000561,2018-01-05,0.0046136101499423265,-0.0011534025374855261,0.3347604763414928,8670.0,36611.709784114566,670,9147124,4547060,992472,783782,3547770,2187806,1666481,1170540,1390624,404932,411839,0,306210,0,831728,0,0,0
132,000563,2018-01-05,0.009389671361502261,0.009389671361502261,0.11234351894570105,5564.0,166937.45301968316,1442,19706119,24292634,1579798,1730532,4484255,3833852,2221413,2965359,3343313,2007305,2203662,2924076,0,967324,1727478,2650950,4146200,7213236
133,000565,2018-01-05,0.03527815468113982,0.03392130257801895,0.21001918989122692,14563.5,85125.40529919186,1234,26771023,26035985,1304103,901246,6643055,3904702,3974920,4153749,5528250,5294093,3659858,5162953,1350791,3647610,905370,1264765,3404676,1706867
134,000567,2018-01-05,0.001224489795918382,0.004081632653061273,0.887772229300391,12360.0,86566.45955074619,761,13284095,14762964,663584,812602,2606029,4121457,1623574,2452781,3008590,2502854,3052946,1207345,649313,709020,983040,0,697019,2956905
135,000568,2018-01-05,-0.010325770796975053,-0.013670738801629057,1.1957537680453445,61281.0,335482.89503793063,3309,272371072,226129787,1379621,336637,21656186,7722200,21603599,15880168,38349227,28175387,36730102,35534737,22505945,22429352,22765480,15508861,107380912,100542445
136,000570,2018-01-05,0.01581722319859402,0.008787346221441172,0.26199320730885306,4576.0,29937.7462125902,471,3531997,3894658,464729,400963,1249323,1329203,810648,873304,774253,1291188,233044,0,0,0,0,0,0,0
137,000571,2018-01-05,0.0,-0.005328596802841923,0.17335462074096325,5590.0,33226.9116174869,1055,11128045,5775436,1103648,567375,3777468,2163823,2411781,1726643,2454852,906382,947416,0,0,0,432880,411213,0,0
138,000572,2018-01-05,0.00433839479392617,0.013015184381778733,0.13164191234507455,7431.5,115219.85900441559,1228,18487358,25331792,1818862,963891,4971383,3720134,3565785,2069031,2382892,3490513,2585284,2835515,668880,1856315,1795272,466783,699000,9929610
139,000573,2018-01-05,0.031055900621118182,0.039337474120082705,0.14050859560119294,14522.5,91121.82741478508,1184,21893951,30666742,859165,1112021,4303296,5478742,3583478,5218668,5522261,7183352,4265503,5446079,1002392,1681197,1355431,0,1002425,4546683
140,000576,2018-01-05,0.0017667844522968323,-0.0041224970553592755,1.4561572104939513,10158.0,147717.01026942703,135,2661289,1712729,139366,87670,478647,575565,232256,408046,129048,281472,0,0,0,359976,0,0,1681972,0
141,000581,2018-01-05,0.00819672131147553,0.014754098360655776,0.4572103910096572,54494.0,272307.35258961056,2848,167777787,210255249,1035221,882276,14541709,13678129,16436778,20639282,27178439,36288967,25841287,24130068,14493563,19982346,13604681,14981747,54646109,79672434
142,000582,2018-01-05,-0.004863813229571856,-0.006809338521400643,0.27437477756745465,12246.0,109137.20470646255,1404,31019125,17695783,1230713,1030758,7727621,5917959,5208276,3355371,4468670,3814789,3242917,1637844,1649376,0,0,403062,7491552,1536000
143,000584,2018-01-05,-0.01535240753663647,-0.011165387299371998,0.46094313701916817,17769.0,76507.40025307918,966,25831494,18561483,559569,692660,5034287,4384699,4684012,5020495,7126378,2635959,3136824,2044047,2392712,1331376,2202622,1343688,695090,1108559
144,000586,2018-01-05,-0.007210205213533105,-0.016084303937881406,1.4681184087880046,5335.5,228172.89969431926,150,5105477,1423309,224451,67389,393131,318447,502811,259948,591212,0,717632,0,0,0,0,0,2676240,777525
145,000587,2018-01-05,0.01571428571428579,0.0028571428571428914,0.13940545917515937,44184.5,219424.8903608415,2530,120167198,118697082,1087345,994388,14013220,10126555,25750171,10907897,30434662,21055098,12604419,10653774,9226628,6563679,2694761,4954276,24355992,53441415
146,000589,2018-01-05,0.006342494714587588,0.0021141649048626032,0.20691104674639535,4730.0,39481.36230200982,522,4848028,4829660,528541,492070,1567799,1940547,846233,858120,844918,708929,719487,829994,341050,0,0,0,0,0
147,000590,2018-01-05,0.008086253369272267,0.014150943396226578,0.7564401443803501,6060.0,33967.921918551976,384,4221657,3284380,543340,284013,1601485,1050804,584281,883823,1492551,844624,0,221116,0,0,0,0,0,0
148,000591,2018-01-05,-0.025466893039049143,-0.02037351443123936,0.13107382426959285,16936.0,122343.82886161128,2023,71089890,35938506,1687913,1456484,9902909,7494525,9804706,6971601,17488079,7593414,8599439,5996402,5174245,1047884,4571703,1393526,13860896,3984670
149,000593,2018-01-05,-0.03444782168186422,-0.03140830800405259,0.2764927666253772,11508.0,76557.29261565968,1275,25814144,17932808,1558430,1116457,6512590,4391202,5157361,2597458,5176012,3326792,1746261,2171239,756000,1385728,1869457,1449500,3038033,1494432
150,000595,2018-01-05,0.005586592178770999,-0.0018621973929235924,0.18728840176591882,9594.0,42252.83249129463,822,10730418,7194809,730613,658534,3758457,2732877,3261442,1379958,917472,1211814,1192616,792970,334818,0,0,418656,535000,0
151,000596,2018-01-05,-0.004941142275832089,-0.010318267693649297,1.4451298887727524,27172.0,134666.55522924179,2267,71506467,58621856,1576185,1159412,13113546,15494926,10756973,9271883,13460434,10701923,9261838,6072428,5338623,5321508,2725502,1714916,15273366,8884860
152,000597,2018-01-05,-0.016694490818030094,-0.017529215358931594,0.34172155450995756,20060.0,150008.06983278008,1229,48745276,35005097,525361,1014400,5304771,5103683,4236685,5035146,7519443,8388965,6577282,5654574,5117265,3529237,1382155,3266044,18082314,3013048
153,000598,2018-01-05,-0.005424954792043413,-0.005424954792043413,0.1336734191173855,8272.5,128982.09946389294,1714,40277401,25249275,2635816,800592,7446149,3922655,7015923,3273772,6415558,4304011,4223266,1461595,675246,1318976,941307,913672,10924136,9254002
154,000599,2018-01-05,-0.0060882800608828,-0.0060882800608828,0.27481190006026507,9795.0,61418.791337057206,571,9285317,6400408,813662,533919,2885911,1716415,2587023,1147375,812085,1399283,488932,1059252,762217,0,0,0,935487,544164
155,000600,2018-01-05,0.018979833926453082,0.029655990510083052,0.15694365172978675,31464.0,270938.1987825878,2892,150004847,140615613,2005580,1550772,14598930,11208205,17300073,14215612,24262913,22771108,18339557,15575478,11276353,14132502,9035270,6355350,53186171,54806586
156,000601,2018-01-05,0.006858710562414272,-0.002743484224965731,0.4182008770361332,10905.0,173209.65986311279,303,11925308,2591092,502262,191201,1625012,765499,1173871,337138,1024968,1297254,218100,0,0,0,471744,0,6909351,0
157,000603,2018-01-05,-0.0072874493927125306,-0.012955465587044523,0.4324720970422977,9800.0,140774.17309817,815,16164321,16503069,1196317,595571,2729398,3001582,2480069,2224945,2519721,2348510,494832,999090,645689,2090419,428750,916832,5669545,4326120
158,000605,2018-01-05,0.0,0.005744125326370808,0.4543204470930076,19035.0,121621.9485942399,1778,43263504,41820193,1250494,2035126,7733332,7939269,8764870,7659776,8896113,7855108,5356920,4701756,3775485,2886487,1728242,439853,5758048,8302818
159,000606,2018-01-05,0.02033898305084736,-0.005649717514124131,0.44372744779733314,10452.0,108400.58957805461,397,12949698,5012651,350232,485124,1205981,1352288,2262581,1044790,1969029,1118963,1496115,675957,364914,335529,870500,0,4430346,0
160,000607,2018-01-05,0.003215434083601254,0.008038585209003246,0.2544427656968509,6280.0,59667.59996404235,597,8556996,6898788,559800,552295,1802196,1664510,1153479,1197285,1920734,1391704,1712796,1327607,305208,765387,0,0,1102783,0
161,000608,2018-01-05,0.030627871362940207,0.03369065849923425,0.18754010609566332,7171.0,95365.80882504261,1217,20691569,19808605,1761678,806298,3820890,3742953,3294511,3610097,4508906,3927115,2744027,3153657,1401549,631849,0,1368987,3160008,2567649
162,000609,2018-01-05,0.04220183486238516,0.02752293577981635,0.33428852623580185,13392.0,70461.47664047343,1063,14192345,23226058,836962,740360,4568985,5383273,2596049,5178201,3640294,5229450,1176346,1815685,333000,974853,493479,1378534,547230,2525702
163,000610,2018-01-05,0.00337268128161905,0.005059021922428464,0.5448502052219152,11950.0,74431.10426798789,473,7258442,7556134,475751,450498,1955470,1792239,2031989,1372688,1076559,1995228,978573,737274,740100,0,0,0,0,1208207
164,000611,2018-01-05,-0.017925736235595346,-0.016645326504481472,0.3422548878891632,11587.5,123598.95325633725,520,16890282,4828231,554508,461381,2933864,1479482,2118243,1232750,2464212,1654618,1645497,0,1603216,0,0,0,5570742,0
165,000612,2018-01-05,-0.006479481641468721,-0.0075593952483801186,0.24270297729965928,6464.5,46756.66242548193,1456,17667545,13858982,1163262,1950114,5739375,4940527,4024655,2322021,2889011,2797719,1433110,697403,697331,729979,461251,421219,1259550,0
166,000613,2018-01-05,0.0,0.0,0.390293001067211,7900.0,59807.561760522,409,4490169,4015980,515173,389600,1643967,1535565,735009,951029,542482,391226,222721,0,0,0,0,0,830817,748560
167,000616,2018-01-05,0.03428571428571425,0.014285714285714235,0.08170786034868954,12600.0,118359.51455107913,1844,35496022,46829759,1096579,1846573,5710137,9756813,4663302,7524932,6710150,7458847,3992255,6572162,2338269,3424722,1860530,2298183,9124800,7947527
168,000617,2018-01-05,-0.009556313993174137,-0.007508532423208258,0.5056536377474198,8712.0,56787.17188855446,839,16061479,7999094,802319,776427,2896497,2510087,3541901,1841712,4793816,1237482,2249619,665366,690166,0,451050,461970,636111,506050
169,000619,2018-01-05,-0.0024390243902439046,0.0,0.35490412032350466,11485.0,71952.20862476333,533,9099460,8077885,615624,604253,2755021,2106252,1401167,1722482,1992898,1751815,918527,766647,377098,304436,0,0,1039125,822000
170,000620,2018-01-05,0.05695142378559459,0.03685092127303191,0.1695972456775616,12080.0,61526.157501947324,1240,12404621,22109204,1052733,983258,4177354,7200759,2729269,4072655,3344847,3237026,796606,1708027,303812,1757699,0,0,0,3149780
171,000622,2018-01-05,-0.0041753653444677186,-0.0020876826722338038,0.2785199855690618,9540.0,61372.930630283656,295,4981235,4194048,283195,267178,1349753,953574,742202,905702,638096,1126731,988567,940863,0,0,979422,0,0,0
172,000623,2018-01-05,0.0,0.0,0.5041291271687766,20139.5,218435.3066978361,1988,78203397,64171143,1522021,1614923,8121467,9057510,7175063,7408660,11552443,13853259,8435014,7094238,5855626,4885995,5392293,5861824,30149470,14394734
173,000625,2018-01-05,0.006250000000000089,0.0031249999999998224,0.2456833219978662,21828.0,145977.15729725236,2717,101993712,70914666,1886478,1747337,14923573,8507235,14849979,12019052,27338993,14337415,14198179,7053978,5580654,5112573,3055875,1879406,20159981,20257670
174,000626,2018-01-05,0.025887573964497035,0.01479289940828421,0.4351819752778768,17862.0,63474.560060684984,965,18422967,20079064,751273,613366,4663462,5044739,3910587,4737950,3697609,3342111,3210465,4073311,1148664,1384231,491707,883356,549200,0
175,000627,2018-01-05,-0.0060606060606061,-0.002424242424242329,0.17857702589779362,9852.0,115402.56998252384,2137,46012490,37800073,2186733,2019987,8809850,8519831,5346217,5428700,6429657,4946533,4758320,3831156,4907214,1961762,2656971,4813348,10917528,6278756
176,000628,2018-01-05,0.017709563164108433,0.017709563164108433,0.26943011640245323,14807.0,141831.51404047117,989,16398088,26373443,1060884,877647,4680024,4074648,3674080,4416923,3598211,4635863,1159179,1625212,380627,1030922,427875,1749732,1417208,7962496
177,000630,2018-01-05,-0.006849315068493178,-0.006849315068493178,0.057079971754611956,7830.0,175472.58722800744,2650,84074423,44847261,2963946,1987529,11581525,6510489,7663993,6450415,8436667,5109396,8915378,2335782,4813195,2101681,3067106,1337025,36632613,19014944
178,000631,2018-01-05,0.03240740740740744,0.0439814814814814,0.09259361523624438,13935.5,115696.87775839637,2194,40872854,70357260,1924805,1443561,7123976,11977892,5531770,9606812,10175468,9660207,5155108,10866196,6146193,6111307,1744154,4834947,3071380,15856338
179,000632,2018-01-05,0.021172638436482094,0.009771986970684043,0.24758769797170005,12200.0,82663.09406623055,615,14926385,9637381,561278,493041,2221794,2203740,3154386,1929374,2176066,1949203,1553303,1693153,2266631,967620,902983,401250,2089944,0
180,000633,2018-01-05,0.002002002002001957,-0.0010010010010009784,0.41311929719576024,10010.0,90646.24499279939,584,10274803,7084494,604824,485390,2200593,2671795,2024328,1845399,1724115,1240080,218000,442434,0,399396,497499,0,3005444,0
181,000635,2018-01-05,0.08681672025723453,0.0836012861736335,0.3349919649462152,32555.0,252634.3950779648,2158,93397603,99988794,1219464,1144618,12392205,8753589,13861204,9875511,17006896,20172380,10419392,11889037,7616676,13133545,2683648,9161024,28198118,25859090
182,000636,2018-01-05,0.037066246056782326,0.02208201892744488,0.2268588073198886,84435.0,715556.9656070165,3133,446782639,487839127,820075,840347,11303639,10489236,19165059,13699195,32544367,27656362,22489957,28199077,24069009,22950900,21810182,20587380,314580351,363416630
183,000637,2018-01-05,-0.0016181229773462036,-0.004854368932038722,0.18895965021778818,9840.0,73116.10682198031,1070,22623477,10908096,1221103,684435,4418960,4055990,3261593,2753989,2953000,2869842,3184758,0,1672511,0,1792742,0,4118810,543840
184,000639,2018-01-05,-0.008858780614903639,-0.011464304325169539,0.6754211827571887,3838.0,84141.7797509243,807,15272364,8608969,583743,1173796,1962747,1824235,2307675,505211,3638258,1896786,1127810,1569356,1870035,656431,829816,0,2952280,983154
185,000650,2018-01-05,0.009345794392523477,0.0018691588785046953,0.17786969774639147,5360.0,95638.45746193557,905,11257608,10815452,745072,815961,1930106,2919052,1206785,2032190,2400322,2423491,520452,1241098,994924,0,450844,0,3009103,1383660
186,000651,2018-01-05,0.023076923076923217,0.011111111111111072,0.7811341786792007,407511.0,1254511.996847746,3590,1220454689,1317205861,155837,189620,2986903,2576309,13012526,10136469,40719697,39876202,44930260,39398809,54558937,39648273,58540114,53727500,1005550415,1131652679
187,000652,2018-01-05,0.00879120879120876,0.00879120879120876,0.1465346438092061,4600.0,47376.381514494045,965,9178357,9213403,1378110,1066075,2547315,2354186,1102598,1514036,1939935,1416260,1889099,701966,321300,697760,0,921378,0,541742
188,000655,2018-01-05,-0.004385964912280715,-0.0014619883040934978,0.1772099381543972,10928.0,88098.98471418137,1491,28847378,24770556,1277639,1275028,5724008,6153633,5395811,4337573,5077243,5307771,2089955,1755656,1699554,1650394,410400,845357,7172768,3445144
189,000656,2018-01-05,0.02004008016032066,0.03607214428857719,0.09265134008641637,28471.5,390251.46926084504,2916,186742702,222258029,1776911,1262152,16764124,10085121,14845414,12091967,24149672,16926660,12887000,21283587,9778149,13142829,5819327,9002198,100722105,138463515
190,000657,2018-01-05,-0.0031645569620254443,-0.006329113924050667,0.44044702636050653,15108.0,55379.84476166848,823,16464197,12333583,550005,573696,4226937,3944659,2447251,3076776,4604828,3234938,2759538,1071808,1462358,0,413280,431706,0,0
191,000659,2018-01-05,0.01739130434782621,0.0,0.18680694800300143,11182.5,108280.78309171875,606,11971323,13147372,590318,513463,2731015,2553146,1824671,2173404,2325094,2091787,931109,719876,0,674224,963388,887665,2605728,3533807
192,000661,2018-01-05,-0.017043867001955815,-0.014808605755797566,4.264730584739446,35800.0,299447.94960387406,1761,141153408,78024604,4465,9063,10302362,8656278,14952614,8700581,16753427,12361515,9514328,6345906,8996706,7028084,4982268,2218376,75647238,32704801
193,000662,2018-01-05,0.005387205387205496,0.0006734006734006037,0.5742808986060591,2966.0,38048.42832657474,668,5552909,4364021,987219,583169,1245856,1299198,987322,868875,710838,1221795,1177974,0,0,390984,443700,0,0,0
194,000663,2018-01-05,0.0005512679162071876,-0.004410143329658278,0.9407891578002326,18030.0,49652.083814579615,371,5408319,5520363,337379,287012,1355457,3115371,801940,989975,818376,922007,1237414,205998,341809,0,0,0,515944,0
195,000665,2018-01-05,0.0019646365422396617,0.0009823182711197198,0.46278238187524184,10190.0,69916.21644576416,483,7426960,8371844,283031,487044,1539777,1995868,1086080,1568308,2193654,1312374,936160,1534844,305100,658206,0,0,1083158,815200
196,000666,2018-01-05,0.009708737864077666,0.009708737864077666,0.5426339239161291,13166.0,204457.66209933025,1300,37176554,38534081,1866477,995489,6017249,4148351,4302712,3518354,5518305,8604983,3172889,4338962,2956044,3904775,4059803,2242456,9283075,10780711
197,000668,2018-01-05,0.020248203788373553,0.013063357282821597,0.6530649628791859,13761.0,57078.90246459265,549,8039896,9701384,489446,494003,2176510,2826523,1377477,2845681,2108030,2035906,484119,828375,679205,670896,0,0,725109,0
198,000669,2018-01-05,-0.004922644163150469,-0.0042194092827004814,0.4520514572785777,8526.0,48442.62154230328,989,16487633,9480625,1233384,912612,4054279,3128265,2733431,2213105,4871559,2210891,2412161,223097,304164,373460,878655,419195,0,0
199,000670,2018-01-05,-0.00422535211267594,-0.007042253521126751,0.12802268607676867,30444.0,127939.29146422293,3083,124739262,94560509,1819363,1699221,16025320,14797193,19313026,15622362,30087523,27138555,19392890,11920213,10246028,5319003,3906797,5700442,23948315,12363520
200,000671,2018-01-05,0.027380952380952506,0.06071428571428572,0.14621240936086946,85084.5,614867.5497803381,3320,371777586,498637029,869758,1274813,9969360,12834595,12625288,15359482,27863547,39733960,28102711,39731685,28501843,27738088,32322639,36545549,231522440,325418857
201,000672,2018-01-05,0.0351999999999999,0.03200000000000003,0.2117841094970411,115470.0,1493276.524541568,3507,718314507,659556542,639884,605630,11451830,10728763,21178114,18469686,45434042,35405146,44717481,29636842,30233104,32740280,34211382,25759914,530448670,506210281
202,000673,2018-01-05,0.019157088122605304,0.005363984674329414,0.4644093952852514,26260.0,130700.07517130628,789,33735369,18009537,616171,249193,4951633,1692225,4410028,3657215,6783138,5431582,3775477,2412096,4295204,1823953,2322404,939876,6581314,1803397
203,000676,2018-01-05,-0.011226252158894723,-0.00949913644214162,0.4050880055290977,10278.0,42670.34369282633,817,12022805,7141819,800742,1097856,4241276,2447159,3126680,1550139,1859490,615364,1159612,693331,301224,335820,0,402150,533781,0
204,000677,2018-01-05,0.004842615012106588,0.007263922518159882,0.20789662819200577,4554.0,44184.305823738745,394,4103337,2541760,581629,263905,1150746,849877,839455,429749,581086,741449,0,256780,350567,0,0,0,599854,0
205,000679,2018-01-05,-0.01098901098901095,-0.0013736263736264798,0.3582969976155674,11640.0,46319.402774465256,412,5847617,5655588,299259,456709,1550685,2109857,1360026,1322333,1623304,861868,645693,537029,368650,367792,0,0,0,0
206,000680,2018-01-05,0.013779527559055094,0.011811023622047223,0.11919022886881067,12408.0,157592.8210298234,1821,54144722,50010497,1821097,1117060,6961243,6137339,7026497,7244601,8391170,7921083,9264002,6409753,2280679,2777425,1417136,2587942,16982898,15815294
207,000681,2018-01-05,0.0010493179433368471,0.0,0.4499161801920058,7659.0,91108.29607042937,1796,30083351,9295302,6902506,664278,5176752,2875559,3200136,1428335,2213279,1378817,3156999,455678,735260,696914,480000,451721,8218419,1344000
208,000682,2018-01-05,-0.004210526315789331,-0.002105263157894721,0.21358193977169473,6608.0,44631.50696756565,494,6372222,3554442,519322,461491,1933897,1584907,1053681,402115,1264668,725129,750254,0,378400,380800,472000,0,0,0
209,000683,2018-01-05,0.0,0.0,0.07666188644424905,11174.0,159320.51582418458,1583,41363039,34945578,1484304,1128718,6625976,5359564,6268579,4844576,7145905,4332367,2450949,3252916,3225297,3824694,890355,868383,13271674,11334360
210,000685,2018-01-05,-0.0009615384615384581,0.0,0.32163889170627913,9324.0,65634.10684247638,1045,9872372,16648276,814768,1494364,3097370,3898586,1721530,2959422,1212240,3093887,1303240,1360201,378560,964488,832000,0,512664,2877328
211,000686,2018-01-05,0.0022547914317927464,0.0033821871476888976,0.22006664079440239,13365.0,112095.82742014196,1625,40327646,30444071,1828400,1224158,8210412,5572847,6491515,4667493,6564731,6422674,4569075,3679132,2678464,2844788,1286160,445500,8698889,5587479
212,000687,2018-01-05,-0.0062893081761006275,-0.0026954177897574594,0.29078838066242274,14559.0,76224.37487281414,1465,31718058,28175751,1137501,988086,7207130,6027861,6279231,6410105,6549509,5726185,4492506,3194167,2091358,2299096,466732,1262473,3494091,2267778
213,000690,2018-01-05,0.03125,0.0277777777777779,0.18424731979854636,26430.0,268105.4017196444,2203,85129746,126962620,2158071,1206000,9181829,10430384,9849379,12169046,12047196,17635487,8650635,11910521,4741951,10453079,4120987,9281885,34379698,53876218
214,000691,2018-01-05,0.008760951188986343,0.005006257822277815,0.37759703977367964,8000.0,39188.92815670004,447,5176759,4104147,538356,385623,2649641,1491875,431924,792059,968421,539410,251685,542152,336732,353028,0,0,0,0
215,000692,2018-01-05,-0.0038022813688212143,-0.005703422053231821,0.3275856051868627,6825.0,36049.15937315489,257,3159273,1776801,280046,220086,941511,902487,518976,446531,676124,207697,742616,0,0,0,0,0,0,0
216,000697,2018-01-05,-0.0047129391602399595,-0.006426735218508894,0.8342124996668268,18672.0,116568.93794424507,782,27923822,12235957,721239,465197,4577997,2994292,4772279,1860837,5637665,2408688,3968655,1631346,1246201,930835,1393761,1363512,5606025,581250
217,000698,2018-01-05,0.01620745542949753,0.01620745542949753,0.17291744908593012,14375.0,173113.09105928446,1275,32147996,37281937,1329711,796312,6672850,4184193,5211830,5037647,6335819,3191060,2137272,2071262,3712531,1679925,2305750,0,4442233,20321538
218,000700,2018-01-05,-0.0034305317324185847,-0.005145797598627877,0.24172180645842983,5810.0,56354.32296393467,581,9197075,5458715,783313,193446,2904992,1243955,1527162,1086451,878169,2139069,1180576,795794,307296,0,457989,0,1157578,0
219,000701,2018-01-05,0.001956947162426559,0.005870841487279677,0.30133977030000747,6108.0,42153.171457756835,1150,9075771,13871053,785347,1466038,3448348,3395680,1352253,3088665,2636998,3117313,852825,967835,0,1337487,0,498035,0,0
220,000702,2018-01-05,0.0070028011204483764,0.0070028011204483764,0.2539761323848808,3605.0,22707.686534722074,790,3749513,5675584,734854,1197397,1713560,2010466,728965,1137612,572134,1080989,0,249120,0,0,0,0,0,0
221,000705,2018-01-05,0.004801920768307211,0.0012004801920768582,0.3107608730235472,2506.5,33180.1236646864,718,4221412,6102004,430733,1045033,1116901,1765165,935081,1185034,1226517,1319493,512180,441999,0,345280,0,0,0,0
222,000707,2018-01-05,-0.004901960784313819,-0.009803921568627527,0.17344925337758074,8008.0,104201.10747475219,1247,21409116,25844650,935748,1189606,3599517,4286451,3988577,3510398,5397334,3461059,3499081,3414837,2673039,3853197,1315820,869438,0,5259664
223,000708,2018-01-05,-0.002553191489361617,-0.002553191489361617,0.4112032031713114,11800.0,102852.072663382,816,21171532,11629900,780019,413084,4144540,2483487,4057978,2527206,4154294,2509811,1577409,1220248,691600,665418,462556,0,5303136,1810646
224,000709,2018-01-05,-0.002457002457002644,-0.002457002457002644,0.07515538735345002,21571.0,277436.04103543074,2955,138657551,137396214,1848286,2262519,12462721,14262970,14210647,14081484,15481643,16064085,12143468,13476780,7336722,5917334,5255416,10025675,69918648,61305367
225,000710,2018-01-05,0.009041591320072317,0.0061482820976492825,1.542308646418404,22488.0,81090.29571513711,1285,37262238,27854869,926851,505058,7296564,5425835,7426170,5442881,9854199,6889073,4693508,4768895,3360367,3131859,1738261,448000,1966318,1243268
226,000711,2018-01-05,-0.01569858712715866,-0.014128728414442682,0.2771584751637511,3801.0,54212.58797003642,2113,27972741,10202671,4363197,641487,6859079,3647770,4688850,2275036,4227429,1220416,2774265,909406,1079246,378900,861217,0,3119458,1129656
227,000712,2018-01-05,0.00465657741559955,0.00640279394644927,0.46040535403026656,15587.0,80235.30476360468,1392,30460626,30659766,1931719,626199,6537379,5133786,5929445,5428641,8183198,9215503,4258709,3820693,2011580,2474725,473198,0,1135398,3960219
228,000713,2018-01-05,0.007204610951008661,0.004322766570605152,0.3001102310963093,6930.0,36295.44138047941,534,4053685,5715217,205298,1088765,1063739,2034291,983960,811375,1311106,969603,489582,811183,0,0,0,0,0,0
229,000715,2018-01-05,0.014447884416924683,0.005159958720330371,0.4914183550511278,4367.5,45324.03176839936,388,3357373,3352708,484997,326825,1005987,781759,1045454,434862,155687,851926,0,430444,665248,0,0,0,0,526892
230,000716,2018-01-05,0.008849557522123908,0.010619469026548645,0.17400875839974353,7896.0,79626.11148753732,1055,14917704,16092690,1273042,862497,4315572,3125804,3259284,2492669,2664410,1675510,1181110,1731729,1071326,711995,0,976890,1152960,4515596
231,000717,2018-01-05,-0.025054466230936878,-0.020697167755991286,0.15539224928880277,81613.0,569203.0913161553,3497,460337946,331168364,1002188,844941,14509854,10906908,26526256,19321643,47995643,39869622,37370914,32074704,29785450,25618640,35919058,22445970,267228583,180085936
232,000718,2018-01-05,0.10491071428571419,0.10491071428571419,0.1145014339007595,9900.0,331008.0694058085,1533,70764124,46668520,2668396,347657,8778851,1585114,7797345,1896973,7040688,2552926,5487444,1558444,3769307,3159973,6448095,3514312,28773998,32053121
233,000719,2018-01-05,0.004301075268817067,0.004301075268817067,0.32310510956949345,3732.0,52673.00497656439,828,6720863,5413066,866571,1106000,1826823,1611210,435203,692327,592156,1144166,507704,451533,0,0,457067,407830,2035339,0
234,000720,2018-01-05,-0.00222717149220486,-0.0044543429844099425,0.1791535444373963,7200.0,69559.83595082237,628,8592087,6652401,665716,671412,2724575,1996820,931712,1514115,2154796,864728,676730,224500,340298,392926,0,0,1098260,987900
235,000721,2018-01-05,0.005253940455341555,0.005253940455341555,0.27197058284653564,7462.0,34863.242924687605,440,4543596,3795759,451988,481335,1848516,1548613,564675,758919,1153955,516600,524462,490292,0,0,0,0,0,0
236,000722,2018-01-05,-0.0075593952483801186,-0.0075593952483801186,0.39745611036045053,9230.0,50739.107969439574,542,8880775,3636947,560783,527143,2516580,1842079,1600052,471425,1740485,796300,966552,0,0,0,956293,0,540030,0
237,000723,2018-01-05,-0.0014836795252225476,0.0014836795252224366,0.16393609254834063,8509.0,80589.29105317737,1692,28032776,24853677,1334278,1364232,4523080,7930601,3749077,4904206,5309655,3189926,963700,1893331,2335478,2499294,1313306,982497,8504202,2089590
238,000725,2018-01-05,-0.027874564459930307,-0.029616724738675937,0.09583249133625123,570241.5,2747440.55315749,3602,2083226217,2462567257,0,11360,414564,468379,2658774,4720066,20894745,36063526,40382665,64077036,51433996,84217845,50364635,94307715,1917076838,2178701330
239,000726,2018-01-05,0.00454545454545463,0.005454545454545601,0.2555976522594921,7735.0,57711.70574824221,1853,17959342,22521640,1306699,2551521,5346208,7471740,2589791,4238692,2596498,3865272,2051195,1185183,1410697,1003318,489732,403312,2168522,1802602
240,000728,2018-01-05,0.0008976660682225024,0.0,0.23522744440368934,23425.5,158118.4153796924,2244,87255879,83535167,1717393,1200051,12199210,8836006,9429928,9809390,15204265,14186682,10065399,10646717,8686548,8473793,6189684,5407862,23763452,24974666
241,000729,2018-01-05,0.030942334739803012,0.021097046413502074,0.1256573166833648,45297.0,498317.1825214071,3220,253631636,303867261,1439716,1285855,13001147,14638400,16883839,19204027,26942151,20285714,30070242,22979460,16012169,24025196,18204050,16054308,131078322,185394301
242,000731,2018-01-05,-0.01098901098901095,-0.008547008547008628,0.20863872452345353,19499.5,151077.57374016874,1542,53899332,35164336,1142421,1350036,7391064,6930276,7533649,7985713,8580197,8461566,5396148,3415233,4504570,1362889,3866173,1296044,15485110,4362579
243,000732,2018-01-05,0.07486423584173774,0.07486423584173774,0.6824225004273409,138550.0,2033117.5194836017,1429,349308850,412347274,1052055,21646,6063019,724508,4595752,2275760,11070517,9114127,11220107,11580282,14077388,10955467,9784122,15977624,291445890,361697860
244,000733,2018-01-05,-0.011295681063122953,-0.007973421926910418,0.4398956587544204,21007.0,98466.84566283338,1170,40425822,20638381,845160,722778,7094273,5139343,7933253,4860237,8733110,4040584,3035062,1891871,3562375,1009711,1746613,481179,7475976,2492678
245,000735,2018-01-05,0.00512820512820511,0.01538461538461533,0.18328467436266965,27720.0,195596.2650331387,1813,66941158,79625156,1090188,1111943,6764247,9292702,7242276,18008359,10355343,15030937,6332093,6331731,3458277,4504052,4240666,2220272,27458068,23125160
246,000736,2018-01-05,0.017337461300309664,0.037151702786377694,0.43528894524486544,18172.0,95377.05827074306,1379,31405065,35950382,1037455,1058992,6251885,6371566,6892567,6058274,5921503,8586136,2879287,4227005,643900,4294154,1420942,2530940,6357526,2823315
247,000737,2018-01-05,-0.01002004008016033,-0.008016032064128265,0.15455978202232026,11465.5,84653.16938993386,1044,17836962,20599393,814980,1137516,4088987,4455951,3738887,4103410,4562492,3465742,1492190,3318490,696579,336749,0,849856,2442847,2931679
248,000738,2018-01-05,-0.0006369426751592355,-0.008917197452229186,0.43720173868067697,9330.0,90542.79039965107,1289,22400084,17097921,1650921,856361,6565977,3798005,3373195,2255889,4372753,3001098,1526765,1255607,1006505,1020300,2307552,1315130,1596416,3595531
249,000739,2018-01-05,0.003058103975535076,0.006116207951070374,0.29054818704689056,7890.0,36066.438775707815,506,5723743,5202598,320137,511059,1528393,3294745,1595033,760079,1450699,131400,476208,203360,353273,301955,0,0,0,0
250,000750,2018-01-05,0.006048387096774244,0.006048387096774244,0.11827790680863595,8946.0,134191.54331326453,1763,44156497,28955461,2717949,1569762,8298840,5245289,3507429,3878143,3872826,4191591,2284414,1996122,1070364,1359110,0,2290035,22404675,8425409
251,000751,2018-01-05,0.03435114503816794,0.00190839694656475,0.11513244065747978,21080.0,169311.78212770578,2077,62271846,62893538,1348357,1282144,10473716,11790582,8923702,9667133,8798122,9748395,7809716,6247426,2374892,4023950,2764567,1828425,19778774,18305483
252,000753,2018-01-05,0.010282776349614497,0.007712082262210762,0.13925503603123737,11397.0,74722.23675868193,781,10503868,17467093,520636,765463,2899898,3690803,1571877,3062948,1592249,5131363,409516,2703116,1121910,648795,1327826,957030,1059956,507575
253,000755,2018-01-05,-0.023668639053254448,-0.022189349112425982,0.26668976857526144,8334.5,48641.74863005466,642,10590553,5036960,615171,683435,2773976,2181002,2041225,1205082,2912325,580329,975522,0,633202,387112,0,0,639132,0
254,000756,2018-01-05,-0.00717360114777621,-0.00717360114777621,0.40265180277705775,12447.0,54948.12635753415,1198,22121013,9069587,1832531,800927,6388193,3677349,3618911,1777200,3884469,1981575,3225679,486286,311175,346250,832500,0,2027555,0
255,000758,2018-01-05,0.0,-0.004580152671755711,0.1541643323780018,11084.0,103753.44208477545,1808,37120985,35085197,2039890,1372504,8334135,6361514,5920356,4896517,5758675,4887322,2156982,2730360,3770657,4063957,1380400,2308193,7759890,8464830
256,000759,2018-01-05,-0.008273009307135482,-0.005170630816959787,0.21251572089063892,19540.0,110298.34762320292,2073,60926544,44925738,1733437,1706112,11003425,9393983,11210959,9045923,13011829,10319335,8224674,5004976,2786690,1285259,3279825,2284741,9675705,5885409
257,000760,2018-01-05,0.01675041876046901,0.01005025125628145,0.2284105848086318,6655.0,83165.5783622253,683,12978165,6706540,816410,441680,3061313,1768560,1841436,1574310,2094641,1543310,692110,661732,662200,716948,0,0,3810055,0
258,000761,2018-01-05,-0.0037383177570092796,-0.0037383177570092796,0.105884697820716,5360.0,84866.03016852947,2558,48775548,22884628,5943055,681403,8754831,4086844,6170058,2725548,8181263,3961409,3972693,2641996,3306879,1809317,3545219,3145036,8901550,3833075
259,000762,2018-01-05,0.007566204287515754,0.01134930643127352,0.3116353099468265,32149.5,187066.6052625804,2592,105948702,120134530,1841789,1415701,13344524,10683435,15047282,13167024,23302720,19025680,15377238,14774518,9401077,11255898,4911670,6421939,22722402,43390335
260,000767,2018-01-05,0.0,0.0,0.1280793116671001,6190.5,71420.51011297817,556,9912996,7381192,681061,338237,1910237,1555441,2025036,996120,1568910,1058157,1190856,472472,1597596,1027903,939300,1298360,0,634502
261,000768,2018-01-05,-0.0017482517482517723,-0.011072261072261114,0.36316079328084433,25845.0,240981.5065639313,2234,103720030,84808608,1015049,1775972,8633673,14365334,9906983,12720440,11937219,12135398,12420373,6579678,6956715,4676191,3253105,1723316,49596913,30832279
262,000776,2018-01-05,0.0034843205574914826,0.0017421602787457413,0.3188966291322077,34640.0,351750.0081362684,2917,183853938,209185969,963676,1953048,11250544,12766536,14490530,14822831,22664841,22761587,21727914,11744175,24405164,16889189,16635541,14653000,71715728,113595603
263,000777,2018-01-05,0.015974440894568787,0.010223642172523917,0.4240132179338801,12584.0,62016.53261736586,1362,20822352,21876705,1755991,900267,7986104,4459747,4848641,3905930,3916932,5311291,871416,1430394,1013168,1667260,430100,841684,0,3360132
264,000778,2018-01-05,0.0036166365280287938,0.0036166365280287938,0.11022192013954,16710.0,158577.32057618268,2525,81636226,83185105,2588301,1294584,11228679,9310528,13213646,10173192,10833153,11883820,9771946,9032438,8247772,7846750,2231943,6737607,23520786,26906186
265,000779,2018-01-05,0.0021171489061397875,-0.0014114326040931546,0.9073303196915016,14130.0,39137.387212362904,243,4195619,1993802,217240,252375,1082681,885654,1174922,337953,1513894,228545,206882,289275,0,0,0,0,0,0
266,000780,2018-01-05,0.0019607843137257053,0.0,0.16985112850217354,5100.0,70857.73290228426,902,10661052,10936527,867706,649941,2612714,2403801,1810391,2151964,1895152,1640243,1015357,1612636,0,979558,415232,443189,2044500,1055195
267,000782,2018-01-05,0.0,-0.009987515605493158,0.42469660898177525,11088.0,75831.27704549278,355,6924247,4072354,329945,397576,1322597,1796491,1139543,881068,1140348,756419,211464,240800,793500,0,406850,0,1580000,0
268,000783,2018-01-05,-0.0012531328320802837,0.0025062656641603454,0.17021765356970722,16768.5,233450.9436459709,2200,84876748,94400073,1298869,2004793,10048733,9289468,11352262,8573335,10456128,9744979,6868547,5323210,3974468,7459254,5292016,6315131,35585725,45689903
269,000785,2018-01-05,0.0050000000000001155,0.0050000000000001155,0.5671777484484627,11596.0,90871.53099595929,310,6697257,6210568,194077,216435,1210641,1346167,1047358,694069,1562287,1148681,1255586,487654,983221,363888,444087,431674,0,1522000
270,000786,2018-01-05,0.0023800079333597957,0.025783419278064157,0.4348772179745396,97188.0,429367.79087674874,3364,367050530,393641492,478800,637832,10524292,11896131,19681141,22090809,40686212,40306580,34746723,37401060,37389948,32751180,25196679,31530994,198346735,217026906
271,000788,2018-01-05,0.0011286681715574343,0.0022573363431153126,0.4594126522349262,8910.0,35897.141161830725,371,4773698,3761220,464254,497763,1703760,1368040,1269268,1252459,760516,642958,221500,0,354400,0,0,0,0,0
272,000789,2018-01-05,-0.05472972972972978,-0.04932432432432432,0.25168882597009584,136152.0,1850465.2175476605,3481,679461992,791463063,432305,574817,8423285,9114399,20220831,19703369,39491480,43367889,32838307,39720232,35160280,33172124,25345021,32404468,517550483,613405765
273,000790,2018-01-05,-0.025165562913907258,-0.014569536423840956,0.1937172395591759,14800.0,208083.0556929587,1521,37606425,45002429,1251106,1401957,5760678,6560268,5246248,6549120,7675608,5746080,4319995,5473594,3881842,2370875,1758063,469315,7712885,16431220
274,000791,2018-01-05,0.0,-0.004889975550122161,0.1887565069075891,19704.0,110438.76553093351,1880,57990500,38866976,1680355,1461550,10102511,8132296,10164687,6494168,12864960,9600312,8263930,4362308,6567478,350532,1876212,2795054,6470367,5670756
275,000792,2018-01-05,0.028751753155680237,0.04137447405329597,0.24020413240179117,172550.0,727544.3261032971,3530,626635872,728553523,393110,322420,8884121,7202500,20111949,16709973,51580092,52477494,50560658,50822529,43164646,42576132,41727086,35402640,410214210,523039835
276,000793,2018-01-05,0.0060301507537690036,0.0030150753768845018,0.28483984618318936,12980.5,253021.7931549466,1220,38940941,47605707,1324113,1111731,4836626,4539279,4956759,4384501,6836536,5411544,4893157,2613760,3398869,799600,2845696,1892984,9849185,26852308
277,000795,2018-01-05,-0.009538950715421213,-0.011128775834658211,0.17005636427355586,11196.0,64549.13744811027,1369,26820466,15366315,1256368,1479213,6108269,5863973,4550165,3011346,4930047,2789570,3345868,1915890,2723211,306323,410084,0,3496454,0
278,000796,2018-01-05,-0.0007215007215006786,-0.003607503607503504,0.4641805503605449,13800.0,92874.72068155231,891,19865614,11608274,666165,1078282,3888122,4097369,3483568,2427659,3266581,2950663,2227103,1054301,1069291,0,905718,0,4359066,0
279,000797,2018-01-05,0.024976873265494914,0.018501387604070274,0.26337313598551493,21900.0,143895.2192107374,1687,50289673,68143286,654848,1342653,5162577,9247393,5033694,9111434,8792434,11266759,5599281,9886398,5030689,5569033,3673518,5313095,16342632,16406521
280,000798,2018-01-05,0.012835472578763163,0.008168028004667427,0.3529094701592152,8600.0,40620.11554091118,589,5335912,6712022,634917,806101,1629184,2380731,1417375,1467133,610561,1565596,447715,492461,0,0,0,0,596160,0
281,000799,2018-01-05,-0.020227111426543654,-0.022356281050390336,0.5112746800618698,33312.0,177570.74644892215,3038,143169325,93512694,1873404,1346697,15967507,14100054,21281172,16352887,32666964,23295196,18740985,12843844,12695497,6951960,4442646,4345759,35501150,14276297
282,000800,2018-01-05,0.0,-0.0009337068160598649,0.28922554555447766,21380.0,148508.58032854903,1371,48857763,29318869,955530,738909,7562597,6487763,6694229,5651061,7240462,5604448,3942736,3988289,2665921,2171058,2715444,2596316,17080844,2081025
283,000801,2018-01-05,0.010169491525423568,0.003389830508474523,0.22453690867302356,10089.5,49613.43153278298,690,8426433,8994452,660756,527882,2777114,2680861,2600884,1595609,1171904,2111945,705471,734497,0,336824,0,410644,510304,596190
284,000802,2018-01-05,-0.0021201413427562876,-0.0007067137809186885,0.3914921262414988,15455.0,70808.98406170118,1306,26538833,20969704,996577,1253186,7695352,6281713,5458660,4647925,5903717,3144918,1966046,2001982,1308076,623607,485384,896325,2725021,2120048
285,000803,2018-01-05,-0.00999565406345071,-0.009126466753585416,2.4672118451411422,10309.5,96469.8418816336,86,3411946,308985,82405,70929,334306,238056,349678,0,596316,0,716033,0,675992,0,0,0,657216,0
286,000807,2018-01-05,-0.020370370370370483,-0.008333333333333304,0.18393930651807874,75678.0,438268.85329064535,3454,385370469,316413260,1132861,629887,15053839,10177247,22999979,16240187,48828742,36258051,36010202,31329492,31556202,25029355,30638326,22017633,199150318,174731408
287,000809,2018-01-05,0.005154639175257714,0.0077319587628865705,0.18198626183157277,11745.0,66088.76330066544,454,6592862,9851185,274863,457330,1333475,2311356,1646543,2393817,1446401,2541409,246568,206980,641312,1076606,456300,863687,547400,0
288,000810,2018-01-05,-0.012311901504787892,-0.017783857729138153,0.22120960930235883,9308.0,65379.06321895462,1092,18095549,11162134,1000857,870515,5109071,4002236,3666905,2646604,3966871,1159536,1353449,724990,712878,353073,436150,0,1849368,1405180
289,000811,2018-01-05,0.0024906600249068322,0.001245330012453305,0.31998517245201413,11186.0,81173.43937076874,629,12360192,10256946,704110,527063,2763492,2777994,2100179,2016801,1760969,1807411,1270026,487922,1319576,672617,1313253,806000,1128587,1161138
290,000813,2018-01-05,-0.016685205784204737,-0.014460511679644128,0.23915114502671866,15011.0,57703.25162622167,1414,27136342,21219035,1232169,1371184,7213207,5217907,5380475,6794216,6860418,5679891,2021535,676683,1443692,1067854,1815385,411300,1169461,0
291,000815,2018-01-05,0.0013140604467805073,-0.0026281208935611255,0.6008014811699804,9204.0,63504.812001460166,641,13211911,4957167,720925,508330,2822618,1998155,2752664,856331,2920754,994591,686550,0,1889200,0,0,0,1419200,599760
292,000816,2018-01-05,-0.022922636103151928,-0.02005730659025795,0.07499484053452146,13800.0,125894.71943827334,2181,63000870,42170581,1902008,1463461,9892222,9168615,8715623,5445532,13220674,8789779,8202817,5413218,6252988,2421632,3500052,0,11314486,9468344
293,000818,2018-01-05,-0.012957317073170715,-0.008384146341463339,0.3477128698606522,15720.0,135419.0538952578,1424,47734420,25831513,945525,1150296,7334845,6219489,6568340,3859074,8703568,6293070,4043675,2053074,3395003,306774,3579730,425756,13163734,5523980
294,000819,2018-01-05,0.001537279016141424,0.003843197540353671,0.45178890343689027,13130.0,58966.25720849665,829,16493920,10731777,789649,618097,4501476,3443629,2376100,2559453,3804989,2181654,2097389,1005223,2481786,345319,442531,0,0,578402
295,000821,2018-01-05,0.0048000000000001375,0.006399999999999961,0.43370153753579055,12600.0,65218.347018445194,830,14553405,10314716,965775,486325,4652130,3329504,2198617,1743510,2901210,2114773,1365600,653964,1086135,0,856418,404460,527520,1582180
296,000822,2018-01-05,-0.026104417670682833,-0.02309236947791171,0.17606317196448265,20538.0,193240.34012164638,3205,90468238,114594114,1014574,3791352,10517702,18066455,13466659,18554267,17884525,23672253,12006231,10020441,8239559,4883902,8556510,5379595,18782478,30225849
297,000823,2018-01-05,-0.007117437722420017,-0.005693950177935947,0.4207666159696141,18226.0,144325.32462671687,1115,40852527,27554537,870403,823164,5812382,4787793,4900289,3806088,7004349,5451663,4334315,2854615,2459139,3094755,1303520,3011864,14168130,3724595
298,000825,2018-01-05,-0.0058365758754862496,-0.009727626459143934,0.09849883712585782,19890.0,149100.07985308228,2735,97694699,69081833,1747869,1678703,15199235,9291960,9346260,13643533,12369382,15160204,9788379,10661624,8067170,2816905,7834727,2684851,33341677,13144053
299,000826,2018-01-05,-0.0017953321364453378,0.0017953321364450048,0.6839995523967335,13376.0,184097.0258892076,2387,78076610,51460454,3753990,695771,11091367,8771082,8065951,6559188,10221032,7050782,5171885,5253687,8132555,5120928,2597331,2169424,29042499,15839592
300,000828,2018-01-05,0.003542958370239324,0.0008857395925598865,0.48635404438716917,16449.5,67230.33561830998,538,11668016,12416767,324033,360827,1957596,2683647,2912037,3306283,3853808,2865614,1500616,2108011,0,676609,452000,415776,667926,0
301,000829,2018-01-05,-0.0010471204188483574,0.0010471204188482464,0.3215110637325035,5718.0,47120.708399448,882,9069654,7054980,1183316,878952,2802024,3132048,1398202,914724,1057795,1053762,1010240,499494,0,0,460320,0,1157757,576000
302,000830,2018-01-05,0.007282913165266081,0.0005602240896358524,0.30544563868346647,69256.0,360758.60472832836,3418,328484567,269007322,1291689,716090,14510539,10415262,23746327,17060783,50238025,33676521,32097886,26946988,29999243,22009857,23936634,19066828,152664224,139114993
303,000831,2018-01-05,-0.016038492381716174,-0.016038492381716174,0.2835976717603738,22311.0,139363.86093867605,1934,74484507,47914829,1264560,1471318,8981675,9593136,11396443,5962595,10297354,10836601,13970061,6579670,6547267,4339419,3559034,3180931,18468113,5951159
304,000833,2018-01-05,0.02318840579710124,0.021739130434782483,0.2254014696692137,13281.0,58727.78795624709,937,12682300,17054916,960276,698960,4542188,4106032,3424291,2868293,2034740,4386709,483600,3212176,0,642020,0,0,1237205,1140726
305,000835,2018-01-05,-0.00361010830324926,-0.00962695547533099,0.33569853356239643,8285.0,41648.06708006731,612,10260710,5231043,918965,344118,2596528,2544736,2719848,1466889,2372063,412455,1251573,462845,0,0,401733,0,0,0
306,000836,2018-01-05,0.07740585774058584,0.07740585774058584,0.1566653659572859,70677.0,834744.7393617533,932,82337216,142113695,907459,1527,2775160,642852,2979464,1899603,6794431,13390632,8638350,12274974,7989498,10850557,6270794,10097669,45982060,92955881
307,000837,2018-01-05,0.0031897926634769647,0.0,0.222879102872019,7571.0,48423.694796427975,791,10491966,9366057,788975,724408,2843850,2546466,2429242,2410091,2088248,2192288,1186789,720304,625873,320790,0,451710,528989,0
308,000838,2018-01-05,0.014876033057851235,0.023140495867768784,0.1282367607408793,20559.0,150977.40216369412,2233,61583038,76785061,1836135,1529325,11463397,9647279,10342354,10569986,12888717,10482077,8771529,7778659,6302226,6183108,1748340,6147597,8230340,24447030
309,000839,2018-01-05,-0.04171011470281549,-0.03232533889468203,0.1630451085388438,94757.0,520554.9978087548,3465,500208050,424507698,699993,961917,10011998,13726206,20571583,22073911,38187523,41483344,28880973,45825558,28484172,31207931,23767526,25264357,349604282,243964474
310,000848,2018-01-05,-0.013541666666666563,-0.02083333333333326,0.2336637494178768,9540.0,148091.35140730173,1689,45606085,36889300,1728227,1520866,5741077,5271903,7298479,3321944,8156909,7948506,4854141,3475797,3128345,1396213,3211848,2764447,11487059,11189624
311,000850,2018-01-05,0.004310344827586299,0.006465517241379448,0.23322226913960117,5592.0,48860.616730700174,395,3816911,6179312,325711,556818,1335881,1196036,811120,1369242,666148,1629666,678051,761816,0,665734,0,0,0,0
312,000851,2018-01-05,-0.002272727272727426,-0.002272727272727426,0.40948245215033835,11426.0,52527.12637712051,461,7377708,6634132,446267,540952,2050763,1757148,1657431,1808425,1490709,1206774,1215108,900353,0,0,0,420480,517430,0
313,000852,2018-01-05,-0.0047483380816712994,-0.0047483380816712994,0.22814372403377262,22071.0,132710.73767353132,2133,67514398,52460414,1443968,1046927,11279389,9841600,11852962,9304471,14346119,12311319,10030499,4974154,4006666,1970514,4042831,1359689,10511964,11651740
314,000856,2018-01-05,-0.009465020576131744,-0.0012345679012346622,0.41912259664210827,83657.0,782588.6305624279,3376,396317867,407622199,947875,939110,10666247,12128652,19433904,23573937,32693767,41146168,31222898,36481744,19936427,26459393,23584591,26522301,257832158,240370894
315,000858,2018-01-05,-0.0010873504893076369,-0.006765736377914777,1.3882880187008344,195004.0,993472.1788058612,3555,777323612,632671762,328670,173234,9884347,5548122,23263265,13424682,51613402,38949516,57935708,47524382,39437586,43862897,43594636,44210085,551265998,438978844
316,000859,2018-01-05,0.011574074074073959,0.0023148148148146586,0.1995616898379793,8680.0,63349.390687570594,468,5254965,6738840,497901,516599,2179800,1731737,695825,1796636,474163,849320,223944,432000,674753,0,0,0,508579,1412548
317,000860,2018-01-05,0.01049868766404205,0.009448818897637823,0.40202573364823707,5781.0,101133.8013885779,2246,37150032,32110654,6000147,1104604,5994920,5139841,3960292,4345730,4311241,3959682,2836689,2670384,2824953,2775960,1758349,1341704,9463441,10772749
318,000861,2018-01-05,0.032573289902280145,0.04234527687296419,0.08330900623292403,9585.0,114582.82381475325,1364,20209958,32354588,1409733,1302268,4778950,5186689,3646805,4187919,3615617,4305847,1479742,2562097,2046038,1624412,902451,2837582,2330622,10347774
319,000862,2018-01-05,0.0039215686274509665,0.0019607843137257053,0.21315991516402677,5615.5,31893.61187838195,572,5047161,4719490,829082,379986,1907476,1577590,1346539,1148865,712652,817868,251412,488581,0,306600,0,0,0,0
320,000863,2018-01-05,0.02264150943396226,0.020754716981132182,0.1788955137014773,15866.0,86087.200358332,878,14656084,19112432,588307,705725,4211123,3856946,3386008,3103612,2319347,3814487,2354007,2673237,357642,2137104,0,0,1439650,2821321
321,000868,2018-01-05,-0.0146726862302482,-0.0022573363431150906,0.15460829466030204,59127.5,262685.8290783279,3292,247567409,191261941,1537138,1117126,15680104,11481702,23890856,20764091,37788277,41508420,31694377,24877367,24447920,20567393,19741268,12737069,92787469,58208773
322,000869,2018-01-05,0.03178672135349925,0.00692130223019749,0.8900551881163684,35442.0,190993.29650646122,1921,68079930,93403850,1210403,754817,10000739,8033670,11413577,13488932,13583549,15074595,8143230,9192709,6121598,10271908,4064746,2655367,13542088,33931852
323,000875,2018-01-05,0.004999999999999893,0.0024999999999999467,0.13194704813425026,11199.5,76546.68194838816,920,17980242,14633668,810293,878804,3844198,3331973,5508862,1810927,3155108,3572406,1989240,1836278,0,2054880,1260141,461600,1412400,686800
324,000876,2018-01-05,0.015686274509803866,0.015686274509803866,0.14393113638517033,16852.0,176076.59360430128,2830,70143207,108274396,1828762,2621137,10803095,14773913,12393895,16515459,10893633,11321423,7524898,6474465,4431230,8135195,2687804,2720017,19579890,45712787
325,000877,2018-01-05,0.03357531760435584,0.04537205081669682,0.1903495728827509,68204.0,360624.3016931689,3358,279160694,329101329,1057807,824903,13741458,12380091,21587571,21099140,37659781,37546973,30074672,30226773,25572289,25546475,27595900,22025578,121871216,179451396
326,000878,2018-01-05,-0.013986013986014068,-0.008391608391608463,0.2868791474714907,34068.0,278771.233780782,2486,174522529,111158892,2140041,1052616,12882421,9245586,15093299,10209598,20500253,17425604,17047129,13025965,13002961,9628493,11918416,7847551,81938009,42723479
327,000880,2018-01-05,0.011714589989350266,0.0031948881789136685,0.4632619491728816,10307.0,33956.93650570003,410,4672605,4559042,454192,359379,1684832,1744371,1419589,1299142,815408,1156150,298584,0,0,0,0,0,0,0
328,000881,2018-01-05,0.005347593582887722,-0.015278838808250539,0.3919348409175401,16731.0,69147.07568532764,1116,23396178,16855107,785306,736257,5377296,5402593,6049342,4483050,5952158,3293641,2039485,1650566,313956,0,848218,0,2030417,1289000
329,000882,2018-01-05,0.013029315960912058,0.013029315960912058,0.09663377029893104,8580.0,92701.86496597821,1012,13785822,20831375,1028929,976533,3255304,3505449,2372511,3884463,2688513,3622713,981394,2181656,920292,1991210,0,867858,2538879,3801493
330,000883,2018-01-05,0.002096436058700357,0.0,0.1289528065198267,9025.0,75297.6401811929,1370,18696220,17966656,679316,1859877,2829354,7092144,1761198,2302420,2885888,2501842,2269060,2693921,1361396,609294,1332964,907158,5577044,0
331,000885,2018-01-05,0.03227665706051863,0.04841498559077806,0.3052010962974186,71814.5,299608.09510998765,3240,259430783,287507260,918954,1024862,12089418,12802590,22157810,19855594,36620009,33147732,32884004,30026398,23014380,25137661,19456560,20049543,112289648,145462880
332,000886,2018-01-05,-0.002739726027397249,0.0,0.258693209881838,8742.0,80051.87122313415,796,14171136,14086023,549948,1003014,2366252,3116259,1907611,2774931,2066658,2794300,1613371,1398204,1836136,1864699,1851772,457710,1979388,676906
333,000887,2018-01-05,0.003783783783783745,-0.00324324324324321,0.4498511932286842,20317.0,110147.7669561411,1692,46332205,38237548,1472049,919297,13417279,6322231,5585414,5432619,8617979,6848240,4341216,3096189,5423745,3169269,1834093,1823415,5640430,10626288
334,000888,2018-01-05,-0.007200720072007227,-0.008100810081008047,0.2692993132223249,3330.0,58621.045697028574,1702,25123094,8221491,2744764,650527,6332365,1952909,2444099,1325407,3402418,1384431,2971637,461792,2264357,733910,2205095,0,2758359,1712515
335,000889,2018-01-05,-0.013343217197924417,-0.014084507042253502,0.7131955738937455,14762.0,75695.98748471745,357,5685211,7998891,240316,244412,1569703,2336671,983469,1269007,563900,1532112,221943,1726629,0,0,962080,890060,1143800,0
336,000890,2018-01-05,0.00887573964497057,0.004437869822485174,0.3573414002970168,4760.0,29227.42459501221,357,2651994,2598103,270183,276133,1234795,1279465,306808,705225,840208,0,0,0,0,337280,0,0,0,0
337,000892,2018-01-05,0.0,0.0,0.3910502329532682,3900.0,74458.9945040691,389,4092172,4980713,542685,201449,1054373,1284079,810450,858280,1185180,750945,499484,0,0,641160,0,0,0,1244800
338,000893,2018-01-05,-0.006629834254143652,-0.019889502762431066,0.2624083347290758,16938.5,173455.40813906337,1192,30384742,41585926,775721,1228014,5109943,5899522,3853526,4569244,3777362,6719404,5216352,5374360,2061648,1457847,1263106,2199623,8327084,14137912
339,000895,2018-01-05,-0.003559985760057005,-0.008899964400142402,0.5138201020163077,27935.0,269582.2424838898,2990,144577565,120866860,1418476,1964388,17307448,14825453,21634043,12125238,20244359,16295680,7468422,9052335,6184490,8050158,3031493,6607044,67288834,51946564
340,000897,2018-01-05,0.02824858757062154,0.02259887005649719,0.08328532217777614,8041.0,87989.83766896541,1816,21593642,31690645,2003659,1476713,6776734,6959682,3601186,5492065,3445295,7279944,1139339,1477253,1416078,928997,1415173,1364018,1796178,6711973
341,000898,2018-01-05,-0.009104704097116834,-0.004552352048558417,0.12932471511857888,8528.0,154466.50438430012,2603,67500152,72026097,1657362,4627189,6590683,9017520,6919776,12333176,9071869,12933405,5134417,6822786,4685424,6283657,7734463,2170873,25706158,17837491
342,000899,2018-01-05,0.008375209380234505,0.0,0.26705277581696446,10818.0,57025.44317401892,499,5897492,10536814,395991,456004,1672785,2058369,1592338,1696508,1270992,2774750,965386,2878957,0,672226,0,0,0,0
343,000901,2018-01-05,0.016054076890578806,0.0042247570764679665,0.6345515906156702,21438.0,98819.84428685623,1391,37006477,32433007,1257137,872789,8921725,6649186,5934956,5005921,6691443,5775353,5979926,2527017,2639979,2450588,2353448,2261145,3227863,6891008
344,000902,2018-01-05,-0.00576923076923086,-0.004807692307692402,0.33340592638772737,10510.0,62153.66819757655,973,14143312,14022727,619254,762926,3226883,4048853,2717877,3120016,2920151,2983365,2122845,732188,776968,382950,466360,405720,1292974,1586709
345,000903,2018-01-05,0.025423728813559254,0.01412429378531077,0.10657603516678744,10695.0,97128.44862236064,1106,19383961,25725592,951763,973559,3888805,4639425,2507406,3719679,2985427,5165580,1731912,2273854,2861671,3263861,1257420,833208,3199557,4856426
346,000905,2018-01-05,0.011839708561020013,0.0191256830601092,0.27480840131869483,22400.0,124853.72942675801,1597,40837822,52322172,937810,969433,6707164,7326411,7659621,8148806,12803918,11758395,4731325,7283305,2073137,3709449,2745670,2355515,3179177,10770858
347,000906,2018-01-05,-0.0013175230566534468,-0.0026350461133068936,0.37862263506256166,11310.0,54249.4065819872,401,6333293,5516501,457599,397133,1679297,1458125,1845149,777576,1221748,1660557,0,714670,1129500,0,0,0,0,508440
348,000908,2018-01-05,0.008012820512820484,0.004807692307692291,0.2900522685500542,9382.5,55058.64964082911,462,6553580,5515743,421292,361930,1764852,1885718,1718565,1425838,1328071,654942,580868,203994,0,983321,0,0,739932,0
349,000909,2018-01-05,0.01115241635687747,0.01858736059479571,0.4472518491234465,10840.0,37351.8618236855,578,6563980,6222594,614018,547014,2536078,2599326,1450057,1403026,1159910,984698,0,688530,374077,0,429840,0,0,0
350,000910,2018-01-05,-0.012306470821754734,-0.0027788805081381263,0.5805424984999787,24935.0,182855.9802840468,1890,103570334,64405067,881703,821710,11165791,9924012,6725806,6541298,8604547,8474838,16644413,7049137,9843756,5078738,11759216,3049701,37945102,23465633
351,000911,2018-01-05,0.023479188900747072,0.030949839914621302,0.25005192799180287,14991.0,91947.55692035437,1405,28017866,30720754,1133197,1445155,6256080,6393660,5580630,5753485,6522277,5994141,2789584,3475730,1359362,2097902,1357850,895959,3018886,4664722
352,000912,2018-01-05,0.01284109149277679,0.016051364365970988,0.14501716468649314,10489.0,84662.39632051828,1849,35558148,32714753,2141477,1566900,6526272,6956083,5398839,5768825,8234516,7597722,4008551,3498636,3263418,2300144,2230825,440376,3754250,4586067
353,000913,2018-01-05,0.003974167908594284,0.001987083954297253,0.7961820427239861,11970.0,80830.84976426174,639,12065438,9824356,807203,420977,3681934,1938111,1705283,1520039,2738306,1373129,2364912,1335510,363600,313100,404200,408040,0,2515450
354,000915,2018-01-05,-0.007303906001905225,-0.006033661479834751,0.8591058058931941,18780.0,124922.62230326634,1343,44340581,33296202,944009,1508277,5518039,4344655,8126258,5403282,7964429,6100279,2850273,2914892,3685252,5084052,3133718,1280013,12118603,6660752
355,000917,2018-01-05,-0.008839779005524906,-0.011049723756906271,0.23825798388065658,19734.0,181753.69955330403,1443,58706754,36527607,1247151,1188930,6383333,6037393,8336195,6693945,11002055,7713133,4131316,3917240,4474090,2546722,3148666,2237196,19983948,6193048
356,000918,2018-01-05,0.0185185185185186,0.015669515669515688,0.1858022576357925,14320.0,111323.04089733178,1428,29071143,42583186,1200525,1462268,5282444,6726336,5602001,4937492,6114925,9421543,4526253,6278057,2072611,4776818,499100,1824064,3773284,7156608
357,000919,2018-01-05,0.0033333333333331883,-0.0033333333333332993,0.4017921414767718,12572.0,47781.48716929435,501,7497767,4148059,429057,394508,3609490,1431394,888028,848409,1146632,737388,1424560,0,0,0,0,0,0,736360
358,000920,2018-01-05,-0.003992015968063756,-0.001996007984031878,0.3750458551591586,6986.0,56432.81678204478,713,9167043,9310001,393459,968808,1991248,2549879,1333599,1912476,2741851,2549386,1931781,411140,0,0,0,918312,775105,0
359,000921,2018-01-05,0.009497964721845387,0.0033921302578017176,0.3111598131878672,25194.0,98744.79736510792,2245,65672461,57194549,1545387,1321164,12949479,8766681,13448579,14168619,13920201,17011692,8202059,6474385,4818640,2657538,2190084,1266270,8598032,5528200
360,000922,2018-01-05,0.0011834319526629056,0.0,0.39490867627149706,13616.0,51304.49882451289,457,8709664,5784422,460208,383337,2129396,1961575,2431292,1774168,2052247,635292,491951,716454,654471,313596,490099,0,0,0
361,000923,2018-01-05,0.00040160642570286065,0.0,0.5095631821948267,30474.0,156173.49310361742,2390,89208301,87658665,1277240,1171865,13097943,10359360,14032405,12315030,20899185,19644922,16422219,10645458,8739333,4732314,1791550,6651801,12948426,22137915
362,000925,2018-01-05,-0.013341804320203376,-0.0031766200762389785,0.6224189873026131,14058.0,54556.532558439365,639,10169385,7365212,529502,586970,2884142,4136659,2263714,844538,1393369,781967,1112782,1015078,718666,0,472630,0,794580,0
363,000927,2018-01-05,0.004434589800443645,0.008869179600886845,0.14946217144935117,8190.0,61624.69789263307,911,15120775,8752761,1167044,728699,4601589,3112153,2413138,2055721,1879215,1390794,944489,646044,1725395,345800,1333962,473550,1055943,0
364,000928,2018-01-05,0.013473053892215647,0.020958083832335328,0.14908451110608184,22506.0,143560.39003395083,2011,58080286,78225982,1347827,1200544,9254979,9382733,8987957,10334026,9656705,13925955,6968069,10174479,4453908,6431571,3999202,4272263,13411639,22504411
365,000929,2018-01-05,-0.0049261083743842304,0.0,0.47256984202191693,18382.5,146278.6900667369,664,18790904,17649894,376265,624468,2600981,3700018,2363099,2811586,4366272,3876876,2387180,2004800,675486,1065427,1351539,428223,4670082,3138496
366,000931,2018-01-05,0.0431034482758621,0.011494252873563315,0.21997522318041782,11200.0,90346.12408578186,1001,14833844,17948364,1187160,946591,4910318,4343467,1939902,2812749,3010959,2686526,1589680,948101,671210,1387146,894416,0,630199,4823784
367,000932,2018-01-05,-0.011135857461024412,-0.005567928730512373,0.1611940054749904,46996.5,326105.5620995842,3112,238315219,224188611,1143737,1879801,11438179,13027959,17813160,17135504,29138081,32174312,22477968,23086408,16775810,18297344,18956076,21599330,120572208,96987953
368,000933,2018-01-05,-0.005633802816901401,-0.003755868544600971,0.18050993794654638,79488.0,336688.23954436556,3488,381467550,250269734,975817,407143,18632482,8596353,26424074,17209447,56040181,32431378,38619147,29133093,35399998,25271746,34265863,22698856,171109988,114521718
369,000936,2018-01-05,-0.013100436681222738,-0.01601164483260553,0.2133430757453435,13560.0,86676.01094806491,1037,25122699,14649210,978708,790935,5570696,3309441,5211708,3725970,4558010,2576390,2882659,1174693,1673291,1987410,1755567,0,2492060,1084371
370,000937,2018-01-05,-0.011200000000000099,-0.008000000000000007,0.13040154992964917,13607.0,166844.36943662475,2304,75617537,52658616,2400935,1228640,10537067,6577574,10954288,8779831,13628047,7995208,7838556,5552883,8009923,6937094,4468520,1767641,17780201,13819745
371,000938,2018-01-05,-0.01394505647747879,-0.01757077116162309,1.3595862515425314,56712.0,237348.24861690242,2783,187124432,157594804,989686,918432,12113856,16403432,17027705,19515782,33013693,25700700,24892819,20146818,21905702,12882605,13796360,9428738,63384611,52598297
372,000948,2018-01-05,0.0028571428571428914,0.0,0.5095331205907975,9486.0,48610.41785963954,424,4932517,4912937,212175,340526,1291873,1755085,1728745,912417,794420,1642409,210000,262500,0,0,0,0,695304,0
373,000949,2018-01-05,0.0022123893805310324,0.006637168141592875,0.15285040305568615,7264.0,53019.145148206626,875,11350242,9862432,938465,777103,3006100,3363851,2442437,2256143,2799333,1628079,690328,802296,679779,0,0,487760,793800,547200
374,000951,2018-01-05,0.009190120620333087,0.010913268236645735,0.39365023740513316,20904.0,88590.15029527013,1957,43278065,49622495,1086181,1708487,9489715,11112643,9676398,7939637,9129109,12138885,4958349,6021449,2231577,3590111,1369165,497931,5337571,6613352
375,000953,2018-01-05,-0.011070110701107194,-0.008610086100861003,0.2987781680746476,9714.0,71306.61849392277,740,13649566,5886907,941540,735604,3933962,2060041,2760157,1256324,2566886,491302,1245653,534636,358091,0,462269,0,1381008,809000
376,000955,2018-01-05,0.007352941176470562,0.004411764705882337,0.2642960417591512,8292.0,120608.74363297492,663,9722738,15461849,327247,889442,2262850,1910098,4243717,1456889,2217458,2061417,0,681319,0,367880,0,1385508,671466,6709296
377,000957,2018-01-05,0.0008849557522123686,-0.0008849557522124796,0.22415672050116733,10170.0,133112.90835810048,2543,45489301,42116783,1015051,4528627,8082810,12943950,6061977,9011596,6878892,7778399,3695215,2414331,2779558,2401218,1709766,0,15266032,3038662
378,000958,2018-01-05,0.01862197392923637,0.020484171322160183,0.11495620796942464,20900.0,174437.56843831652,2189,72402587,69453088,1737010,1295784,10886041,8644195,11474878,9393299,14809466,13019537,7060221,10193056,5932769,6554506,4908989,3958477,15593213,16394234
379,000959,2018-01-05,-0.009740259740259827,-0.008116883116883078,0.1351976510643598,6732.0,61699.67120164744,2081,24007955,26990966,2000313,3336989,6225268,4602952,4295953,7681012,4308972,2797461,1629643,7225403,644444,305500,967115,426810,3936247,614839
380,000960,2018-01-05,-0.001506024096385561,-0.0075301204819276935,0.3023388909174719,26360.0,180345.32781401408,1930,89545180,55306995,1593716,930970,12171585,7970581,10591442,6461486,13978559,12298527,7739789,6504470,5928258,4656792,8016906,2761905,29524925,13722264
381,000961,2018-01-05,0.0057636887608070175,0.023054755043227626,0.12446017145430599,54028.5,446525.41146027483,3120,253935641,338044924,1410070,1210985,12574709,12004167,18878228,17879181,28562455,30434146,21860217,24812775,17196484,23892602,15204563,19800054,138248915,208011014
382,000962,2018-01-05,-0.006960556844547439,-0.009280742459396807,0.33139902702786705,9421.5,46609.68310494111,676,11804754,5964881,699259,727036,3327690,2444411,2186465,1185316,3012598,1353328,1181060,254790,1397682,0,0,0,0,0
383,000963,2018-01-05,0.0016031350195937488,0.01353758460990373,1.1931443730250484,34248.0,135887.9413279678,2216,63244433,85529643,976839,1007541,10148626,17075816,11080258,13566608,11642705,14010262,9355480,10017020,5107743,5887577,3177174,2745608,11755608,21219211
384,000965,2018-01-05,0.025466893039049365,0.025466893039049365,0.13822888241867076,18210.0,108348.15415979759,1818,35935492,52882293,1446452,1313627,9188059,8226390,9102640,7891014,7903528,10130765,4133777,5451341,1928840,5184993,1291271,3079693,940925,11604470
385,000966,2018-01-05,0.0,0.0024999999999999467,0.15652365794050535,11940.0,99297.47563083707,653,10196774,13754259,519740,639464,2719317,3101841,1607742,2609856,2309945,2399418,997697,672011,1073103,791980,452924,401999,516306,3137690
386,000967,2018-01-05,0.0052798310454065245,0.012671594508975703,0.25280082874414306,18021.5,109239.8099278008,1404,34531152,34709240,1380232,1058595,8521629,7154684,4947858,5260475,5331958,6086091,3015290,4378477,1451021,2441039,3204895,1725514,6678269,6604365
387,000968,2018-01-05,-0.02869352869352859,-0.02869352869352859,0.4102814990491095,21073.0,166043.05154365275,1595,61946660,38538568,952234,1417027,6754752,8990951,8527673,6647111,11778146,7038218,4703136,3263814,4554317,1718820,1880840,3092919,22795562,6369708
388,000969,2018-01-05,-0.009977827050997812,-0.014412416851441123,0.2603122040787098,9010.0,152849.50818415382,1201,37082513,17035273,1363878,1064281,3499607,4491786,4815982,3607021,4880410,3526065,4169295,471470,2370229,1001068,934328,1724854,15048784,1148728
389,000970,2018-01-05,-0.01182197496522952,-0.015299026425591111,0.29833612303609003,28460.0,159489.89770312532,2324,109459635,70220993,1904412,1108359,11868654,10921042,12972530,11317666,18982867,16555391,11873851,8270063,6905281,2814455,8992477,3162193,35959563,16071824
390,000972,2018-01-05,0.018957345971563955,0.0165876777251186,0.19514717880812216,11928.0,98757.44989131008,467,6825212,13064557,421691,444296,1409705,2568686,738652,1965137,1611069,2534904,752400,729387,387536,358644,860000,1299167,644159,3164336
391,000973,2018-01-05,0.004862236628849326,0.006482982171799101,0.20112044799343806,9936.0,64073.39450851861,941,14049145,15914836,877782,1052141,3621127,3805289,2632890,2658397,3859584,3250229,431502,1378947,702125,2727833,1331133,465750,593002,576250
392,000975,2018-01-05,0.0021660649819494893,0.0014440433212996595,0.43723651630543603,11080.0,126954.83942566327,1003,26609047,16391136,1504086,1025669,4491834,3029926,2105035,3990240,4769830,3189370,2828753,1535372,324325,1326843,2331450,1731752,8253734,561964
393,000976,2018-01-05,-0.0023809523809523725,-0.005952380952381042,0.29438998157518004,9295.0,102783.0591681134,815,15400002,9786311,1851377,762900,2324794,3084187,1478939,2307399,1722418,806461,737157,718706,340200,0,885789,918440,6059328,1188218
394,000977,2018-01-05,-0.013533834586466176,-0.009523809523809379,0.3741324274120995,56878.0,218825.7708205626,2844,198261890,180397733,1318993,1254295,11937217,11679075,17714578,14244743,32579970,32085861,31505262,27536878,21878064,14576563,15423022,13069559,65904784,65950759
395,000978,2018-01-05,0.0023866348448686736,0.0,0.4124087201953497,8410.0,40612.223882794926,412,4847823,3735021,499667,309009,1772249,1458264,1085631,859519,461524,873029,203634,235200,0,0,825118,0,0,0
396,000980,2018-01-05,-0.0033222591362125353,-0.004152823920265725,0.2534698544559207,13145.0,70873.36336417541,2257,38659451,34904337,1185691,2722802,11434893,11636953,6276794,6645731,7062352,5951089,4847299,4101822,2058560,2032070,1777604,404586,4016258,1409284
397,000981,2018-01-05,0.012585812356979309,0.012585812356979309,0.3274374811429701,8750.0,73222.22215269381,712,10326160,12321509,1664989,493942,2239487,2228968,2277556,1948773,2147427,2106825,522142,1270096,1066079,302260,408480,899014,0,3071631
398,000982,2018-01-05,-0.007317073170731603,0.004878048780487809,0.09456505511374722,12562.5,149232.94739866885,1890,47774585,56783856,1540064,1646875,6178422,8061266,6485565,6432534,8022833,10728892,7382030,10392059,2119990,5152485,4265271,3250889,11780410,11118856
