,code,date,pchange_whole,pchange,change_std,amount_median,amount_std,length,sumsell,sumbuy,sell_vol_0,buy_vol_0,sell_vol_1,buy_vol_1,sell_vol_2,buy_vol_2,sell_vol_3,buy_vol_3,sell_vol_4,buy_vol_4,sell_vol_5,buy_vol_5,sell_vol_6,buy_vol_6,sell_vol_7,buy_vol_7
0,000001,2017-10-16,0.020246478873239493,0.01672535211267623,0.19667071154028362,68400.0,723796.7573456719,3341,410526491,449943909,1003101,796886,13403137,11422605,21517859,19803113,42072487,34537136,21306201,23079001,22049599,22072041,20432965,16580150,268741142,321652977
1,000002,2017-10-16,-0.024109792284866538,-0.02596439169139464,0.4649531734670282,66612.5,685832.9356554436,3364,390809684,290464195,888973,754422,13383756,12736779,21341461,24153601,39761718,36874315,29755862,26685535,27627106,20047665,17015667,16873984,241035141,152337894
2,000004,2017-10-16,0.017453391511304872,-0.008726695755652658,1.1102721822940151,12420.0,64252.57871899514,516,6887855,9949153,583944,519501,2520876,1616012,1980882,1406916,1327913,2551750,0,2624974,0,375000,474240,0,0,855000
3,000005,2017-10-16,-0.021359223300970953,-0.021359223300970953,0.13586913680445714,10140.0,115111.47942710319,1439,33737127,19851920,1246809,1332448,6327334,4728671,4561823,3765252,6238063,3221040,2924022,1113510,1799606,617517,966448,494832,9673022,4578650
4,000008,2017-10-16,0.023359288097886344,0.012235817575083408,0.22541832189403962,14576.0,151553.4574324888,1591,49612500,46627151,1704228,1243173,7513458,6018334,5625343,6039726,9019673,7492546,4307681,4968643,2058693,2370500,5456236,3610973,13927188,14883256
5,000009,2017-10-16,-0.02346368715083791,-0.02681564245810042,0.18212504142752625,18312.0,225485.58604768844,2418,123203807,61263102,1370784,2284261,10201470,11403319,11467505,10262057,14654925,10079350,6910533,5548801,8421683,3728168,6854564,3595354,63322343,14361792
6,000010,2017-10-16,-0.03130434782608693,-0.04347826086956519,0.12693632799527177,14559.0,125707.23494566452,2057,57483370,29939247,1991875,1414297,11658694,7985217,8839387,5362995,9846945,7569082,3978132,1845053,5504345,1335273,1795702,401921,13868290,4025409
7,000011,2017-10-16,-0.027707808564231717,-0.02267002518891703,0.48026525208536885,19710.0,97358.10089141903,1708,53234926,30135376,1632836,1258952,9804798,8543626,9314106,6917067,11477731,6824055,5820989,2535576,3543367,1318578,2785452,1284720,8855647,1452802
8,000012,2017-10-16,-0.013064133016627011,-0.01187648456057,0.2294932264507543,13399.5,110176.9293217117,1346,43156471,17976162,1541038,1152615,7560631,4507598,6452362,3619254,6574126,3482251,5243500,1457339,3457692,356584,3460552,923016,8866570,2477505
9,000014,2017-10-16,-0.016587677725118377,-0.013033175355450122,0.7102170781696514,8345.0,45362.200278408964,564,7911345,4442640,1021258,430201,2510941,1645623,2209175,783508,1561258,413424,223174,468920,385539,0,0,0,0,700964
10,000016,2017-10-16,-0.03350083752093802,-0.031825795644891075,0.17384945790333245,9911.0,114334.47835261215,1181,33809678,21485916,693490,1239737,3724196,3837534,2911840,4881701,5371266,4167049,6401936,2476297,3495147,1750506,1360985,1338544,9850818,1794548
11,000017,2017-10-16,-0.014371257485029876,-0.014371257485029876,0.18233361134926385,16480.0,225025.38583088125,2100,53598975,72652985,1138971,2544703,7299594,10622095,7388365,10013193,7779857,10651813,7217115,8479402,4511159,4388775,4299880,3170058,13964034,22782946
12,000018,2017-10-16,0.010037641154328814,0.012547051442910906,0.17400367831752067,23475.5,169572.69287866587,2100,52726736,86300130,1632710,1693164,10347455,10819239,7948592,11679532,12412863,11666908,5993680,10169974,3355670,8896717,4767896,3439999,6267870,27934597
13,000020,2017-10-16,-0.011029411764705954,-0.011029411764705954,0.7629335555525572,13229.0,90601.73114234545,622,19128135,8889961,797784,541339,3144488,1864119,2096681,1878278,2670360,1776870,3044795,1249757,2400744,1059392,4033783,0,939500,520206
14,000021,2017-10-16,-0.028183716075156573,-0.02087682672233815,0.219549092186563,14952.0,130209.4138782445,1906,54170095,38118738,1408453,1961364,8147285,8682591,8179024,7235100,8498936,7957073,5543170,4113020,3369122,2448777,2396535,1355382,16627570,4365431
15,000022,2017-10-16,-0.022869789745481373,-0.01143489487274063,0.7814886359826276,26700.0,105282.1481249106,1203,38575525,30726692,771218,677284,6331555,6336226,6547237,4663536,8788227,7039952,5480096,4840951,3130705,1083579,408450,2240822,7118037,3844342
16,000023,2017-10-16,-0.013843648208469062,-0.010586319218240936,1.1227943187240153,12395.0,65764.30148045623,478,9044060,5418048,366974,574808,2081391,2453179,1535611,793970,1760871,732876,1191693,0,361032,372215,419050,491000,1327438,0
17,000025,2017-10-16,-0.031441048034934416,-0.02358078602620084,0.8736800686523244,31976.0,128510.09568149257,2750,115226095,78004434,1568427,1819672,14379575,14548235,17758460,14529010,28695789,19086868,16728428,10668999,10510356,4959538,4948997,4911548,20636063,7480564
18,000026,2017-10-16,-0.025326797385620936,-0.022058823529411686,0.39012335099703893,12020.0,63051.44395975872,984,19472996,9929809,926624,661631,4527663,3812178,4960576,2753317,2976821,1151950,1391812,1550733,1044810,0,1390810,0,2253880,0
19,000027,2017-10-16,-0.009132420091324311,-0.010654490106544956,0.18410852017624435,11143.5,80503.11914109839,1274,28761358,14319309,1518372,747206,5781736,4975810,4657283,3279262,5035758,3213267,2674625,1239206,950711,396774,2109509,467784,6033364,0
20,000028,2017-10-16,-0.009988419224087997,-0.01722640416907928,2.2659329886866066,20505.0,150466.36858177866,929,36228185,30986969,663740,547257,3036788,3660601,6760809,3004368,5139778,3028961,2953818,14188236,3422344,4293112,1780076,0,12470832,2264434
21,000030,2017-10-16,-0.018952062430323324,-0.01783723522853964,0.2585140044490234,5346.0,81596.68024807262,1207,24259580,16928600,903331,949863,4306355,1895661,4061711,4673444,5090055,6548932,2736775,2096316,1483973,331224,1315795,433160,4361585,0
22,000032,2017-10-16,-0.026395173453997,-0.02187028657616885,0.4628787869581235,13260.0,90260.69897076556,820,21438464,10077839,519284,747255,5005877,3090324,4546537,2093522,2894304,2154694,2035124,792522,2184102,0,482388,0,3770848,1199522
23,000036,2017-10-16,-0.052837573385518644,-0.05675146771037187,0.18808248483944975,43734.5,254764.06019526836,2956,193579107,132093026,1103403,1912999,9704393,14318440,17776154,21294173,30236702,29340293,17912481,17483123,15084621,10342035,11032900,7654832,90728453,29747131
24,000037,2017-10-16,-0.023204419889502836,-0.019889502762431066,0.3805051343357328,6279.0,53256.978988359464,565,8573446,3131911,647995,644598,1927522,1538321,1653807,477760,2541099,471232,218595,0,672293,0,0,0,912135,0
25,000039,2017-10-16,-0.026441036488630387,-0.026441036488630387,0.36794603473168497,18680.0,239256.72424452167,2643,136884335,77200117,3044245,1753302,10150849,9747222,14361274,12615895,19216420,13401110,15060080,9392665,6964191,5081356,3572139,3887944,64515137,21320623
26,000040,2017-10-16,-0.011184210526315796,-0.012499999999999956,0.4716249394675676,15270.0,150837.79778410846,1039,29903265,30620560,645936,640540,3477916,5551072,2844648,6821544,3089630,4134742,3355872,3564398,5335125,1681774,3321679,1385048,7832459,6841442
27,000042,2017-10-16,-0.00418160095579434,0.002389486260454099,0.7740860049479483,5040.0,23983.40039864224,467,3357528,2734433,720303,379260,1273794,1234447,1030686,590433,332745,277693,0,252600,0,0,0,0,0,0
28,000043,2017-10-16,-0.027358490566037674,-0.027358490566037674,0.39630819773080034,21100.0,122189.02046732423,715,31935965,8621892,301196,466951,2953413,2460856,9536066,1318666,4182815,2465661,2728957,679310,1778126,392048,873410,0,9581982,838400
29,000045,2017-10-16,-0.03589743589743588,-0.03076923076923077,0.33943698996442107,17362.5,77061.32358947986,1188,30873703,17929303,566000,1013850,5635413,6651203,5976098,3711176,7621677,3689958,4573939,1854194,1705436,317772,1327689,0,3467451,691150
30,000046,2017-10-16,0.0,-0.004907975460122782,0.37679040227868593,8150.0,66686.62093090668,467,8816536,4396374,337532,1194379,1789072,817265,1588562,1069210,1443037,560406,1478069,438906,753397,316208,0,0,1426867,0
31,000048,2017-10-16,-0.006321612011062849,-0.013038324772816967,1.2811623318093122,12665.0,64680.88149754303,390,8106394,3723447,171453,421237,1841968,1790086,1764178,843380,1621463,668744,202480,0,757812,0,487500,0,1259540,0
32,000049,2017-10-16,-0.015443279313632097,-0.014871306005719731,1.2380985086589864,25837.5,110449.73956170704,1794,53032539,42723310,526220,1225882,8256637,11964044,10944870,8803911,10913119,6485738,6435947,4542497,3028387,2155394,1321005,1681325,11606354,5864519
33,000050,2017-10-16,-0.023358840112766788,-0.01127668143374938,0.43142334075750727,159951.0,652764.374671684,3316,606544078,604762468,542726,573465,8404066,8657054,14411779,15931441,34320156,42928198,41034815,42793129,35502527,45558367,39034371,36387076,433293638,411933738
34,000055,2017-10-16,-0.02179487179487183,-0.014102564102564052,0.1737546255097633,2337.0,92409.32250606793,2017,28617519,21174178,959920,2216059,4797959,5853831,5597922,3742166,5448519,1819350,3103072,492160,3176960,615994,459409,463371,5073758,5971247
35,000056,2017-10-16,-0.014128728414442682,-0.009419152276295195,0.6822118853746535,6280.0,49083.25202869015,348,3541595,3603711,190004,387789,930429,1115451,594862,824074,1215008,658490,0,238707,0,379200,0,0,611292,0
36,000058,2017-10-16,-0.03558718861209953,-0.03084223013048637,0.19089321008661833,15864.5,87648.47293106493,1952,48712164,26951251,1624302,2108243,9449202,9672079,9724346,4551599,10709419,4327070,4933446,1241718,2384277,1050493,3599527,1260969,6287645,2739080
37,000061,2017-10-16,-0.005636978579481311,-0.0022547914317925244,0.3013251301848764,11544.0,124475.37307282841,866,20058680,14223442,955863,817125,4235105,3265220,3782705,1736963,3130605,2014614,2148362,2460953,1781598,344862,498012,478244,3526430,3105461
38,000063,2017-10-16,0.03430706521739113,0.03736413043478248,0.49295810821474423,419768.0,1449060.89896297,3569,1358374309,1596657030,150228,137624,3128766,3764562,9444242,9768446,35492445,31954757,37986154,41668179,54251573,49271721,51844196,50666435,1166076705,1409425306
39,000065,2017-10-16,-0.012231126107127732,-0.013074652045550472,0.5645538803406392,23675.0,143067.98973089267,1764,65189545,50195801,944257,1232205,8078865,9324517,9517720,7906883,11086816,12385657,7725044,6310832,3367392,2061404,5969042,2177455,18500409,8796848
40,000066,2017-10-16,-0.02505694760820032,-0.0227790432801821,0.16400279347328878,34220.0,379584.30300001294,2870,213841486,162796906,1341621,2253046,8785314,16560174,13193944,18013251,21218452,25665383,13132901,14241793,14569126,13593727,16370168,6325481,125229960,66144051
41,000068,2017-10-16,-0.024390243902439046,-0.024390243902439046,0.2245678958107318,13590.0,98002.67573507935,964,27563268,10611045,1005938,671586,4564179,4793880,3928703,2579850,4932952,1491906,1531571,771498,3878187,302325,1327414,0,6394324,0
42,000069,2017-10-16,-0.009489916963226541,-0.009489916963226541,0.1559038449993852,18392.0,205598.16912723475,2931,120174763,82998407,2379301,1524996,16338928,12351616,13353720,8855058,18439100,12003272,8677222,9008998,9079458,10819085,5805871,8471062,46101163,19964320
43,000070,2017-10-16,-0.01995012468827928,-0.02244389027431415,0.24788569218800907,22515.0,117811.72795696236,2357,73490661,64829043,1399593,1778845,9981841,13434138,10480796,10594075,13187088,17119921,10779171,11118267,6026840,4912039,5332638,1411229,16302694,4460529
44,000078,2017-10-16,-0.04398826979472148,-0.030791788856304958,0.13035496308951572,26480.0,210825.5600512253,2745,137392025,78662159,2582547,1017557,17158958,9227277,18376764,11017476,22059458,16048298,12710233,10458892,10888190,7259257,6936158,3860273,46679717,19773129
45,000088,2017-10-16,-0.02580645161290329,-0.022580645161290436,0.2604401909393339,13679.0,103944.3449080804,1275,32751608,23241767,1386700,1253014,7046298,5041382,4736362,2943951,5108752,4633714,4371278,2260849,1780357,2559288,1425663,1750679,6896198,2798890
46,000089,2017-10-16,-0.010404624277456587,-0.006936416184971206,0.2480801596708105,12892.5,88839.7537151177,1216,20857438,15846737,930365,727732,3517992,8843676,2837296,2097908,3224508,1651901,2028435,281547,1351007,314394,1451096,415863,5516739,1513716
47,000090,2017-10-16,-0.0232766338406446,-0.0304386750223814,0.31006999899586024,14072.5,124594.38145112005,1298,41256711,25972176,752269,1317862,4876367,6206480,5022888,4293242,7030448,5553935,3227660,2542336,3012137,1340960,3076293,1303039,14258649,3414322
48,000096,2017-10-16,-0.03566529492455417,-0.03429355281207136,0.5398926086686343,5696.0,38634.64041287661,729,8847662,4059592,1080043,602027,3127703,1465609,1676735,1163881,1563940,576027,779366,252048,0,0,0,0,619875,0
49,000100,2017-10-16,0.02645502645502651,0.029100529100529293,0.06395710004741027,118473.0,771231.3143955509,3529,534483610,768386333,609237,715482,10743236,11663554,17704443,20235190,40558120,46717515,38824591,38874030,30739950,35380573,29290231,44549807,366013802,570250182
50,000150,2017-10-16,0.002210759027265974,-0.007000736919675843,0.9379227228809477,15873.0,95977.92756814313,838,17140907,21943710,819904,406418,4120867,2672547,4702449,2831597,2502016,3081579,1239257,4371112,1414249,1467728,855950,1695477,1486215,5417252
51,000151,2017-10-16,-0.022298456260720245,-0.020583190394511064,0.5729893303320392,17270.0,134933.32880984308,931,29833812,24682694,485611,1003112,3562790,4567343,5242989,3350493,5236753,3847141,4159856,1071902,1734143,666687,3101576,1350230,6310094,8825786
52,000153,2017-10-16,-0.027831094049903915,-0.0249520153550864,0.31542557697273693,10340.0,42065.835241467226,1091,19116604,9353132,1131768,744769,5852283,4457915,5095979,2447111,2783859,1278453,2479488,424884,1773227,0,0,0,0,0
53,000156,2017-10-16,-0.020229265003371633,-0.014160485502360154,0.4448086500895543,10360.0,150388.80189951858,1111,25950196,12220063,677761,1090160,4527588,4040980,5007153,3123228,4275623,2839616,2709380,734567,2522235,391512,405900,0,5824556,0
54,000157,2017-10-16,-0.008474576271186418,-0.0063559322033897026,0.08805794030574342,10318.0,167837.98652174923,2889,70979808,72814668,3174790,2352028,13115050,8977782,10300586,7816266,12913382,7501486,8627063,6587393,4175793,3122445,2350270,4142237,16322874,32315031
55,000158,2017-10-16,-0.0037002775208141436,-0.007400555041628176,0.2387511847647375,11891.0,143493.98791617033,2051,63001082,39951649,2106836,1013537,10346801,5269776,9051411,6489709,8442228,8775614,4847016,5434044,4845939,3647212,3454440,1300520,19906411,8021237
56,000159,2017-10-16,-0.04233576642335768,-0.035036496350364876,0.2016028227272481,14564.0,71956.58524932498,1155,29853292,14886782,837793,1179795,5974297,5043285,5340383,3660469,7571662,2558913,2952192,1228604,2052236,666692,1382222,0,3742507,549024
57,000166,2017-10-16,-0.01016949152542379,-0.005084745762711895,0.12124214201741164,11800.0,167367.08773607275,2374,63996900,65898561,1187753,3783076,8757420,10331391,7407673,8998569,8858861,10731126,4587734,4687311,3600123,4027382,3000788,3968049,26596548,19371657
58,000301,2017-10-16,-0.025236593059936974,-0.012618296529968487,0.11615566446675678,31900.0,262906.42010556505,2990,156525845,139966932,1594268,1688868,14972645,12534229,16883478,15620843,22912099,22112889,17273048,18491905,13519782,12349808,12825075,8414968,56545450,48753422
59,000333,2017-10-16,-0.01699895068205659,-0.010703043022035619,0.818156991878275,95440.0,601209.8592244128,3393,464124640,403315719,913488,936281,9461100,12551461,20552705,23756640,45044208,45230817,33685135,36088895,30875233,25430468,23554674,24302976,300038097,235018181
60,000338,2017-10-16,-0.01132075471698113,-0.01635220125786163,0.1366369863757996,39450.0,391028.70066856965,3393,297999436,188103870,1773703,1167261,18264003,12161391,23440828,15035954,32949556,24658602,25218200,22982183,19456969,12951867,14861282,16159535,162034895,82987077
61,000400,2017-10-16,-0.01750150875075429,-0.016898008449004243,0.3288802912760986,11403.0,115625.86639142348,2541,83233493,32534587,1855663,3024845,10643522,8368783,5877665,5356302,14421620,5712014,12231002,3014596,18257079,4878773,2690414,1312646,17256528,866628
62,000401,2017-10-16,-0.032258064516129004,-0.021505376344086002,0.30742318634832383,46060.0,252038.7789448204,2966,203781998,130244808,1229476,1317552,14596447,13970678,22216152,17788570,34073416,25817195,23913202,17327354,18525849,12927611,15793836,6226733,73433620,34869115
63,000402,2017-10-16,-0.02240663900414952,-0.018257261410788428,0.23908990615459724,16520.0,243428.9250931487,2542,112555030,64017525,2193900,1783139,11572578,11077168,8748482,9475443,12809770,9008892,7825819,6303597,12702383,5606618,10334423,4448604,46367675,16314064
64,000403,2017-10-16,-0.0046604527296937315,0.0033288948069241098,1.2095117433227431,26712.0,158353.38738795652,616,28698883,19720330,434672,446452,2771924,2625435,2917805,3058490,5230120,2218284,4362461,3777464,3035551,955443,2159377,1736836,7786973,4901926
65,000404,2017-10-16,-0.019525801952580135,-0.018131101813110173,0.15501854049850894,16295.5,150719.6224098317,2142,90374147,40798395,1671185,1821023,8365523,8079801,16037029,8536506,13501443,7971491,9510282,4971942,4862788,3856730,3906717,433557,32519180,5127345
66,000407,2017-10-16,0.009603841536614643,0.007202881152461149,0.18490295685571975,13472.0,86565.02480152983,2032,46742023,41258790,1900605,1221030,8741094,8491708,7864468,6604041,11816072,9825857,4595140,5892527,4838524,4424984,1398879,2519290,5587241,2279353
67,000408,2017-10-16,0.0064365125804564105,0.012873025160912821,0.42361242908015456,26234.0,151446.67753103055,1629,62128954,51918222,960817,828020,11320751,6821505,7925055,7044682,10623217,9941506,6855829,4543450,4943446,4462435,3199525,3901043,16300314,14375581
68,000409,2017-10-16,-0.03547963206307492,-0.007884362680683377,0.2442226260986052,11430.0,81549.6779187838,971,21323410,10960112,1083587,967267,5888972,3610198,3723937,1971758,2706046,1233621,4017931,1016928,679336,609637,835209,483235,2388392,1067468
69,000410,2017-10-16,0.003205128205128416,0.003205128205128416,0.24229457225849596,18800.0,126112.4142131919,1493,40358234,36913749,1408301,1329136,7615964,7733075,6843187,6860786,7371459,8118272,5248977,3384366,2263508,1780125,1249428,845737,8357410,6862252
70,000411,2017-10-16,-0.004089050431621999,0.0004543389368467654,1.2368707559581156,11125.0,47002.523008911056,316,5868113,3299746,261287,281175,1260707,1207199,915095,1360410,1780297,231562,1650727,219400,0,0,0,0,0,0
71,000415,2017-10-16,-0.016541353383458746,-0.012030075187969946,0.14026385412279824,9324.0,97571.7489475694,2252,45267408,34425762,4240525,1416835,9018424,6144238,6893499,4626846,7936538,4498497,3663238,3084440,3596653,4039596,2623819,1304716,7294712,9310594
72,000416,2017-10-16,-0.02522068095838581,-0.021437578814627933,0.31020317195965236,9264.0,73971.97368732477,653,14584591,7565232,659455,724431,2323045,2279582,3104064,1459120,2190250,1674943,2543680,1120223,648341,306933,1382070,0,1733686,0
73,000417,2017-10-16,0.01541850220264318,0.018722466960352513,0.23399425310330055,15783.5,137655.55582589435,1506,41889924,48697356,1184949,1120506,6676131,5561810,5835803,5783738,6440340,7231272,3568515,7469571,3406300,4367807,5489356,5493710,9288530,11668942
74,000418,2017-10-16,-0.012548067192875934,-0.006476421776968055,1.3310904277807465,14940.0,105372.1071571144,1379,36014871,29039073,1731734,1995188,6507903,4970426,9247919,3816966,6834263,4279001,4108463,3997314,2316514,1839202,496515,2283622,4771560,5857354
75,000419,2017-10-16,-0.02941176470588236,-0.021008403361344463,0.27716678123966343,10485.0,61669.495273417895,663,14120725,5877672,675051,685970,3640914,1780114,2923971,1701090,2096322,594677,1856508,491946,1793948,0,0,0,1134011,623875
76,000420,2017-10-16,-0.025495750708215303,-0.022662889518413443,0.11025910185143858,4498.0,55772.196157106955,1027,12100884,9845585,853428,1066798,2760099,2883231,2359245,1534261,2525564,1477777,1730028,718490,351408,1355246,933294,0,587818,809782
77,000421,2017-10-16,-0.018131101813110173,-0.019525801952580135,0.32073581522308137,9191.0,86809.04717019257,499,13111569,3215368,697422,346640,2028923,913574,3148813,863483,1670716,802294,650855,289377,1721934,0,468600,0,2724306,0
78,000422,2017-10-16,-0.02499999999999991,-0.005357142857142727,0.11534887177372337,26640.0,517061.39469331544,2365,122837116,155431743,843557,1804536,6479327,12014631,8930035,14369359,14199692,20539731,14233257,13206510,7317739,10550675,6676272,9272230,64157237,73674071
79,000423,2017-10-16,0.003023431594860071,-0.0006046863189721474,1.240561297761434,65900.0,342586.8036893795,2843,228609528,235870760,703803,938300,12416086,11851848,18122781,17374809,35131088,26783644,27945790,21888290,25808244,18070145,11777730,14066070,96704006,124897654
80,000426,2017-10-16,0.0009216589861751334,-0.0036866359447004227,0.2489613159316105,10570.0,115100.88469248259,1906,39765135,37152630,1301949,3246467,6861055,7347987,7068443,4923523,5510931,4395355,4026903,2898246,3705532,3068060,2676632,2724039,8613690,8548953
81,000428,2017-10-16,-0.020283975659229125,-0.016227180527383367,0.19114033666412095,9720.0,100679.60609869915,665,18202282,6641539,796719,516509,3629029,2242510,1774052,1176723,2605746,438808,1796150,1713560,310074,0,2347379,0,4943133,553429
82,000429,2017-10-16,-0.010344827586206917,-0.010344827586206917,0.2353326805587601,5226.0,64475.40438886961,1367,20998489,12208702,2089388,872325,6947899,3073040,2949329,1953272,3807478,2571167,775472,806176,1009270,0,1247413,851342,2172240,2081380
83,000430,2017-10-16,-0.023414634146341484,-0.024390243902439046,0.36406226811886205,10200.0,68521.97308625266,792,16832679,7865103,414243,814324,3527936,3587608,2946179,1266593,4159980,1440398,2130546,756180,747600,0,0,0,2906195,0
84,000488,2017-10-16,-0.015255128879537172,-0.006838506049447801,0.34903240375476696,51367.5,336107.0704936209,2968,208457803,217972374,1709698,1292325,12423444,10686732,20244440,17234225,29191091,27921448,24135528,23515396,16261628,18326779,14202106,15023721,90289868,103971748
85,000498,2017-10-16,0.0,-0.0036275695284159193,0.20806334791751455,4944.0,50088.375959738085,1581,16809881,14193397,1238639,1988434,4238680,3796262,3458459,3949897,2855660,1462817,712751,1952444,1068731,369527,2200261,0,1036700,674016
86,000501,2017-10-16,0.010621348911311834,0.011683483802443106,0.406368812440291,20987.0,197974.54771380028,2149,78607756,84603440,1868180,1193064,10333272,7556501,12014356,9090624,17314954,12061729,5221361,10778006,4685428,8730562,4139050,4822009,23031155,30370945
87,000502,2017-10-16,-0.0342522974101922,-0.028404344193817876,0.4616308191308444,12771.0,65948.88040005541,672,18013816,5764466,474301,495769,3649598,2492133,2898389,1376475,5238093,1057046,2852341,0,649670,343043,828344,0,1423080,0
88,000505,2017-10-16,-0.03495311167945436,-0.025575447570332588,0.3244482714856354,22990.0,118517.4886375261,1308,46479236,33795256,860680,595383,6415975,6615441,6016398,5818843,9001135,7793778,6977836,4469282,4164481,3155810,1875247,460486,11167484,4886233
89,000507,2017-10-16,-0.021818181818181848,-0.020909090909090988,0.20674031160639703,32835.0,282832.8818971485,2834,125167126,139661345,1356317,1410578,14199520,13225834,15693027,14704971,25584194,23686388,14205594,15781527,10466570,14978372,5916549,7095576,37745355,48778099
90,000510,2017-10-16,-0.028836251287332804,-0.021627188465499603,0.28693193970973446,13467.0,76349.95382243863,1145,26128007,13780369,1293251,1139413,5598356,5970171,4353561,2423763,4868331,1521109,3745175,0,1025733,1138828,484968,499277,4758632,1087808
91,000513,2017-10-16,0.016302462712452392,0.020291363163371434,1.1421311908574963,52290.0,206034.8132048252,2551,146062464,139725032,812043,709331,12621420,10174738,19874104,16512264,23688249,26954648,19872041,18157739,14565590,14306276,10824403,9824573,43804614,43085463
92,000514,2017-10-16,-0.015306122448979553,-0.015306122448979553,0.21238517954652686,11640.0,77663.05442310117,1363,30847973,14462747,1397341,1150897,6924173,5656304,5890639,2544480,6680553,1435030,2031272,1993038,2733853,675558,1720726,0,3469416,1007440
93,000517,2017-10-16,-0.013824884792626668,-0.009216589861751112,0.1145852441578394,7776.0,115030.70741573122,1439,31114662,15592530,1600885,1065341,9357799,3665087,3417816,1403591,3181511,2015790,946732,1286331,2079919,741123,2723967,1308939,7806033,4106328
94,000518,2017-10-16,-0.01844532279314881,-0.01844532279314881,0.29574733963261607,8250.0,40492.48287627371,658,10101388,3717174,951370,521180,3659610,1781784,2133400,624410,1771132,403978,1102126,0,0,385822,483750,0,0,0
95,000519,2017-10-16,0.008071748878923701,0.0017937219730941312,0.2369554547821581,22280.0,113334.10920418799,2215,60092348,62859564,1257596,1310231,12146031,10692476,11589294,9754243,14157794,12421051,7668688,8158127,4494662,2650244,2225440,4336306,6552843,13536886
96,000520,2017-10-16,0.007366482504604033,-0.0036832412523019054,0.13193553236081815,15232.0,144710.5384817602,1697,46611814,39879578,1520113,1256813,7177454,7125479,7097653,5964303,8300154,6840558,5509373,4978435,3371921,2195012,2191212,900021,11443934,10618957
97,000521,2017-10-16,-0.016920473773265776,-0.015228426395939021,0.18882190163557866,8775.0,96025.51245478267,980,19045934,16124131,743995,1024047,2832998,3813850,2551245,3927898,3308054,2140053,2637189,746021,397023,1124085,2645202,919172,3930228,2429005
98,000523,2017-10-16,-0.023711340206185483,-0.02268041237113394,0.2763847268677147,14535.0,105800.87422629265,1232,30968187,20634742,1262850,1074904,7086097,4737310,5894216,3089625,6548285,4046159,1987477,1807831,1363942,316848,2280740,916764,4544580,4645301
99,000524,2017-10-16,-0.022727272727272596,-0.015151515151515138,0.43603175611411954,6485.0,41573.875031583775,916,10879451,6386531,573880,1151977,3427740,2392725,2269059,1107079,2251367,1038510,1462090,282480,304795,0,0,413760,590520,0
100,000525,2017-10-16,-0.013128112267994485,-0.004074241738343143,0.5009737340078092,17536.0,110186.67504473553,1945,43299466,47392490,2514449,848803,9182313,7910783,7672840,5730561,10977952,12430831,4631663,5621608,2394455,2185628,2300314,1815573,3625480,10848703
101,000528,2017-10-16,-0.014145810663764857,-0.01196953210010876,0.18402649708459867,10087.0,173519.4063105068,2497,48812718,58574270,2341479,2111418,9054500,10657810,7679806,10366470,7022296,8596622,4147975,3902088,2437512,2749750,5041217,2649803,11087933,17540309
102,000529,2017-10-16,-0.031727379553466495,-0.021151586368977626,0.2982398315355955,6728.0,51329.07471903108,814,9443228,5992262,1454192,712830,3032888,1681087,1201736,1426411,1340808,251974,1065360,0,316200,684494,428000,0,604044,1235466
103,000530,2017-10-16,-0.016150740242261152,-0.02288021534320317,0.18392955641512748,7340.0,87711.14698861836,1633,31229363,27082450,1113418,3095695,4429813,5422883,3417393,4698695,5257295,4602658,3557173,3662067,2735139,2540489,3680618,1332061,7038514,1727902
104,000532,2017-10-16,-0.0369030390738061,-0.026049204052098318,0.4600098145193562,13705.0,62361.14775227836,902,19023763,10735467,650502,853552,4264228,3713853,4349646,1625827,4534704,2683400,2715623,241500,0,705101,1251632,912234,1257428,0
105,000533,2017-10-16,0.005893909626719207,-0.0009823182711198308,0.4355571350724155,10190.0,268790.94222591043,546,20268883,10350333,392510,466178,2641594,1419487,1669249,948563,3067539,1148683,1672414,1098478,0,1414185,455616,479958,10369961,3374801
106,000534,2017-10-16,-0.00546075085324238,0.013651877133105783,0.5567606373679174,7240.0,105578.98836134758,692,9874092,11243958,1242044,278259,2688225,1465109,2040144,1032903,2481598,802058,502593,275420,0,0,407928,0,511560,7390209
107,000536,2017-10-16,-0.012152777777777679,-0.00868055555555558,0.16086304551769293,11460.0,77207.90062044356,1283,29663348,13684037,1618527,580953,8011251,2792547,4444762,2377022,5646443,4317625,901060,2156970,621718,312800,3501407,0,4918180,1146120
108,000537,2017-10-16,-0.025000000000000022,-0.025000000000000022,0.3209104466996352,22356.0,212542.82531022202,1597,91855296,53362174,1370417,973744,5254901,7038260,6338995,5934963,9804670,9799532,8494537,6944748,6958885,5228843,4838667,2747839,48794224,14694245
109,000538,2017-10-16,-0.0008766162612315886,-0.0036160420775804836,2.0263509198667102,54660.0,295500.6603648203,2028,163306325,115881538,1308964,1974652,7820601,8692016,11489786,11316540,26995134,15284298,23023591,13915693,10607339,6239176,10791675,9096959,71269235,49362204
110,000539,2017-10-16,-0.007619047619047636,-0.0019047619047618536,0.1885775987746832,4192.0,103069.7938706541,775,7573236,5484735,465893,1671481,1529162,1524366,958233,586496,868787,1089717,252190,200025,360702,0,415008,412650,2723261,0
111,000541,2017-10-16,-0.023231256599788863,-0.022175290390707536,0.2143730596744965,13875.0,107971.0405441409,1953,62325866,27430627,1934801,1701561,9342323,7052279,9909230,5852996,12090185,4693045,7790708,3034996,1615530,1766559,4548753,961893,15094336,2367298
112,000543,2017-10-16,-0.01748251748251739,-0.013986013986013957,0.18627471376645816,11480.0,191290.15954478245,943,36775063,14303013,1020899,529514,4891528,3036464,3258754,1911312,3763838,2448622,2774493,1438089,1079064,1328439,1295557,0,18690930,3610573
113,000545,2017-10-16,-0.02280130293159599,-0.014657980456026065,0.15861882682147863,9760.0,95787.09312562438,1500,34565453,18984241,1060712,1477997,6439604,4369328,6381063,4301023,6174166,3195526,4016013,1264344,2764195,1289564,1282626,0,6447074,3086459
114,000546,2017-10-16,0.04959785522788196,0.028820375335120607,0.39964607907523525,16967.5,153467.27200044037,1396,29914946,51211395,1094845,1154585,5987006,6713667,5531659,7070617,8623226,7426511,2938843,2857624,1286712,3632201,459000,2730761,3993655,19625429
115,000547,2017-10-16,-0.013617021276595809,-0.006808510638297904,0.23921914857280302,27002.0,154446.9254588408,2414,92085085,86384651,1201104,1459977,11679164,13619325,11987136,13642105,17627922,18330831,9325796,9064193,6755633,4452795,6369999,3131037,27138331,22684388
116,000548,2017-10-16,-0.02962962962962956,-0.030864197530864224,0.22147495163157743,13387.5,100773.78737669342,1338,34686177,17892587,1036115,1526613,6575806,5863586,4839986,3374778,5773952,2485435,6016625,1518032,2997114,325003,1702444,427140,5744135,2372000
117,000550,2017-10-16,-0.02010285179990645,-0.01589527816736791,0.5353876086658433,16968.0,94124.81237984911,1596,44813532,24561014,1589038,761274,9906143,7215608,7574100,5213137,6868632,3657763,5704643,3382433,2016424,1653859,3466558,861784,7687994,1815156
118,000551,2017-10-16,-0.028717948717948638,-0.02051282051282044,0.28504213085700775,19100.0,126336.21817070921,1170,43101979,18329653,1547455,623632,6986913,4098130,7149809,3395743,8970502,3872857,3663614,2902158,3359681,1259726,3998745,1348358,7425260,829049
119,000552,2017-10-16,-0.015075376884422176,-0.015075376884422176,0.08773827745798903,3519.0,75167.86032664975,2069,24239970,20302811,1342002,2487832,4239019,6437342,2440317,2595402,3916345,3059389,1873765,1203303,2471229,1786137,816941,448056,7140352,2285350
120,000553,2017-10-16,-0.023489932885906062,-0.010738255033557076,0.30994153581241984,29620.0,386778.27950789506,2313,115989505,118676024,967170,1497329,9759708,12286990,9944998,11889020,16595691,20357043,10973667,13540415,10004270,13796399,10294967,8028597,47449034,37280231
121,000554,2017-10-16,0.00401606425702794,0.012048192771084265,0.23498123041772565,22297.0,143579.6726416647,1798,63098158,63786815,1176672,1125806,9761698,7582256,8467246,7568299,10090125,10534039,8427735,8202934,6246834,6012528,3987892,4461879,14939956,18299074
122,000557,2017-10-16,-0.006849315068493178,-0.006849315068493178,0.1675952226285182,11720.0,60432.71002773902,1215,21799748,18513396,961460,1337060,5273767,4863628,4225765,4631016,4968523,4138116,2601031,2178190,1095042,1365386,887230,0,1786930,0
123,000558,2017-10-16,-0.02911208151382827,-0.02765647743813693,0.17312214551020866,13380.0,201344.7394444253,1577,51724512,30719303,1020101,1823187,6527321,8345914,5026258,4911936,6737153,3417565,3095642,3018653,2009410,666249,1825216,1374824,25483411,7160975
124,000559,2017-10-16,-0.04173622704507507,-0.029215358931552582,0.23182557496795622,34278.0,213177.7738265917,2673,150357152,88874735,1047196,1314228,12517133,14230813,14794941,13806611,24724579,19635268,19094648,12319946,20515376,6722534,7995465,5718002,49667814,15127333
125,000560,2017-10-16,-0.05263157894736836,-0.01952461799660432,0.22119583116884742,43549.0,494757.3422066978,2845,232146363,190325258,941572,1215314,11775139,12870403,15821477,16457747,25101621,25365529,19783716,17396646,16021353,16609815,16644979,12646446,126056506,87763358
126,000561,2017-10-16,-0.024597918637653704,-0.014191106906338735,0.2554387000774915,16005.0,118639.35837342612,1713,37913879,34131998,939108,1551930,7663018,8668798,7280167,6916454,8631244,7248402,3330965,2911413,3476047,1042476,916898,463468,5676432,5329057
127,000563,2017-10-16,-0.011278195488721887,-0.009398496240601628,0.12114331238833355,5270.0,111772.03677487416,1933,38120004,23500883,1675713,1507464,5433560,5087775,4343452,2789968,7940074,3550242,6070871,2390402,2021670,0,0,2646443,10634664,5528589
128,000564,2017-10-16,-0.008474576271186529,-0.011864406779661052,0.1309286390360109,12390.0,81068.8732563052,2035,49642466,29712155,2015568,1364798,10289658,6923218,10384129,5091467,10480160,7302288,5253529,3102929,4465842,3328729,0,425544,6753580,2173182
129,000565,2017-10-16,-0.020342612419700146,-0.020342612419700146,0.3345175010416248,9310.0,66892.61751803031,779,17055713,7036657,1148388,805922,3738273,2194026,2930468,1919971,1378509,1499096,2934572,0,1435520,617642,2094524,0,1395459,0
130,000566,2017-10-16,-0.03223388305847075,-0.020989505247376306,0.4190211237439039,19710.0,170467.72845903112,1013,59049158,21851158,850522,583597,4792096,3561735,5100654,2853294,10018284,3370633,7510642,2991380,4046388,1690084,3166058,2243290,23564514,4557145
131,000567,2017-10-16,0.003381805884342226,-0.002029083530605269,0.8508002689119804,26422.0,180346.58017900222,1208,44976861,42842672,757914,835203,5295584,6246391,6124824,6397426,7699621,6760733,2556896,5599733,2057984,2358178,1739696,1339559,18744342,13305449
132,000568,2017-10-16,-0.020893494139629598,-0.025310005095974142,1.1265818311361955,53248.5,289551.9159744164,2732,217820953,137234651,780672,809711,11306744,11507731,21118542,17878237,34026308,20167724,18677599,20001539,19973127,15141975,13422113,8651551,98515848,43076183
133,000570,2017-10-16,-0.027972027972028024,-0.016783216783216814,0.3230650588332145,13528.0,45166.35349421435,489,9972039,3028145,598922,320707,3191603,1431935,3024518,555720,1599539,481223,952825,238560,0,0,0,0,604632,0
134,000571,2017-10-16,-0.02506963788300831,-0.012534818941504211,0.23194023256338547,12189.0,102998.44138010459,958,25640983,13206946,711467,1072160,4419419,4149258,3383204,2408078,4152786,1577600,2393035,1416486,2130071,1014787,856800,816831,7594201,751746
135,000572,2017-10-16,-0.035472972972972916,-0.013513513513513487,0.10414485741584466,50652.0,680329.577509781,3248,289394438,253497416,1352509,1378821,13905408,12056730,20153408,17511767,35474903,31504667,28228381,20185935,21717280,18140230,14992984,13236165,153569565,139483101
136,000573,2017-10-16,-0.018242122719734688,-0.018242122719734688,0.18481634732016974,7200.0,55410.120930036115,1065,20501266,7645469,1699975,1008777,4457005,2328152,3950381,2074589,4207111,1345951,2451704,209568,1986926,678432,472800,0,1275364,0
137,000576,2017-10-16,-0.004184100418410108,-0.012552301255230214,0.8735370958579194,14899.0,153611.29032191672,366,9617615,9360798,492193,222077,2746265,1049191,1420504,625706,847059,225277,453889,407745,0,389629,0,423680,3657705,6017493
138,000581,2017-10-16,0.010379241516965898,0.0059880239520957446,0.4688207265256478,40456.0,271328.88395404303,2856,166222276,186676357,1110114,503207,13586230,13127013,18390690,14220472,28325277,20004355,23655931,17437532,13526267,15916040,5364495,10739927,62263272,94727811
139,000584,2017-10-16,-0.010932475884244397,-0.00836012861736335,0.41557823371594094,30860.0,203417.18366135415,1401,60425096,48800198,875002,597120,11211007,5137092,8336241,6857561,9052580,8229266,3729627,5014111,3987837,3385384,5917102,2273447,17315700,17306217
140,000586,2017-10-16,-0.01835317460317465,-0.019345238095238138,1.1337897463957796,9855.0,107178.86063993466,316,5422662,4653703,311485,396726,847289,1146537,1566053,299607,474075,746550,0,526680,305970,0,0,0,1917790,1537603
141,000589,2017-10-16,-0.027075812274368283,-0.025270758122743597,0.16206434546502177,10860.0,130591.24121094162,1170,35085422,17074291,659478,1477219,3537552,5272219,4059327,3475938,4972736,2385210,2676736,280188,2414178,614945,2270855,472293,14494560,3096279
142,000590,2017-10-16,-0.038224414303329124,-0.027743526510480843,0.7108091873446836,15890.0,78708.77172181127,520,15017048,6442028,470700,508867,2566140,1957689,2368104,1481142,4617121,1761891,1615518,732439,779180,0,401000,0,2199285,0
143,000591,2017-10-16,-0.027027027027026973,-0.019077901430842648,0.1457016887468421,12460.0,109187.7486031745,1867,54007232,29776410,1652927,1815105,10325249,6043895,7043740,4692139,10607858,2509964,5171890,2662139,3140675,1999922,3530439,1316557,12534454,8736689
144,000593,2017-10-16,-0.028428093645485042,-0.020903010033444858,0.44834315880228315,11880.0,131829.586202933,711,21111652,14144636,655315,443860,3171465,2659894,3438860,2212129,2011773,2327502,4118215,945598,2523661,2054424,916504,828813,4275859,2672416
145,000595,2017-10-16,0.03947368421052633,0.03947368421052633,0.12076561602320866,16590.0,199431.47048369635,1943,60900063,54775632,2013903,854844,9529987,6379555,10663356,8236289,10051743,10983909,4572117,6905362,2818824,2260856,2221178,3109734,19028955,16045083
146,000596,2017-10-16,-0.019407558733401387,-0.021304538158470887,1.5010020720570472,34050.0,212743.29912555066,2087,116727916,91632044,1171789,1269590,10242908,10326333,12218755,9824101,18342432,11728401,12869341,14120932,11155833,14261516,8686284,6158090,42040574,23943081
147,000597,2017-10-16,0.007627118644067732,0.016949152542372836,0.24713573976260592,36150.0,264173.7996223245,2284,112353521,140840448,1184942,1091648,10693458,9526822,14026695,12269251,18075292,16148395,13963564,15754699,10904684,10839664,7764166,5283624,35740720,69926345
148,000599,2017-10-16,-0.02377414561664193,-0.0193164933135217,0.21238545904313905,13260.0,119649.78398857066,1004,26239852,13033411,729987,1039302,4318675,5242310,3158680,1989790,3933408,2142595,2629940,1158518,1129229,0,1795517,417206,8544416,1043690
149,000600,2017-10-16,-0.038808664259927794,-0.03429602888086647,0.20439931239264017,37345.0,260275.2290235727,2941,171569614,138624484,981061,1637585,12289249,15514512,17018193,18596298,25021264,25285315,19756412,13210093,16219245,10550053,11278875,10401397,69005315,43429231
150,000601,2017-10-16,-0.009333333333333416,-0.009333333333333416,0.2732228262339774,7460.0,78878.95688568978,753,16731658,6854772,792167,444802,3370051,1852095,2506667,1120548,3090036,855140,1470034,894714,2910949,315750,427108,0,2164646,1371723
151,000603,2017-10-16,0.0007225433526012459,0.0021676300578035157,0.32112319717561555,2748.0,51507.01257953651,1858,14011864,18780130,763148,2742961,3904912,3345280,1765457,3050652,4092087,4314701,2104962,1450106,1381298,1623811,0,0,0,2252619
152,000605,2017-10-16,-0.0406130268199234,-0.04022988505747127,0.5727169286302843,25540.0,192050.87628685375,2078,97168370,56601688,448911,1347265,9660114,12119278,12382065,12004203,14792778,10626735,9440658,4246240,6888796,3799091,3088877,975348,40466171,11483528
153,000607,2017-10-16,-0.018292682926829062,-0.01585365853658527,0.22724030789291166,16280.0,99187.3805547665,1303,39560066,22596027,1094113,1163569,6689239,5426808,8403923,3997767,7917559,3003271,4127278,1518370,2186111,1956831,2149853,859727,6991990,4669684
154,000609,2017-10-16,-0.029146426092991007,-0.029840388619014502,0.4686443183295245,14140.0,63444.739938987484,945,20712544,9870071,1319690,469862,5154574,3355722,4000238,2393166,3722895,1336170,3095601,817191,665340,646470,440946,851490,2313260,0
155,000610,2017-10-16,-0.003759398496240629,-0.0015037593984963404,0.5435392597617799,19920.0,67164.55363706553,598,13007203,13916200,527078,328083,3702415,2172325,2444885,2742773,2627735,5289592,2066296,1732757,706200,716870,932594,402600,0,531200
156,000611,2017-10-16,-0.0225653206650831,-0.028503562945368155,0.2997176394262495,9756.0,82774.59900436676,789,20314766,7375253,868124,939759,3163179,3110360,3325589,1668172,4852236,864181,1690184,460327,2059902,332454,424440,0,3931112,0
157,000612,2017-10-16,0.014634146341463428,0.0029268292682926855,0.24514789978163576,21252.0,104815.20818865589,1750,54416712,37880066,964166,1071567,9338124,7471245,8632154,6741602,17769588,9477711,5613689,3905911,2693937,1935522,835979,1710193,8569075,5566315
158,000613,2017-10-16,-0.025341130604288442,-0.023391812865497075,0.33461313175104834,11043.0,98173.45145567256,940,21248099,12464791,641755,889847,4138658,3972693,2476588,2606610,4437114,1450739,2718279,1278787,1291823,619498,1384663,419020,4159219,1227597
159,000616,2017-10-16,-0.032822757111597434,-0.021881838074398363,0.13971440690630035,9513.0,150923.3923817816,1071,33944063,20377695,1027700,1001973,4047891,3684946,4109054,2688348,3654696,3537865,3693220,881644,2884083,1665505,2181071,1291950,12346348,5625464
160,000617,2017-10-16,0.03376777251184837,0.03791469194312791,0.3575275244557243,14112.0,111517.18955396731,2232,46114314,63176783,2027965,1777067,9311863,8141758,8512560,8415085,9133997,13563038,3951221,7745533,4432179,6735698,1730671,907159,7013858,15891445
161,000619,2017-10-16,-0.02426160337552752,-0.022151898734177333,0.3933944669149359,12168.0,70899.35718248514,580,15400476,4698455,555313,642629,4196408,1634905,2653448,472798,2584509,823976,2536210,241947,692939,324800,1385800,0,795849,557400
162,000620,2017-10-16,0.015850144092218965,0.007204610951008661,0.14854192167447033,2800.0,31861.686865828826,2188,12624192,15449615,1756144,2214895,4735860,6321930,2644763,2877520,1814553,2186233,825351,655665,350500,654372,497021,0,0,539000
163,000622,2017-10-16,-0.05343511450381677,-0.05343511450381677,0.16077310939799824,12640.0,156971.87433928438,1671,34982925,44185295,1242839,1515548,5954106,6088059,6138625,5194997,8725455,13101688,2796544,4246930,2705994,1668273,431314,1939894,6988048,10429906
164,000623,2017-10-16,-0.018213356461404984,-0.013876843018213347,0.48386893884564647,25278.0,201046.97166430962,2271,106932994,87075812,1821259,1184513,11224507,10339417,11727566,10527097,17871368,12334342,13766423,12878852,9560247,4487592,8406558,3054574,32555066,32269425
165,000626,2017-10-16,-0.027972027972028024,-0.026806526806526842,0.43667876314661974,23352.0,161157.4377542489,1545,66076276,41017758,719384,1404794,6088663,8072515,7196177,7187443,13065977,9030827,6489528,3132856,6882717,2433903,5070967,2312210,20562863,7443210
166,000627,2017-10-16,-0.01098901098901095,-0.00879120879120876,0.1991709155156915,15385.0,94737.2658554469,2089,53873427,38871530,2025868,1797225,9800914,8821770,10248871,6157807,9879917,10187963,4746815,3131312,4567653,3347615,3674552,861583,8928837,4566255
167,000628,2017-10-16,-0.021526418786692814,-0.018590998043052975,0.3897146810611048,11043.0,59422.92691613649,687,15523022,7280570,635128,434239,3487366,2034442,4082608,1493850,3830415,1429831,1249204,1019448,363810,344080,1224751,0,649740,524680
168,000630,2017-10-16,0.02622950819672143,0.022950819672131306,0.0582227748995376,17632.0,556669.8778030034,2780,155094366,303238045,2256896,1774915,11588304,9954998,9714943,9154943,13711759,14393229,10686910,9569647,8836582,12595797,4959893,7670313,93339079,238124203
169,000631,2017-10-16,-0.009803921568627416,-0.01225490196078427,0.12002183221646955,6851.0,144981.2712820815,1157,27865120,17795273,1378759,570535,4206225,4145324,2706837,2106671,4378500,2965849,3260716,1814370,2769644,350377,2128712,1836631,7035727,4005516
170,000632,2017-10-16,-0.00688705234159781,-0.005509641873278293,0.25854856479763494,12435.5,109959.95995759427,790,21340573,19605126,782988,549612,3510870,1922703,3038485,3034499,3739200,2968567,1869684,6115690,734830,995395,859690,1379145,6804826,2639515
171,000633,2017-10-16,-0.008733624454148492,-0.0021834061135370675,0.28983233007436066,9943.0,52446.645840223195,999,14216562,11094837,1113406,1032416,4827270,3900011,3110363,1986506,2257161,1125731,1068304,866512,1367511,978710,472547,0,0,1204951
172,000635,2017-10-16,-0.026805251641138006,-0.02297592997811826,0.5253032612251455,14632.0,71213.4023155982,1211,27914391,12709476,1093831,1307881,7057713,4685860,5588197,2354524,5655071,3533895,2151149,523868,699736,303448,495673,0,5173021,0
173,000636,2017-10-16,-0.04948453608247405,-0.043298969072164906,0.20177173723298245,24087.5,145538.4991889179,2314,98470739,64144529,1723617,1868391,9526831,10544136,13039062,9519768,17579605,20854634,15162531,7588186,6856453,3148325,8957059,3243883,25625581,7377206
174,000637,2017-10-16,-0.01008645533141217,0.0014409221902016434,0.18113104070328995,4182.0,78584.18063765009,1469,19046391,22008200,864696,1349689,3899270,4323685,4000482,2926604,4656120,3245230,3070073,2083447,337511,676548,0,1744218,2218239,5658779
175,000639,2017-10-16,0.0023169601482855295,-0.0050973123262280096,0.707196531349637,15050.0,149377.8137198806,931,23330989,20891567,632065,766641,4415113,5010616,3690145,2170806,3900945,1965646,2442921,1623516,2452725,1024963,2675660,1761275,3121415,6568104
176,000650,2017-10-16,-0.021276595744680882,-0.021276595744680882,0.14616070506850481,8386.0,121460.97435174118,1750,48991749,17471160,2658566,1168438,8324497,3996636,5916621,3576888,7832501,1972913,4422495,2153511,2006133,310878,5877326,403596,11953610,3888300
177,000651,2017-10-16,-0.019120933697541642,-0.006953066799106011,0.6747396900094592,241320.0,972986.1590728471,3562,914932575,827885689,204788,189231,5537298,5870768,14961987,15064029,49937507,44506573,56336753,52836084,63255310,49637913,52929016,61079817,671769916,598701274
178,000652,2017-10-16,-0.022556390977443663,-0.022556390977443663,0.14063640244962727,9281.0,129081.60250834245,1433,37356328,14580998,1294431,1022737,4860327,4579982,5164225,3611627,4364649,2663856,6270240,1642550,1263835,1060246,4092288,0,10046333,0
179,000655,2017-10-16,-0.004750593824227933,-0.004750593824227933,0.25750386362280375,15960.0,76072.69178846612,1069,26015901,19239361,702579,1131249,4757943,5333256,4869330,4090042,5583932,4543639,2931977,2110874,2409359,682363,2209371,1347938,2551410,0
180,000656,2017-10-16,-0.014000000000000012,-0.0119999999999999,0.12634148591702674,9462.0,104586.2208106355,1569,41216872,18775452,1999862,1600574,7286237,4110065,5360737,1950177,6416692,2186573,5449208,2163852,1888196,1079465,2383844,1450123,10432096,4234623
181,000657,2017-10-16,-0.0013821700069109877,0.0006910850034553828,0.3608578846451488,18564.0,82870.25308531607,1608,42242120,32495124,931446,1478182,8048393,8337154,8092656,5931195,9984998,8512833,5193903,3590990,2783463,1998684,1704036,457691,5503225,2188395
182,000659,2017-10-16,0.0,0.0,0.15872128371737612,10400.0,98250.83223502849,635,11286805,10452575,614838,441382,3122785,2523363,2223038,1015477,2085578,2473410,1334166,951200,0,0,0,400582,1906400,2647161
183,000661,2017-10-16,0.00684410646387823,0.002217997465145727,4.31426550127416,63448.0,355073.3673172423,1338,123853770,104061147,49038,9491,7492453,6093062,8456806,6744943,18530451,8820630,11528428,5478616,11522825,6534660,7742472,5970109,58531297,64409636
184,000662,2017-10-16,-0.0337349397590363,-0.030120481927710885,0.4538736041508595,9846.0,86440.06067793987,1338,35099122,19148729,940776,1626719,4782897,4464220,6011323,3694932,10708874,5168078,4013502,1179096,2101479,1047162,2323054,0,4217217,1968522
185,000663,2017-10-16,0.0092592592592593,0.0092592592592593,0.5579328108071507,15395.0,65878.6564450303,734,15248576,13558586,446919,700059,3271836,3075932,3874385,2602465,3180250,3991469,2411838,1280692,1041254,1328594,469700,0,552394,579375
186,000665,2017-10-16,-0.019966722129783676,-0.01580698835274541,0.40972845335594366,13090.0,89358.7017175664,860,22061782,9543508,647111,607395,4648562,3407392,2974911,2702531,3050805,1988021,1950295,484745,2523069,353424,1310883,0,4956146,0
187,000666,2017-10-16,0.007515265382808778,0.006106153123532243,0.4882742073723715,32085.0,191648.03589349156,1901,74200185,96547111,620838,1102360,9373799,10001626,7654067,11491174,13481703,16340913,9207289,11480856,2139655,5671736,8355150,6833019,23367684,33625427
188,000667,2017-10-16,-0.008823529411764675,-0.008823529411764675,0.0900627524504039,2366.0,54696.70179885058,1430,17553682,6481952,1454679,531696,4933347,2195221,2616624,468180,4459337,549171,1328831,224400,0,1006358,1341615,0,1419249,1506926
189,000668,2017-10-16,-0.023878858474082665,-0.02096680256260941,0.9248206266195833,8575.0,42154.75329261222,344,5889685,2146733,420287,178610,1508949,790217,1920892,351941,1045179,505245,688378,0,306000,320720,0,0,0,0
190,000669,2017-10-16,-0.007375537799631293,-0.01413644744929321,0.4347610406291939,19260.0,118263.74499714578,1400,46682546,30456583,1081824,1102297,7874723,6062517,6014553,4834229,10441923,6777496,4428771,3059110,4205681,2986035,3471472,903529,9163599,4731370
191,000670,2017-10-16,-0.0442225392296719,-0.01711840228245365,0.13685890957473676,21210.0,111757.1746400722,2630,78692410,62796824,1870132,1971980,13081072,12129485,14463729,14044737,16346604,15068807,8543998,7071259,4458174,3249799,3038948,4958739,16889753,4302018
192,000671,2017-10-16,-0.02507374631268433,-0.019174041297935096,0.13272778495309182,20460.0,292556.7556099386,2616,126201119,120274716,913215,3237082,8631581,14344254,7463121,14533052,11685570,20081929,8474675,10902712,3087904,13357331,8728601,6169688,77216452,37648668
193,000672,2017-10-16,-0.02364532019704435,-0.017733990147783207,0.20523499987838714,16176.0,145166.3736644881,2447,64486368,63498542,1107661,3062518,8210215,13960435,10428918,10698610,10683654,13719079,5776046,5973810,5014952,2690467,1464711,3105992,21800211,10287631
194,000673,2017-10-16,0.0393912264995524,0.0214861235452104,0.33746845653787133,22420.0,113011.31531142183,1096,28207148,32311729,656513,554078,5648214,5861153,5579499,3493396,5993001,6111452,3402479,5047208,3399945,3214163,1781877,867710,1745620,7162569
195,000676,2017-10-16,-0.023859649122807025,-0.012631578947368438,0.3834665532081941,14110.0,98458.99503226622,1381,29254259,24499278,813430,1274847,6132694,6644988,4857264,3253532,5355076,4318242,4186399,2077129,2385528,1977190,3028188,2189136,2495680,2764214
196,000678,2017-10-16,-0.04214123006833703,-0.03986332574031892,0.2281920787733834,11205.0,81572.20978253434,1482,33845595,18792787,1348657,1813585,7668891,4798141,7227378,3691668,6236789,2906103,3231476,2110300,2817208,394397,453791,1329292,4861405,1749301
197,000679,2017-10-16,-0.020810514786418488,-0.020810514786418488,0.3449464211575296,9070.0,54810.292037158826,700,12382671,5466031,1036381,621904,2955281,2486994,2622623,1365730,2459886,696122,699428,295281,0,0,858119,0,1750953,0
198,000680,2017-10-16,-0.022413793103448265,-0.01724137931034475,0.15515165001485698,11001.0,80097.7571099049,1399,30123610,16941755,1367477,1183939,5666405,5166039,5762836,3411268,5977321,2576120,2595975,1177467,2109698,1007876,869137,1258546,5774761,1160500
199,000681,2017-10-16,-0.020874751491053778,-0.03528827037773363,0.44805950753982854,9735.0,115663.16328545175,2020,52188040,23877483,5408613,778071,8648248,4949107,7443553,4389226,8990927,3948390,3801838,1992159,3143191,2027969,2704354,907162,12047316,4885399
200,000682,2017-10-16,-0.02025782688766109,-0.018416206261510082,0.1787543304273899,9061.0,64593.603031524464,923,18288891,9018459,783884,952379,3739596,3055640,3442202,1078135,3532349,2025209,2473943,812500,645644,1094596,931435,0,2739838,0
201,000683,2017-10-16,-0.012345679012345734,-0.012345679012345734,0.06989755026104448,13482.0,135564.24625838653,2165,76115868,33212152,2177273,1484058,11683613,6667326,10160541,6245120,11071952,4222523,7318783,2989674,7289754,1376095,2075543,1207540,24338409,9019816
202,000685,2017-10-16,-0.0162308385933273,-0.0162308385933273,0.2860552667740326,11050.0,107417.6417305544,1503,43193609,24338689,1369845,533091,6238103,5004620,5178588,6184181,7490030,7377973,5835057,2676198,2782981,706013,2097496,465600,12201509,1391013
203,000686,2017-10-16,-0.025096525096525046,-0.010617760617760541,0.22474453154330118,10380.0,147743.16723813015,2126,61934614,52531113,1368469,2163005,7510294,7789145,5815445,6508768,8436242,8577730,7240130,5130162,4325309,5418919,3207443,3914268,24031282,13029116
204,000687,2017-10-16,-0.013139695712309885,-0.011756569847856224,0.35518181780457797,28600.0,131811.4543531434,1658,65159383,49621294,843583,878708,9224003,6766927,10931097,7424226,13874020,12598158,8124685,7044853,4410576,4402176,4517110,2867163,13234309,7639083
205,000690,2017-10-16,0.005031446540880502,-0.0012578616352201255,0.20823055883154948,14346.0,110561.35341651774,1459,28099286,44534522,837280,1588855,4961075,6469871,4335572,9864564,5552663,7122409,4052165,4677364,3520193,3400192,3255896,870230,1584442,10541037
206,000691,2017-10-16,-0.01058201058201047,-0.005291005291005346,0.4119064822424851,10272.5,33572.058211351075,336,4207303,3097518,405278,184209,1810393,1063768,1568026,460984,423606,1082157,0,0,0,306400,0,0,0,0
207,000692,2017-10-16,-0.02342606149341142,-0.02196193265007329,0.2566438485288729,13370.0,74974.57055918178,708,16133759,10055052,383879,718983,3136965,3412855,3025727,1313072,2370484,1736928,3523204,789911,922412,607697,931072,895114,1840016,580492
208,000697,2017-10-16,0.0,0.001544401544401719,0.6068686112255549,28275.5,138363.5368638194,1822,68659328,67195835,848950,945393,8225855,8931783,11493124,9607976,12338448,13965457,10244414,10183294,5801477,5283531,1740064,3930651,17966996,14347750
209,000698,2017-10-16,-0.028273809523809423,-0.02083333333333326,0.24984231715833494,13180.0,101542.0231067362,723,19233169,8339653,654006,690445,2935630,3126389,3285182,2338174,3421521,1140664,1648992,690098,0,353883,885315,0,6402523,0
210,000700,2017-10-16,-0.02657342657342665,-0.020979020979021046,0.2038905385461499,17587.5,130009.699805665,1230,41452098,17775525,886506,1145034,7234404,5003669,6497912,3458268,4864795,2826860,3604847,1399619,2901886,1361280,3151831,859581,12309917,1721214
211,000701,2017-10-16,-0.03154574132492116,-0.021293375394321745,0.41171408215077804,13744.5,83813.92114630264,948,26019491,12425697,749057,744644,5381069,3709199,4468606,2105857,4847378,2857779,5015973,1969078,1761901,0,893378,416660,2902129,622480
212,000703,2017-10-16,0.0012674271229404788,-0.0076045627376425395,0.40933478615505875,7880.0,50497.36812032838,1488,19104860,11992902,2727971,968290,5481353,5567134,3035608,3001745,1848656,1111859,1460038,502890,1950534,0,1347700,0,1253000,840984
213,000705,2017-10-16,-0.017773620205799756,-0.013096351730589206,0.33385393650827333,10700.0,62936.80033803995,1025,15600066,11027643,807249,859089,4678177,3928168,2610541,2326766,3141632,1475858,2094837,695512,1307207,365598,413703,0,546720,1376652
214,000707,2017-10-16,-0.03197674418604646,-0.029069767441860517,0.18882676873688614,13380.0,118130.74457677141,1329,29972767,27080557,648926,1647631,5319292,6404280,4626549,4377908,5093640,4454216,3241365,915263,3704098,1358846,1335433,458950,6003464,7463463
215,000708,2017-10-16,-0.010256410256410331,-0.00659340659340657,0.4230262052364204,23069.0,142927.0294757694,1041,35110353,29749929,1011723,541767,4146923,4111786,5442670,8090744,5463067,5353041,5385287,2742550,2063913,1366285,1353917,2285155,10242853,5258601
216,000709,2017-10-16,0.0,-0.0022573363431150906,0.08001026533279318,30498.0,354156.22223990556,3085,201469852,200686904,1819257,1868464,14509933,12499370,15471089,15034970,25079730,20325178,13510416,19071192,15711937,9032792,19428522,11206044,95938968,111648894
217,000710,2017-10-16,-0.05169202111145599,-0.04082583048742627,1.4673642654993428,37284.0,236201.19755229936,1928,118458636,73865925,675924,1059247,8139289,9792330,12995795,11094640,19011579,13295262,11813106,8072502,9171188,9171411,8019705,5013432,48632050,16367101
218,000711,2017-10-16,-0.022666666666666613,-0.02399999999999991,0.3694274859481659,16533.0,116213.56330625773,1649,47012653,37540948,1139244,1044121,8847949,7395339,7162025,7155252,11686412,6306256,5273581,4331430,3397950,1625176,1408274,814610,8097218,8868764
219,000712,2017-10-16,-0.026493256262042464,-0.010115606936416222,0.4555912614868373,20950.0,141844.0548343965,2077,78553478,67616905,633192,1464634,9856470,8806434,9373724,7010015,16310742,11762011,13686138,9204406,7113968,6779101,7503639,4468879,14075605,18121425
220,000713,2017-10-16,0.008303677342823335,0.005931198102016699,0.23941348975172766,15399.0,85494.57923207335,1241,27853956,25913056,655782,1268030,4758585,5983636,5300907,4979441,5771851,4714548,4429427,3719028,4093592,970348,2262652,1292994,581160,2985031
221,000715,2017-10-16,-0.026435733819507812,-0.02370100273473108,0.44983610081922604,10910.0,56387.00936186973,594,12238827,6198113,585147,337395,3237360,1931639,2120662,1528460,3562983,1208348,752050,842831,1271686,349440,0,0,708939,0
222,000716,2017-10-16,-0.04403409090909083,-0.035511363636363646,0.14032923232791025,22374.0,333559.7435089601,2525,124639465,115539639,1336195,1759313,8523076,12361622,9784797,14274847,14351417,16687962,12029680,11268681,14336717,9039135,6840392,4806629,57437191,45341450
223,000717,2017-10-16,-0.001245330012453305,0.0024906600249068322,0.1495959848157691,41106.0,267989.52920055174,2887,171750730,196826658,1235251,1663679,11974737,13841128,14442303,17535534,21964725,26824529,25036471,23486365,16570334,18703136,10167698,11841170,70359211,82931117
224,000718,2017-10-16,-0.009025270758122761,-0.014440433212996373,0.12357669887206751,2770.0,119987.8413271932,2014,40327878,13867066,2168524,1609709,3938079,3256646,4271519,2073285,5172048,2732031,2849527,2998898,2239599,695815,1823118,0,17865464,500682
225,000719,2017-10-16,-0.015962441314553932,-0.012206572769953072,0.32787568321906574,6330.0,66900.5292642857,1055,17316129,11166955,939876,1332567,3544001,2769269,3635702,2260788,3105044,1886294,1928766,625283,1307673,316800,455567,466059,2399500,1509895
226,000721,2017-10-16,-0.04255319148936165,-0.037234042553191404,0.20006775648857134,10920.0,109544.95095614364,1414,35838304,21950731,893801,2068589,4448826,6585299,5013136,4080306,5921789,2264739,3848502,2082950,4234773,984765,1896475,468188,9581002,3415895
227,000722,2017-10-16,-0.0153721682847896,-0.016990291262135804,0.4000463278124008,15801.5,62253.768528392255,954,24595290,9307116,796581,712951,6905655,3718073,4990384,2343323,4345714,1671468,3352966,515596,1266260,345705,976000,0,1961730,0
228,000723,2017-10-16,-0.004474272930648726,-0.01118568232662187,0.24418935705924638,17680.0,140975.8080488968,1342,53784859,30710502,1269077,882652,7254474,4742984,6617558,4333598,9586100,5742594,6857809,2330766,3062148,1825124,2606417,1286871,16531276,9565913
229,000725,2017-10-16,-0.0038986354775827348,0.01754385964912286,0.08575317050045225,1172528.0,3249275.780061212,3599,3425942047,4450060485,1044,0,214597,603803,1755614,2034494,13184788,15834898,23549370,32918039,35954302,45379257,31008999,43583762,3320273333,4309706232
230,000726,2017-10-16,-0.004854368932038722,-0.004854368932038722,0.28232326127656865,6145.0,62262.756136173986,1918,25860963,18956091,2302025,1653486,7379893,4313788,3747115,3089769,3684479,3721457,4508693,1937799,785970,2064708,1287682,494400,2165106,1680684
231,000727,2017-10-16,-0.013745704467354014,-0.0068728522336769515,0.06119376940536417,14450.0,366251.73862865905,2284,107464903,84349778,1634443,1557171,9768994,9459562,8391733,6696897,10777031,7631445,8200065,6032178,7466082,2713492,2718614,1382797,58507941,48876236
232,000728,2017-10-16,-0.024513338139870222,-0.013698630136986245,0.25892566420182206,41034.0,286298.7196342384,2871,184693908,186687080,719512,2407740,9575929,14230822,13810419,18273227,23385217,32171551,19214849,16446514,15104761,14911747,11880036,11982086,91003185,76263393
233,000729,2017-10-16,-0.012158054711246202,-0.015197568389057725,0.1356494014784586,7800.0,98337.43941038464,2358,50917619,31310570,3373430,1498780,10087564,5661456,9457332,4539568,10233924,5851590,2230399,3067932,2983369,3859370,1317155,1257612,11234446,5574262
234,000731,2017-10-16,-0.026347305389221476,-0.015568862275448958,0.27102661715994547,16600.0,119694.86862912848,949,28829597,13188662,767425,891526,5000992,4407697,4527184,3431247,5032926,2197960,2139523,1139722,2117066,703010,980230,417500,8264251,0
235,000732,2017-10-16,-0.02232398397252433,-0.018889524899828203,0.4208086714441765,5154.0,85719.83687069827,1725,19965129,17044409,1629406,2027724,4285041,4852025,2436564,4831948,3975658,2780397,1459753,209088,700285,658190,1398598,487535,4079824,1197502
236,000733,2017-10-16,-0.007484168105929889,-0.0063327576280943765,0.35217017399411776,47425.5,417340.23405978276,2434,145064344,180941441,1189765,1034801,10934358,9769754,16658611,11288598,28046258,25666725,16970707,19796484,16916586,13962045,11479954,9424617,42868105,89998417
237,000735,2017-10-16,0.01622971285892638,0.029962546816479474,0.14970790996233027,48675.0,402939.80600441375,2877,224616635,240872726,1380083,1546436,9839605,13115324,16350479,17345188,23393849,26143025,26009693,20852741,15560196,15693557,16658887,10716892,115423843,135459563
238,000736,2017-10-16,-0.017681728880157177,-0.015717092337917515,0.3953032980588193,16500.0,150782.89881334855,1493,41122401,25204027,1126842,1250079,8689736,7309217,5959525,4829237,8312491,4842658,2531463,2230796,3046176,357084,1752506,448350,9703662,3936606
239,000737,2017-10-16,-0.04423380726698267,-0.042654028436019065,0.16084745473507614,13750.0,74844.89960524329,1551,31556710,22105884,1048436,1505669,7995135,6869400,6728353,5114996,4800686,4043039,4028051,1765476,1633278,660736,2229278,948380,3093493,1198188
240,000738,2017-10-16,0.00689995071463767,0.012321340561853189,0.394721209377474,41160.0,212517.00161121076,2643,124803805,150211477,807393,969407,12923477,13094354,14286704,15329111,22109697,26086789,18196124,20711849,13024857,10110372,11148660,16803842,32306893,47105753
241,000739,2017-10-16,-0.017038007863695914,-0.014416775884665833,0.25605949804101136,20331.0,58119.66946037719,889,22030557,12359566,920475,428203,6767546,1957589,6333770,2172828,4533413,6890857,679807,527304,1051800,382785,924148,0,819598,0
242,000750,2017-10-16,-0.011904761904761973,-0.008503401360544172,0.12852707292594237,9424.0,121481.7799679612,2098,51534601,39054974,1362758,2738747,8135315,7299646,6065521,6092430,6969903,6169547,5103325,4402120,4066600,1751657,931209,2216330,18899970,8384497
243,000751,2017-10-16,0.016778523489932917,0.016778523489932917,0.12342891323710799,17970.0,151427.27452126803,2337,81132482,78392770,1555517,1754748,11266812,9829409,10162644,9180639,14084525,11203778,10638442,6865981,6355017,8981746,3596135,6111396,23473390,24465073
244,000752,2017-10-16,-0.018881118881118986,-0.01328671328671338,0.5166352636208418,14365.0,93920.99929869882,766,17584634,12610453,665414,667079,3660747,4846586,2241805,2976056,2488285,1266785,3025043,294063,0,737696,480974,0,5022366,1822188
245,000753,2017-10-16,-0.02765957446808509,-0.023404255319149025,0.1440849962589045,9681.0,112754.45044107981,1065,25847403,15194934,872044,995009,5134665,3975022,3027258,2759806,2871136,2269886,3525428,1889444,1326240,318318,1280679,431957,7809953,2555492
246,000755,2017-10-16,0.03338391502276172,0.0273141122913505,0.1407368102639206,14280.0,208037.9599075863,2201,50465930,72514676,1592082,2005526,8801825,10243967,8538822,10952232,10053351,7870379,3046775,6870384,3788582,6237308,3056974,2589608,11587519,25745272
247,000756,2017-10-16,0.014835164835164782,0.0027472527472527375,0.3532061266449044,18710.0,150587.87018959175,2665,88413064,69832644,4328447,893129,15207635,9675856,12672783,9306073,16633482,13109738,8887953,9436727,8285548,6303296,4519742,3180450,17877474,17927375
248,000757,2017-10-16,-0.03289473684210531,-0.023684210526315752,0.22653326882207073,13770.0,70906.65928534072,1126,26858325,14152310,1181488,1069864,5931711,3949656,4253730,4136804,5106912,2224847,3836768,985540,3183179,1125539,1325035,0,2039502,660060
249,000758,2017-10-16,0.005319148936170137,0.010638297872340496,0.18309442244352966,16318.5,155610.97776293344,1688,45220153,53782073,1480730,1267305,8977027,6053992,8398192,6931275,10243230,7996358,5169696,5469368,3237030,3151944,1407786,2296380,6306462,20615451
250,000759,2017-10-16,0.009544008483563182,0.01166489925768821,0.2347388326349482,10270.0,83536.04223086275,1615,25836026,34366171,1281824,2572849,6754326,6571328,3949024,5554931,5660804,4540810,2668682,4302359,2211600,2469246,2332734,1854695,977032,6499953
251,000760,2017-10-16,-0.029381965552178202,-0.028368794326241065,0.29384158900584584,7823.0,77957.82580826952,1128,21400326,8801584,1742581,649400,4558386,2378381,4125763,2133115,4125169,1656154,2223837,776173,1719806,723362,953104,484999,1951680,0
252,000761,2017-10-16,-0.0016611295681062677,-0.0033222591362125353,0.1473422213863464,16996.0,124936.37667078641,1672,49935606,40501311,1384673,1010004,8082563,5314846,7384821,9586705,10029183,6361086,4758000,4651125,4523431,5073760,2711322,450295,11061613,8053490
253,000762,2017-10-16,0.0020811654526535772,0.01248699271592102,0.3596447287149844,44493.0,301015.64217772667,2858,179047390,177886338,1273011,1621069,12684870,13045071,16690797,16480523,28208026,27494029,20111664,21118093,14669478,16353860,13743870,10151699,71665674,71621994
254,000767,2017-10-16,-0.01412429378531066,-0.008474576271186529,0.12857825977055942,8207.0,83810.92346621209,759,16187491,14369012,636263,537435,2922124,1961428,2422046,1719583,3132646,4563606,1401411,3155198,1706733,1366938,1350903,0,2615365,1064824
255,000768,2017-10-16,0.020263424518743856,0.030901722391084352,0.3395227335193467,144059.0,643048.4465015098,3384,547303200,605158538,437047,506381,9031369,8436738,18490510,15810566,44815187,43018448,37805063,39049027,35712095,45815763,32779495,32446494,368232434,420075121
256,000776,2017-10-16,0.0,0.009498680738786236,0.3423342295814527,55273.0,447721.24403796735,3065,221127256,354807621,632161,2621375,11609234,14393412,15788562,17875012,24981433,33287687,21168835,27919551,19870516,25623021,13542563,20022005,113533952,213065558
257,000777,2017-10-16,-0.019551466359976954,-0.019551466359976954,0.5133518535975362,15561.0,178553.77446642137,1147,38354218,20433509,1052393,869882,5372908,4430861,3838721,3924175,6688972,5153181,2824047,697605,646303,1081095,1761329,0,16169545,4276710
258,000778,2017-10-16,-0.014018691588784993,-0.014018691588784993,0.11535465556512463,18328.0,170213.1477781603,3106,134464148,74277413,3225718,1184609,15601038,9856453,16759111,11247306,21797924,13487437,13552235,10987281,10469843,8813545,8023622,3493715,45034657,15207067
259,000779,2017-10-16,0.04408945686900956,0.04281150159744418,0.3764083974330763,17710.0,168065.86451895186,1736,42165679,64125289,1553058,1471588,7070473,7726120,6076714,7702020,10237933,13370644,4175712,3899460,5516086,5594907,2245062,5825118,5290641,18535432
260,000780,2017-10-16,-0.019193857965451033,-0.011516314779270509,0.20883869421296647,10270.0,90204.22126397603,622,16114819,6675810,345964,596357,1743673,2105269,2375934,1932159,2847552,1764853,2024051,277172,780889,0,889878,0,5106878,0
261,000782,2017-10-16,-0.011707317073170631,-0.012682926829268415,0.3534461279459991,18252.0,88317.67418953571,841,24333159,11599966,719435,436189,5132565,2909714,4032367,2637161,4574577,2295612,2244708,1243723,1745951,1224074,1789478,853493,4094078,0
262,000783,2017-10-16,-0.012269938650306678,-0.011247443762781084,0.19682347666335165,14520.0,177544.1904631854,2471,75300373,66914186,1373122,4158247,9055011,12163209,7819557,7838458,11255241,11796650,10558529,6995636,3897527,3593350,4578338,1340603,26763048,19028033
263,000785,2017-10-16,0.012842465753424737,0.012842465753424737,0.35400708751446563,16506.0,71717.6876600575,1089,19427403,29210471,819374,736748,4670842,4716071,4442317,5584784,5575395,8405256,1937830,4724655,1396645,2845506,0,472827,585000,1724624
264,000786,2017-10-16,0.0,0.0,0.640018750391562,17120.0,2744514.48528482,1117,283172570,0,1662773,0,10200069,0,7117284,0,9775792,0,6009111,0,7186120,0,5305054,0,235916367,0
265,000788,2017-10-16,-0.02399232245681382,-0.021113243761996192,0.3395934882594471,10420.0,49244.20203172679,941,15213863,11175610,515335,735142,4473126,3790387,3471833,2265177,4168240,2104242,1388316,1092965,633263,303114,0,884583,563750,0
266,000789,2017-10-16,-0.022405660377358694,-0.017688679245283057,0.2436006857258242,18634.0,114593.01106287129,1212,41088028,24294602,1134824,933121,7281525,4514240,6728080,5220325,5989456,5154891,3968951,2321763,3463378,1751517,4348948,1242181,8172866,3156564
267,000791,2017-10-16,-0.03283052351375326,-0.002661934338952898,0.191815115567638,103960.0,1149004.1771623588,3473,459398498,628301038,444338,595373,9913955,13904472,15648716,21594649,32657319,45626179,33396944,44217011,22677562,35973179,23985738,35691478,320673926,430698697
268,000792,2017-10-16,0.009293680297397744,0.006815365551424923,0.2767561082345073,117935.5,1731782.7101737335,3406,545277133,710830715,671643,810446,10135521,9904276,19447942,18303194,47393014,40060593,39039205,40667488,33663221,32451785,30020806,29814520,364905781,538818413
269,000793,2017-10-16,-0.015488867376573068,-0.011616650532429773,0.31457188654987234,10280.0,269492.0678587018,1078,33448013,25767649,901647,700303,4381411,3088024,3082217,2757932,5738329,3776466,3613548,3455083,626640,366715,1727365,821600,13376856,10801526
270,000796,2017-10-16,-0.04427266338721014,-0.03443429374560791,0.33233113255760655,14110.0,93234.80637873597,1834,42974029,28139943,1444400,1841459,9114212,8990517,8724740,6103457,7020654,4647012,4995509,2262706,2738632,692602,1317108,418656,7618774,3183534
271,000797,2017-10-16,-0.03593750000000007,-0.03125,0.31067253151789054,21029.0,127509.41870900273,1699,66226062,30792718,1133650,1045061,10444831,6495644,10108425,5602120,11819024,7939030,7111385,2716169,4837816,2523099,3566030,1316219,17204901,3155376
272,000798,2017-10-16,-0.006302521008403228,0.0021008403361344463,0.3410453022317062,12597.0,39357.44077610271,779,10449857,10733728,686804,971201,4554269,3018523,2936845,2458533,1832363,2995674,439576,943672,0,346125,0,0,0,0
273,000799,2017-10-16,-0.04948805460750849,-0.05119453924914674,0.505770605918272,84361.0,461706.8275128407,3359,379713730,303953564,417139,976667,8722877,15323369,17351818,25404393,40064852,45622603,35262857,38393822,25713973,28434461,23191985,18331320,228988229,131466929
274,000800,2017-10-16,-0.057720057720057616,-0.03896103896103886,0.24479352452081798,69500.0,385265.8912821943,3211,344721988,263068780,957005,966441,12003291,12736949,16030433,22178617,34817877,40307027,30823588,26782661,23935142,23388399,24457675,19140973,201696977,117567713
275,000801,2017-10-16,-0.05269186712485696,-0.049255441008018264,0.19871829491247991,19920.0,190385.99632743135,1933,80321165,42235271,1285519,1825029,8770166,10636676,9562720,7695437,12552344,8389703,7869653,4437863,4390038,1714200,6128993,1348203,29761732,6188160
276,000802,2017-10-16,-0.028553693358162602,-0.01862197392923648,0.37869651598534376,20579.0,110334.1572712419,1810,55534401,37508990,1127558,1473525,8966179,10154984,10612644,8274946,9362398,8243168,5217651,2920905,4928807,2759932,1803446,913500,13515718,2768030
277,000809,2017-10-16,0.002262443438914019,-0.002262443438914019,0.17979339301106456,13320.0,96710.23305046369,604,14589379,11138866,492086,489091,3342322,2410675,1308351,1449276,3211078,2255109,2494934,1479234,319787,1093146,444000,863248,2976821,1099087
278,000810,2017-10-16,0.0,-0.015510948905109623,0.3292292499231189,10930.0,98375.01590504612,1108,26291869,15118680,1002005,961437,5221503,4037978,4487252,3243873,4884182,3476843,2300904,1358974,1053792,307338,1340399,0,6001832,1732237
279,000811,2017-10-16,-0.023976023976024052,-0.018981018981018893,0.2787943512854934,19620.0,97458.18459921618,1289,41572364,19415935,1317653,1272789,6765628,6658738,6192531,4292156,7178901,3206537,5892403,975703,4397221,1605692,976608,1404320,8851419,0
280,000812,2017-10-16,-0.028026905829596438,-0.023542600896860888,0.3215333206671568,13155.0,88643.6141447508,769,21595239,9108665,984585,691027,4675662,2340916,4097122,1614026,2948977,1857245,2602980,1233907,2284751,706112,1740938,0,2260224,665432
281,000813,2017-10-16,-0.01741293532338295,-0.016169154228855565,0.227162310820407,5540.5,45866.47000512383,1254,14078165,6601231,2797887,789280,3549776,1323295,2204686,1930956,2173911,1562566,931409,995134,0,0,461548,0,1958948,0
282,000815,2017-10-16,0.0036474164133739606,-0.01580547112461994,0.4261835900070601,19428.0,123093.97159968094,1492,47013315,34785264,1304619,1073229,7634826,5650986,8062123,6490422,9142916,8182498,5488269,4179840,3491894,3896509,2596133,1813100,9292535,3498680
283,000816,2017-10-16,-0.03721682847896435,-0.03883495145631055,0.12948867486076734,20575.5,253942.71775850886,2284,114111066,87152542,1036733,2229158,8138954,11592765,9043466,10701453,13651786,12387060,8913985,7100570,14167094,7848543,5390022,7684291,53769026,27608702
284,000818,2017-10-16,-0.021097046413502074,-0.01940928270042197,0.2803361966956215,17610.0,94455.70459296173,1787,48673260,28695299,1203411,1261123,9082298,8429814,10750850,6285426,9466765,5013436,3872647,3000867,4173424,735960,2235808,1355234,7888057,2613439
285,000819,2017-10-16,-0.03373356203544886,-0.01658090337335616,0.6146951106607942,14025.0,48504.47427957244,809,15309821,9219766,611257,810207,3699853,3412590,4339880,2427463,3783644,2033796,1201449,535710,734592,0,435960,0,503186,0
286,000821,2017-10-16,0.0239520958083832,0.017964071856287456,0.3094885218227459,16380.0,131130.90881285904,1867,45692678,60711392,1142485,2117408,8029618,7099813,6472588,11798257,9526128,10521231,6668827,8776857,3228913,3832054,3520494,2218028,7103625,14347744
287,000822,2017-10-16,-0.02114537444933917,-0.02026431718061683,0.24161124780121926,23352.0,184647.06212849548,2208,99843573,61135669,973720,1521241,10088388,11446442,11208343,9737403,15417227,13945528,11693681,9823544,9623853,5364401,7032321,1405439,33806040,7891671
288,000823,2017-10-16,-0.010951403148528382,-0.01642710472279263,0.3298019517821223,28890.0,170129.99052393128,1964,91724228,60233107,718533,851328,13837740,9402829,13762453,6845207,13289827,8765597,10691697,7548052,8730857,4086672,5787072,3973468,24906049,18759954
289,000825,2017-10-16,0.0039215686274509665,0.0,0.09578775871612871,30540.0,384370.45164464344,2847,156896598,211957245,1530539,1483392,11571028,9604781,14123197,14303038,22149747,21266607,16118563,23549402,10573041,16330919,9697373,12618934,71133110,112800172
290,000826,2017-10-16,-0.024701195219123506,-0.02443559096945558,0.7418045274476744,55215.0,235918.64117658057,2577,188822262,126267135,746918,885004,11255155,11853106,17922592,14922857,31410132,29545660,21581387,16971940,20239399,14487754,14463031,8434688,71203648,29166126
291,000828,2017-10-16,-0.022834645669291276,-0.015748031496062964,0.3701273601541779,7494.0,82825.28014280945,1177,24685555,11504833,1083851,1297868,3907615,2629202,3054345,1827545,4851334,2267528,2621198,846792,1697962,623348,1380179,444465,6089071,1568085
292,000829,2017-10-16,-0.03472222222222221,-0.0269097222222221,0.22971594996208597,22410.0,108410.08884076662,2518,90743323,48707606,2213301,967307,14900346,9141926,18389010,10995599,18300788,9278300,9726775,5925685,7458017,3841581,3555831,3539852,16199255,5017356
293,000830,2017-10-16,-0.03311867525298984,-0.031278748850046,0.19504805820320245,33449.0,335387.34735309565,3110,225867140,122158442,1741147,1518351,14905531,11819190,21350176,14133391,29176280,21181610,21111229,17385822,18775112,8978483,10649411,6657578,108158254,40484017
294,000831,2017-10-16,-0.008316008316008316,-0.001386001386001312,0.2903403289973663,29862.0,259964.43194683647,2473,106118537,108162287,1053853,1637785,11261402,12025376,13407166,14121166,18980641,18925724,14054087,13199607,8208177,6877661,8419636,7136235,30733575,34238733
295,000833,2017-10-16,-0.01760563380281699,-0.014084507042253391,0.23024121966720693,17060.0,75263.1827634825,1370,31891234,25685736,1314737,1162256,6821461,5835387,6929259,5287046,7349248,5505923,1634516,4170128,3751970,1781797,1420014,820800,2670029,1122399
296,000835,2017-10-16,-0.025960539979231534,-0.019730010384216068,0.3256625693977029,14400.0,79602.1946609149,874,19143136,12824425,927027,1096091,4367476,4468002,3167171,1956365,4252752,2987034,1374653,636169,1359601,345112,432000,0,3262456,1335652
297,000837,2017-10-16,-0.027848101265822822,-0.0227848101265824,0.2081734465801561,17226.0,149807.32261453613,1441,48637736,34697453,1111032,1281256,6794609,6752562,6580330,6659025,7464655,7022929,6736607,4172554,3542236,967150,1308417,1412597,15099850,6429380
298,000838,2017-10-16,-0.0359281437125748,-0.034431137724550864,0.15359049247433118,11305.0,62830.220895547114,1894,37148224,22507807,1686358,2159381,8911518,7426881,7174666,4389602,8357778,2919512,3541552,2310704,2425411,2328397,459900,421165,4591041,552165
299,000839,2017-10-16,-0.026459854014598605,-0.018248175182481896,0.1940866652563518,57240.0,281516.0905449658,3193,261872329,201760826,910285,1062129,12312065,13199721,21672168,19463011,38922920,37421962,28307518,23711461,21344079,15707447,16536989,11983543,121866305,79211552
300,000848,2017-10-16,-0.005555555555555647,-0.009259259259259411,0.22957535634464227,23837.0,137194.46118895378,2216,67243516,64556936,1341084,1140655,9574503,12905358,12812602,9063086,13459312,12176971,7923091,5832329,5016017,5584358,1758940,1733894,15357967,16120285
301,000850,2017-10-16,-0.018796992481203145,-0.015037593984962405,0.2298836657564872,11593.0,67111.89732194023,535,11788674,5584089,393489,480609,2389283,2174779,1759120,1299426,1763514,1092763,2654636,536512,1024111,0,436914,0,1367607,0
302,000851,2017-10-16,-0.02416666666666656,-0.018333333333333424,0.2662133052346411,20383.0,158153.4913568645,2033,88558735,50082166,1133750,666093,16239948,6468350,10341576,6833044,16872149,9356865,11825713,4022157,5777738,4133167,3642529,3026947,22725332,15575543
303,000852,2017-10-16,-0.03193916349809889,-0.034220532319391705,0.2768390232385413,26370.0,114431.24722749331,2258,77359858,65911739,1426431,1081681,11911943,11234349,12601843,12208966,16958117,13997610,10172756,7719709,7146384,5163322,4517270,5945069,12625114,8561033
304,000856,2017-10-16,-0.07426283218056062,-0.0644339279213687,0.48667837788272256,57354.0,336035.2299664081,3189,249646792,206032864,641546,963499,12841340,15596574,19848374,22633797,37863155,30622130,26227761,28782151,16387302,19698815,17980459,14256121,117856855,73479777
305,000858,2017-10-16,-0.024370297677461572,-0.01537455021262668,1.0336054394415495,164160.0,704101.5754670835,3501,598698536,573108672,192946,340893,7013387,8587211,14586284,21672215,51623801,53408178,39066624,53590931,41980359,53741914,34190782,40304704,410044353,341462626
306,000859,2017-10-16,-0.023076923076923106,-0.019230769230769384,0.19202772256426673,10320.0,59860.71917290696,733,14376033,8787300,529236,633402,3567854,2677081,2077123,1765095,2572438,2598256,2625569,504306,2079501,609160,415312,0,509000,0
307,000860,2017-10-16,-0.010370370370370363,-0.010864197530864095,0.49974985416061085,24036.0,161182.60379549002,1642,66300355,58121011,760948,1016240,7461551,7727189,8218767,7700451,10876117,9892120,10182639,8321225,5639377,2781651,5813151,3840997,17347805,16841138
308,000861,2017-10-16,-0.018421052631578894,-0.013157894736842035,0.14335790365471116,7980.0,115772.57308340918,703,19154309,9802554,679356,630791,2474064,2271669,1899536,1326501,3921922,1305670,1697454,777320,2421621,314526,947217,450122,5113139,2725955
309,000862,2017-10-16,-0.0434782608695653,-0.024637681159420333,0.17212406505869152,13400.0,80027.82761255518,1609,32319611,22465604,1815322,1259022,7708172,6695520,7138806,5357289,4222174,3698704,3715147,1217118,3316533,682083,485023,417362,3918434,3138506
310,000868,2017-10-16,-0.04056603773584899,-0.0320754716981132,0.17881289944350767,88230.0,848060.1500135389,3525,419135406,362378667,609801,673123,13045030,12955435,23383410,22699324,49070703,45528594,45775420,32792228,30404397,20518948,34593914,22122598,222252731,205088417
311,000869,2017-10-16,-0.0007930214115781098,0.0021147237642082928,0.9290245126349563,23082.0,108901.62254835063,1658,49549726,48518230,955102,1084740,8533149,9969794,8369407,8413198,10682041,9053862,5564708,7484939,2713341,5291522,2252104,1224714,10479874,5995461
312,000875,2017-10-16,-0.013916500994035852,-0.011928429423459397,0.1517031929800114,11419.5,66240.042276012,1100,24852143,10537830,1389753,712146,6753400,2845248,5668359,1822679,4768114,1904586,2693712,1257569,1037818,1022575,1362134,423345,1178853,549682
313,000876,2017-10-16,-0.010680907877169576,-0.006675567423230944,0.1887301896642689,10500.0,159711.31928364243,1576,47068221,30753619,1443761,1410520,6295024,5653177,5041755,4260823,7031358,4038085,4392909,4508023,2061115,1775218,1364523,939713,19437776,8168060
314,000877,2017-10-16,-0.01072796934865905,-0.003831417624521105,0.22827442790551558,62280.0,433375.81262657867,3272,295412713,299612139,1149617,885527,13439258,12759763,20233283,18170179,37945652,39767796,30622900,29481190,21885049,20279120,16506747,14343448,153630207,163925116
315,000878,2017-10-16,0.07586206896551717,0.06758620689655181,0.2620958815145116,81984.0,630312.3464407217,3067,329769304,455960622,761137,1013760,9837206,10435423,19000791,17643142,39733223,31646197,24316158,27439891,23400969,34411433,17651279,22341415,195068541,311029361
316,000880,2017-10-16,-0.03397212543554007,-0.027003484320557547,0.4340553087381561,10260.0,80889.56953392312,699,12002277,6579052,1006020,395161,3392282,2511556,2598527,704866,3582392,980869,0,0,0,302100,0,0,1423056,1684500
317,000881,2017-10-16,-0.007869249394673039,-0.00363196125907983,0.5026390883675949,16379.0,173061.69633827993,1080,38287227,25152826,824237,1314716,4371806,5633690,3752517,3940347,3818754,4707600,1521702,2885827,1497266,1020882,4177291,402290,18323654,5247474
318,000883,2017-10-16,-0.007920792079207928,-0.003960396039603853,0.13974134254660953,5035.0,53194.9211610514,1308,15181198,10848398,1169066,1155486,3092743,4117141,1924770,1971143,2699624,1918147,2092970,1686481,1636571,0,0,0,2565454,0
319,000885,2017-10-16,-0.036407766990291246,-0.030097087378640808,0.3810317622450643,46115.0,281379.9570846693,2925,185392081,149442515,904523,1059649,12316700,15958504,19734962,18566463,28241754,30697239,20190766,22087493,11542061,11334292,14609015,9235463,77852300,40503412
320,000886,2017-10-16,-0.0013210039630119352,0.006605019815059343,0.16414327126929418,23070.0,148701.52153448577,2134,75871814,79365748,1404942,1525901,8887192,7655044,11882188,9886391,15983006,17197573,11465447,10977507,7704485,6798607,3100570,5609152,15443984,19715573
321,000887,2017-10-16,-0.012077294685990392,-0.022222222222222254,0.4262959657297355,14385.0,218484.35811766182,2359,88523439,70291028,689574,3592116,8804629,13624523,7693282,5468588,12113944,9233666,9552797,5753577,5128845,2714433,6513424,5571020,38026944,24333105
322,000888,2017-10-16,-0.015017667844522964,-0.012367491166077826,0.3696714680191743,11200.0,77239.66567101234,937,21088912,9078639,826262,753859,4673154,2679294,3910069,1733290,3745395,2514887,1292534,887679,1712522,0,434636,0,4494340,509630
323,000890,2017-10-16,-0.03180661577608146,-0.021628498727735312,0.21878067419482636,15440.0,106340.51503332196,1291,44514739,20831944,1236816,1199102,6701532,4508026,7341824,3038255,6664095,4165304,6046973,3420394,4419299,1629843,4155490,451008,7948710,2420012
324,000892,2017-10-16,-0.02132701421800942,-0.018957345971563955,0.25366450378638916,16580.0,156333.62478997902,1107,32274302,22812612,1032556,907279,5047782,4853961,4737860,4363799,5109498,3863276,2880133,2843102,1705889,1690624,2139395,2209424,9621189,2081147
325,000893,2017-10-16,-0.03825136612021851,-0.032786885245901676,0.2568839437417601,13575.0,78457.39850458286,1271,27901654,18721821,1254164,1286986,6529690,4811448,5194952,4514821,5479907,3344232,3048321,1773193,1819066,0,2069062,1309329,2506492,1681812
326,000895,2017-10-16,-0.005312627707396822,-0.007764609726195304,0.4475960342948397,31538.0,218534.4514749081,2993,144267773,105394617,1421648,1729653,20749255,12953844,16143793,13940365,30483515,20830113,14885463,13882950,6946565,3827239,4576550,4220186,49060984,34010267
327,000897,2017-10-16,-0.018648018648018683,-0.018648018648018683,0.12964977407457157,5112.0,126707.75873149857,1097,23481747,9303597,1169329,1351917,3541152,3359677,2224094,1121781,2674636,1418652,2482781,1179296,0,0,470507,0,10919248,872274
328,000898,2017-10-16,0.0,0.00746268656716409,0.11665754734152492,30780.0,335522.1383621082,3310,220761571,219921464,1775072,1853510,10894569,10597251,15568747,14368907,35001249,21858662,19833596,19764268,21669051,17474273,16871991,11183952,99147296,122820641
329,000899,2017-10-16,-0.013071895424836666,-0.010457516339869244,0.22114652682332844,13680.0,106187.60106601706,1197,25868640,14972089,1326067,1071406,6152606,4939041,4680103,2816226,4939310,2128307,3068334,1415458,1388980,681501,1356580,0,2956660,1920150
330,000900,2017-10-16,-0.006535947712418277,-0.006535947712418277,0.18911587868338348,6120.0,82720.61804930259,1048,14480048,11689660,2086306,944226,2982166,4313128,1850955,2671729,2029456,1169481,1051426,417146,1061176,334950,438295,0,2980268,1839000
331,000901,2017-10-16,-0.020198675496688745,-0.007284768211920478,0.5998145689533895,39949.0,156162.7061019359,2536,123777026,112550304,1506257,1034438,11861019,10586360,16802004,14824329,27137237,22232052,15174322,12620231,15812197,14108871,11527308,5756777,23956682,31387246
332,000902,2017-10-16,-0.0009881422924901129,0.007905138339920903,0.22933822984543822,12240.0,58892.87082513323,1950,34845324,34453648,906589,2297593,6525652,8161466,11591654,8138649,9200141,9799698,3497916,2314301,1077210,607276,1291643,1305612,754519,1829053
333,000903,2017-10-16,-0.01225490196078427,-0.009803921568627416,0.12890491761368142,12090.0,98499.31958423532,1003,26222113,11552310,1069154,641769,5301300,3350934,3875971,2148426,6523902,1438621,2563725,1817088,379324,781440,1223058,0,5285679,1374032
334,000905,2017-10-16,-0.019914651493598945,-0.01778093883357046,0.29052331971070605,23749.0,117116.98187160231,2343,83720079,51690130,1539419,1671277,12729635,11886530,14989217,8646490,17970708,10629145,11185175,6273905,7481111,3363828,4227222,1752120,13597592,7466835
335,000906,2017-10-16,-0.03267973856209139,-0.025054466230936878,0.3105204340776743,9055.0,47423.56759996571,874,18160605,5698275,548778,1084176,3024574,2444545,4737606,885913,6258996,1283641,2595799,0,994852,0,0,0,0,0
336,000908,2017-10-16,-0.026350461133069825,-0.022397891963109373,0.2900824348130006,9646.0,77807.87099249233,684,15191965,4759041,717445,645325,3742532,2393230,2078277,935706,2241566,518761,1870672,266019,385064,0,450000,0,3706409,0
337,000909,2017-10-16,-0.05673758865248224,-0.04539007092198577,0.3299781927096248,24145.5,206279.6233176976,1828,75684061,48643373,819157,1538454,7312711,9888536,10844587,9824260,13236749,9911262,5969499,4912218,3489048,1405111,3890029,1626136,30122281,9537396
338,000910,2017-10-16,-0.0022988505747126853,-0.006436781609195474,0.5270412720812456,8656.0,47485.747815930285,1712,17466156,15493921,3142714,1179375,4913133,5430517,2169050,3478952,2913020,2302550,2093975,1033013,1032444,324075,0,461736,1201820,1283703
339,000911,2017-10-16,-0.025041736227045086,-0.029215358931552582,0.32275567098041613,14328.0,109431.9426206416,1378,36478121,18247823,863023,1333751,7113433,6837652,5498834,4532577,5093416,2384348,2818124,422969,1728170,1039560,2738103,0,10625018,1696966
340,000912,2017-10-16,-0.023404255319149025,-0.019148936170212738,0.20767720319225816,14768.0,78036.95524835364,2050,45013206,29348070,1762124,2031809,11682367,8878317,8357267,6579080,7546899,3833117,4976908,2519914,3056396,1301929,2707651,1349821,4923594,2854083
341,000913,2017-10-16,-0.016657412548584105,-0.008328706274292164,0.8627975263117631,14328.0,321894.6679147725,435,8418710,12331549,419239,374652,2205333,1612587,1572286,1174826,2755204,580334,208728,212046,669860,0,0,0,588060,8377104
342,000915,2017-10-16,0.0,-0.007954545454545436,0.9575826200173458,20880.0,111613.06577724483,1351,39769674,33612577,653991,995402,8182660,6306844,5348638,4557777,8479546,5954866,5341250,2385975,2044613,3810934,3581243,2253134,6137733,7347645
343,000917,2017-10-16,-0.026605504587156048,-0.016513761467889854,0.28764287143885764,21330.0,156107.15716709444,1436,61835826,34941019,833614,844091,7115468,5737456,6713653,5058611,9131872,5257959,8148710,3922620,5932667,1632660,3478244,3128195,20481598,9359427
344,000918,2017-10-16,-0.014104372355430161,-0.015514809590973067,0.22236215997502293,14020.0,150198.39196305277,1017,36773381,18025967,711856,968797,3770508,5253317,3862890,3508917,5125286,2924599,2925656,1848903,4993486,330636,3094330,487195,12289369,2703603
345,000919,2017-10-16,-0.02329916123019571,-0.01584342963653307,0.32420096520676156,14979.0,85630.29898698202,1095,27821050,16763373,790654,736670,6021446,3783879,6531970,3419879,5501283,3057087,3472482,1657754,2840634,947624,927972,1397796,1734609,1762684
346,000920,2017-10-16,-0.025974025974025983,-0.021915584415584388,0.2893055732786659,23237.0,140976.97505231327,1814,72930514,39434149,1080329,1296334,9593971,8868830,8467040,7611228,15514881,9376149,10754231,4302408,4183775,2041248,3108582,1312733,20227705,4625219
347,000921,2017-10-16,0.015894039735099286,0.009933774834437026,0.27207463634996976,47941.5,325248.7748507158,3086,200399274,220673204,1442260,1106070,14078520,13572217,17563948,19219554,34634686,34673462,19893942,20390668,17240057,20589554,10931889,10723825,84613972,100397854
348,000922,2017-10-16,-0.022485207100591653,-0.02130177514792897,0.2846370311725792,12419.0,64189.444800726735,881,18527612,9388966,748288,1022434,4171527,3563661,3876292,2841914,3392889,1370493,1898838,237666,1117127,352798,1757786,0,1564865,0
349,000923,2017-10-16,-0.01856308009625296,-0.008250257820556883,0.7458006745190491,23104.0,125320.96884590026,1523,49286200,33459962,924299,1079455,7938154,8285968,7949854,7466739,9240847,7497499,5208580,3832394,4205593,1938412,904212,464000,12914661,2895495
350,000925,2017-10-16,-0.028539451594851828,-0.0179071068830442,0.5257802539757931,18010.0,107297.90302812871,1155,37679224,21500148,1036917,744680,5967197,4685486,7275135,5151528,7932186,5274830,2408028,2774133,2033608,1723972,1319004,425036,9707149,720483
351,000926,2017-10-16,-0.014539579967689953,-0.012924071082390909,0.2850703616720078,8624.0,136910.51313979898,1887,40175216,17635838,4409219,1980879,6302896,5214702,4346544,3238417,4015663,4035089,4281236,519397,1420269,1727524,1914854,410256,13484535,509574
352,000928,2017-10-16,-0.01773049645390079,-0.01773049645390079,0.23795586996713197,16920.0,106476.45103301568,1264,44020376,20293738,1121346,1058076,6169004,5095520,9299927,3966295,8058069,4906658,4432235,2745548,2016272,697293,3123148,436536,9800375,1387812
353,000929,2017-10-16,-0.01966717095310133,-0.015128593040847238,0.5056306678965001,7823.0,36332.171961568056,683,8703383,4884551,829465,483513,2818754,1898693,2521080,1265694,1290415,1020676,231616,215975,1012053,0,0,0,0,0
354,000930,2017-10-16,-0.03389830508474578,-0.02726602800294775,0.24019818681239052,63840.0,441026.54627424787,3195,324911099,231897933,753379,1172338,12411576,13908634,21751970,19171648,35140246,34744860,32476707,24320634,29469389,17401806,24548810,11505640,168359022,109672373
355,000931,2017-10-16,-0.019556714471968717,-0.01303780964797907,0.2273638649067508,12328.0,55191.05675026846,1138,18843294,15108116,996343,1156786,5930416,5478508,3453099,3132385,3834606,1513558,1760580,2742191,2098250,1084688,0,0,770000,0
356,000933,2017-10-16,-0.01576994434137291,0.0,0.18507659603692936,73272.0,528804.481236176,3401,327194426,368938482,454788,1235314,8918007,15670253,12663653,23105423,32453720,51095945,29008517,37900845,18356589,32767617,23150627,25139090,202188525,182023995
357,000935,2017-10-16,-0.04803878360511238,-0.026884089907448394,0.4359401347570938,29276.0,109350.64505523394,2710,96818190,78891693,1280649,1485175,15172971,14005047,17084063,13967356,21921881,18749220,12935487,15370185,7671791,5435197,3588702,1730324,17162646,8149189
358,000936,2017-10-16,-0.012569832402234637,-0.015363128491620137,0.2678603064568491,7815.5,70299.77211417966,714,16750645,5118431,844220,505001,3866148,1790829,2855160,877249,3110963,580466,1670362,498400,1052581,371664,909480,494822,2441731,0
359,000937,2017-10-16,-0.011851851851851891,-0.010370370370370363,0.13465390283462694,13460.0,120855.61622537607,2519,75742603,35856401,4008426,1488204,14672918,8775023,10119501,8117697,10393493,8072979,7291193,2964865,4747454,397085,3484313,407082,21025305,5633466
360,000938,2017-10-16,-0.011516314779270731,-0.0020793346129238666,1.3120764300746839,50320.0,243707.4871515321,2271,114457725,147779991,702187,1132964,9993844,8382909,14972246,15377223,23253168,25927906,14376783,14375704,9533791,13762036,6164595,8188410,35461111,60632839
361,000939,2017-10-16,-0.02447552447552437,-0.022727272727272707,0.13847496634647125,17040.0,206759.13058336428,1709,74209690,40435685,1166993,1149193,7792282,6786854,8621673,6588542,11358828,7712303,7152371,5129363,4360126,2489370,3801852,3619322,29955565,6960738
362,000948,2017-10-16,-0.05091487669053307,-0.03898170246618937,0.35373995540481123,13376.0,82033.75238303404,1263,34794839,14916711,1207478,990371,6810504,4711542,6258760,3856105,6105246,2183537,4520358,1698048,2888476,0,2322766,0,4681251,1477108
363,000949,2017-10-16,-0.01754385964912264,-0.00877192982456143,0.19799395871987924,10476.5,103356.53599598471,530,11418229,7279029,531377,463960,2960583,1833444,1372937,1357992,2992106,604032,211127,1097704,378255,0,481845,1354633,2489999,567264
364,000951,2017-10-16,-0.02825159914712161,-0.02825159914712161,0.39482505829997105,16893.0,124631.14890303099,2261,62888873,54660934,928041,3227999,5667313,14038068,10090453,13448866,13694509,9460320,5698989,3784250,2281198,2419510,4025029,471000,20503341,7810921
365,000952,2017-10-16,-0.020681265206812682,-0.021897810218978297,0.49496611875809676,16450.0,81590.36013306591,1103,33139023,14865813,938576,1008282,6808736,4888042,6205573,3015472,7534560,1892758,1418776,732477,2994449,2451420,2287782,877362,4950571,0
366,000955,2017-10-16,-0.03157894736842104,-0.04511278195488733,0.21308609934266093,18508.0,97568.51051476909,975,32327258,19031268,796984,679273,4293192,3917367,4649762,3703032,7534751,4336932,2916625,3634751,4896793,1615409,1848816,0,5390335,1144504
367,000957,2017-10-16,-0.030213706705969012,-0.025792188651436954,0.28154107226276653,29370.0,140652.3269420886,2326,92801269,69883148,1186197,1200430,12914910,11332584,13902031,12498136,20467447,14137477,11128560,5614473,7205022,3740971,4417474,2590658,21579628,18768419
368,000958,2017-10-16,-0.03887399463806973,-0.036193029490616535,0.14216694383824122,17904.0,156804.5129070604,2759,108260579,53939560,2107684,2051778,12329938,12492256,17918352,9902972,15287634,12030641,8281877,7238740,9039875,2501443,7870172,1292419,35425047,6429311
369,000959,2017-10-16,0.0014265335235377208,-0.004279600570613273,0.15446863651932366,9106.5,88278.93104252497,2064,33684535,30769058,1459789,2828832,7244088,9341722,4482945,4862948,4146666,5549312,2487346,2366133,3652238,2775161,1451982,1329582,8759481,1715368
370,000960,2017-10-16,0.015282392026577885,0.015282392026577885,0.28531022880175444,45818.0,367980.4811394629,2785,209304487,206080682,850718,1108466,14533753,12263012,15128524,16623050,24447389,27547027,15748013,20979489,15598164,16469257,12141918,16435399,110856008,94654982
371,000961,2017-10-16,-0.007886435331230235,-0.006309148264984188,0.1807479673955416,12680.0,122184.22246725303,1231,32533360,25628472,973363,1036916,5148425,5058848,4320705,5333687,5431736,4706397,3965035,1229952,1748649,1708483,1819198,0,9126249,6554189
372,000962,2017-10-16,-0.04855275443510754,-0.03734827264239027,0.22790218248432567,22308.0,110470.41161511862,2211,71137954,53096154,1029483,1515672,9374595,12206886,10992745,10961263,16611638,14418667,8068191,7317917,4459575,4252853,4090488,1403884,16511239,1019012
373,000963,2017-10-16,-0.029126213592232997,-0.03099327856609413,1.1253585062999787,42752.0,232377.34522834033,2267,149483397,96761083,463662,664135,11231095,10809314,17476119,13043288,25758049,15379466,15033932,10551993,12944904,5861187,5732558,3591437,60843078,36860263
374,000965,2017-10-16,-0.019553072625698387,-0.018156424581005526,0.21958656116896522,14200.0,92020.33584475615,1063,31057208,14321875,947141,1132808,5890391,3777427,5854050,3083084,4405349,3036310,3772146,964721,2699526,1807880,436480,0,7052125,519645
375,000966,2017-10-16,-0.01906779661016944,-0.01906779661016944,0.17689897451121872,11160.0,156787.8548400917,712,22583002,9279895,736818,630444,3646082,2707607,2440366,1594867,3338203,1619416,1472595,1329036,371200,371200,861150,467000,9716588,560325
376,000967,2017-10-16,-0.0039999999999998925,-0.0029999999999998916,0.22314695963169484,25400.0,123838.49641347633,2011,60842410,72721149,1273563,1223159,8725214,9881792,8993891,11876874,11921394,16374395,7274994,12034267,4174740,5376399,3257926,4802886,15220688,11151377
377,000969,2017-10-16,-0.019011406844106404,-0.011406844106463754,0.27667108332713847,13650.0,115206.20361466153,1446,37620980,26613211,1057808,1170332,6315074,6603528,6612611,3476030,5680228,6471418,5268706,3082129,4046510,1585642,1846461,956570,6793582,3267562
378,000972,2017-10-16,0.05504587155963292,0.05504587155963292,0.1552742260953012,9408.0,117266.05346711307,788,14389272,15855593,1440518,157086,4449229,1714105,2946255,2179677,2150465,2691565,1402458,2268190,706827,685385,0,1810199,1293520,4349386
379,000973,2017-10-16,-0.03846153846153855,-0.02977667493796532,0.1687288522600448,23640.0,188597.48989481607,2285,104852928,60066031,1245148,2167999,10125621,11739019,13047438,11120965,15857492,11274331,12086107,5217194,10967474,1248119,2214007,1798392,39309641,15500012
380,000975,2017-10-16,-0.03379310344827591,-0.03103448275862064,0.42187027461418103,22664.0,140384.97137997224,1182,51935598,23775836,718523,848505,4574620,4567502,14519399,3012256,9433346,5671792,5324534,3075945,2830285,2085276,1322430,1291350,13212461,3223210
381,000976,2017-10-16,-0.020299145299145227,-0.019230769230769162,0.34612624787479634,18320.0,270892.19298076583,732,39992441,14058897,425627,698628,2770623,3525709,4702413,2747179,5438943,2854494,2153682,954705,312624,1328590,1760192,1341210,22428337,608382
382,000977,2017-10-16,-0.03302845528455278,-0.016260162601625994,0.3848294452035218,42801.0,197784.92874422137,2616,155923593,131780849,1282321,1664345,12403952,11684831,15359832,16168041,31518254,23868049,14154402,17710717,15006975,12533646,9704418,10736907,56493439,37414313
383,000978,2017-10-16,-0.03002070393374756,-0.020703933747411973,0.29124941513792235,9470.0,64143.77054144277,1100,15838377,11387075,1375528,867381,4502916,4532842,2616169,2730597,3004411,1751305,739394,435580,316848,0,0,483000,3283111,586370
384,000980,2017-10-16,-0.019033674963396807,-0.01024890190336758,0.26302872667494215,37273.5,209702.40881507227,2700,136701862,129111364,1278573,1440819,12626921,12044830,15448377,14162607,27501223,23228340,14569212,16311343,8975580,11312280,11300857,15196096,45001119,35415049
385,000981,2017-10-16,-0.014909478168264156,-0.008519701810436597,0.32587504250854543,3747.0,111377.24528291603,830,15113431,7919620,507698,967145,2006710,1881194,2278302,1663978,2126161,2518040,2159589,0,1083388,321391,0,0,4951583,567872
386,000982,2017-10-16,-0.040909090909091006,-0.03863636363636358,0.11473067744166113,16416.0,142523.43908527787,1476,52472626,32486924,841189,1406951,6036796,7392566,5021333,6666731,9033946,4792671,6928288,3446615,4876783,4077728,853190,0,18881101,4703662
