,code,date,pchange_whole,pchange,change_std,amount_median,amount_std,length,sumsell,sumbuy,sell_vol_0,buy_vol_0,sell_vol_1,buy_vol_1,sell_vol_2,buy_vol_2,sell_vol_3,buy_vol_3,sell_vol_4,buy_vol_4,sell_vol_5,buy_vol_5,sell_vol_6,buy_vol_6,sell_vol_7,buy_vol_7
0,000001,2017-11-07,0.05767524401064783,0.05590062111801242,0.19015025552081272,229843.0,1597521.3898682708,3518,1121525965,1245619531,368056,282312,8811838,5623799,17270082,10047531,52355363,34734403,55867298,35259090,58799931,37249788,46383197,33853811,881670200,1088568797
1,000002,2017-11-07,0.017909356725146264,0.010964912280701844,0.46629444876118625,104690.0,437117.94260626636,3445,390483340,408950852,551351,681938,12555070,9587116,24672367,17428138,48090144,42663549,40268301,43969806,31229117,35385961,29992038,29952768,203124952,229281576
2,000004,2017-11-07,0.0,-0.003427592116538092,1.7447077587634723,11620.0,53640.812082150616,178,2005474,2349830,160255,118521,664717,919107,348423,233144,510040,154044,0,452346,322039,0,0,472668,0,0
3,000005,2017-11-07,0.015350877192982448,-0.002192982456140302,0.1800762657295913,4560.0,52298.123420415766,641,6945112,5236067,653374,696085,2310020,1355414,1336415,1153177,1298689,506916,438614,404050,0,671795,0,448630,908000,0
4,000008,2017-11-07,-0.009782608695652173,-0.007608695652173703,0.29412528109194064,9160.0,93073.82281879519,978,24167603,10659015,947576,1040233,4128860,3280986,4413946,2166452,3419523,1906137,2559197,1001222,700541,310992,1848290,436369,6149670,516624
5,000009,2017-11-07,0.0063856960408683605,0.0012771392081736277,0.18996848618637943,9432.0,118495.5421389448,1700,41185959,34395237,1374944,1953841,5742791,6828561,6501299,6916843,7091680,6213166,3303200,2978204,2258485,1417212,2695821,1717874,12217739,6369536
6,000010,2017-11-07,0.04237288135593209,0.025423728813559254,0.11493314571874957,24026.0,128714.91796294281,2644,75012577,95909651,1534154,1729987,10648514,14907439,12137352,15217396,16077651,20813030,8131250,10821368,6833119,8627873,4865706,4861655,14784831,18930903
7,000011,2017-11-07,0.014721345951629994,-0.009463722397476282,0.49685228734119036,19010.0,85562.98134902015,1465,33000494,26090502,1119777,1133396,8544544,7437832,7591088,5878744,7568765,4650129,2802410,1870946,2080297,1055445,874460,0,2419153,4064010
8,000012,2017-11-07,-0.0023781212841854638,-0.005945303210463826,0.23702097380299755,9229.0,105074.94850918656,1259,30556688,20853019,1677742,1157879,5448881,4635962,3618231,3918331,4668575,4356299,3149025,2995603,1058056,1662546,1287943,442170,9648235,1684229
9,000014,2017-11-07,-0.010397553516819702,-0.018960244648318136,0.7212506416877567,11312.0,59857.71512406677,513,9171629,5045678,450540,310779,3200608,1494809,1927488,794833,1412409,1269467,263728,533390,1091826,642400,0,0,825030,0
10,000016,2017-11-07,0.0851063829787233,0.07692307692307687,0.11407893734356557,44354.0,284871.70187052333,2884,150158284,241731648,1312623,1346524,11454727,11336342,13052187,15256430,26941365,37641960,17350638,25576063,19842913,26940054,6123249,12205705,54080582,111428570
11,000017,2017-11-07,0.025139664804469275,0.005586592178770999,0.32692204905639277,7140.0,39942.736638205446,479,4311847,5469945,535817,515630,1487959,2061592,1156391,1274786,777180,382789,0,534178,354500,700970,0,0,0,0
12,000018,2017-11-07,-0.011111111111111072,-0.01666666666666672,0.1895858680525914,8556.0,119985.49357937864,1443,36583474,19344871,1248218,1558127,5134086,6237267,3805032,4034620,5468781,2090311,2929256,1447292,3209367,774697,887595,1738797,13901139,1463760
13,000020,2017-11-07,-0.012201885745979024,-0.014975041597337757,0.36785462713846695,21060.0,119320.66536170336,2405,56324770,57899049,1503523,1699812,12880300,12715061,10667800,12085012,13156902,11970760,6773899,5663169,3779827,3015814,2669880,3054486,4892639,7694935
14,000021,2017-11-07,0.006315789473684275,-0.002105263157894721,0.18674434958489586,16133.0,162757.60230435253,2591,96644030,60996894,2519151,1630927,12333221,9908014,13003983,9206013,13082355,10009702,11050393,7920289,7253022,3118235,8133170,2766852,29268735,16436862
15,000022,2017-11-07,0.05018664454583166,0.00041476565740361515,0.8184859428692133,12110.0,49212.73367367651,867,14416480,10393223,1077153,723210,4897333,4140194,2876197,2218368,1996893,1734855,1736819,447192,1012180,645404,819905,484000,0,0
16,000023,2017-11-07,-0.010389610389610504,-0.012987012987012991,1.2099816865064348,11255.0,68116.28166823635,364,6388585,5368695,351770,333297,755492,1605407,814197,1092274,1163046,802086,2939887,472980,364193,0,0,449600,0,613051
17,000025,2017-11-07,0.007175925925925863,0.001388888888888884,1.1433230063776096,17252.0,43784.8896800252,1427,22001110,20722096,1540169,1497360,7734476,7581571,6492700,5658265,3604391,3797342,1687311,1591950,322575,0,0,0,619488,595608
18,000026,2017-11-07,-0.0008680555555555802,-0.00694444444444442,0.4587385466361161,6876.0,46727.610998112155,630,9431945,4363755,778276,347256,2465150,1822335,1732885,1449785,2236572,441538,275945,0,651546,302841,1291571,0,0,0
19,000027,2017-11-07,0.006309148264984188,0.004731861198738141,0.21110341126457566,8229.0,61629.755707363605,902,11792516,8692671,570421,1104803,3734638,2790908,1601880,944940,1696455,1736614,436251,1172796,1302750,325676,1405547,0,1044574,616934
20,000028,2017-11-07,0.01036269430051795,0.007010057909173861,1.9170230896465303,13262.0,154891.57519942854,1172,28064265,32470275,902926,2124298,4605028,4604635,3515675,3117219,3934964,4670159,2538638,2419206,1716920,1966661,2646700,1239047,8203414,12329050
21,000030,2017-11-07,0.007185628742514938,0.004790419161676773,0.23295879456083235,5040.0,44037.55526099602,1286,12220851,9560733,1388826,1265435,5279805,2397621,1521514,1765400,970322,1605663,655992,962886,1754299,1075688,0,488040,650093,0
22,000032,2017-11-07,0.011314186248912117,0.006092254134029584,0.44577931046879926,8099.0,35672.946287866616,664,7453697,6208577,879128,604074,3194234,2092275,1326279,2098467,532850,884294,1198682,227732,322524,301735,0,0,0,0
23,000036,2017-11-07,0.005296610169491567,-0.0031779661016948513,0.24278345042350954,16064.0,97205.94210678221,1513,40191817,32072659,1363087,1599047,5644160,6532772,8453607,6697804,10759649,5963233,4327459,1578997,2014070,1764509,2177281,2784550,5452504,5151747
24,000039,2017-11-07,0.011448481831757062,0.0059731209556994624,0.35891837103385255,40260.0,290713.0843189097,3135,190482832,200686486,853881,2182752,13545577,13219914,17452252,16917423,24576593,25998531,23567870,23371378,9343444,19723121,16727921,14108622,84415294,85164745
25,000040,2017-11-07,0.0,0.0013175230566535578,0.4463307732626264,12072.0,147086.30043375076,1157,33724797,29182752,1106615,489728,3457318,5428227,3567020,4528985,4447872,4950495,2225463,2917816,1664155,3492722,1853152,2165472,15403202,5209307
26,000042,2017-11-07,0.026064844246662444,0.010171646535282797,0.6374951198739803,4764.0,28210.219616446248,608,4826952,2648210,1818875,144494,1625033,882367,894550,359158,488494,789691,0,0,0,0,0,472500,0,0
27,000043,2017-11-07,0.03033175355450224,0.019905213270142053,0.3200257131867464,16140.0,261933.96082850228,1087,37888989,49266037,831282,487884,4107027,3417336,3719365,5056515,6271442,5074192,3766493,5400192,2505161,3486791,1857164,2255940,14831055,24087187
28,000045,2017-11-07,0.0,0.0,0.3837070116587486,21006.0,664216.4361004885,924,100938451,0,1260360,0,8306741,0,8593788,0,11326902,0,8187672,0,5239830,0,1779675,0,56243483,0
29,000046,2017-11-07,-0.003811944091486663,-0.01270648030495558,0.3535149177354816,7817.0,87755.27490648633,495,12846581,5968416,496780,490684,1588142,1386089,1179227,379994,2423925,1262607,1712355,713846,4929792,0,0,411033,516360,1324163
30,000048,2017-11-07,-0.011147811725846446,-0.008257638315441795,1.2856289194536432,11574.5,41587.63871369226,354,5305867,3311016,525092,244306,1692288,1346340,1226528,1141247,855792,338823,240400,240300,364800,0,400967,0,0,0
31,000049,2017-11-07,-0.001814882032667886,-0.017059891107078173,1.2000688988836912,27450.0,174508.42636742498,2109,96055282,61785988,805258,1082414,13447670,9472133,15100592,8802848,16975591,11272581,8379747,5586119,9287997,7280396,4934534,2229707,27123893,16059790
32,000050,2017-11-07,-0.005050505050505083,-0.014730639730639816,0.4263357281335584,63193.0,363595.22048953245,3108,307217625,229093873,557445,1744824,11719214,14565163,14534489,17969363,39683249,31192820,28117893,31602486,27027934,21424341,25662545,13432804,159914856,97162072
33,000055,2017-11-07,0.007153075822603716,0.0014306151645206988,0.19510568668497352,6960.0,46993.72214542391,1284,15063813,12143151,1949099,978170,4809434,3314737,3137613,2413535,3335954,2263639,1137870,839463,693843,1015341,0,426650,0,891616
34,000058,2017-11-07,-0.008888888888888946,-0.018888888888888844,0.21928041367745676,16777.0,104475.61664827223,1686,46116361,25323614,1584481,1462009,8706468,7716753,8488613,6449568,10056085,4055639,4445235,2503750,3735885,321930,1261924,0,7837670,2813965
35,000059,2017-11-07,0.03398058252427183,0.03203883495145621,0.21391969412453388,36312.0,259286.04227681982,2320,132289794,147315463,985463,951123,9262985,10678706,12270169,12281379,22816013,16452218,16893975,12849531,10766866,16555794,8366863,10589187,50927460,66957525
36,000060,2017-11-07,0.00822669104204743,-0.001828153564899404,0.21720759441975815,17312.0,152568.3668087601,2539,85534742,76970502,2368568,1341803,10708654,9542004,11330323,9908869,13773569,11990737,8967513,9902864,5389300,5219149,7582358,4067891,25414457,24997185
37,000061,2017-11-07,0.0,-0.004895960832313251,0.3292411214323607,8119.0,38086.6200679153,615,5961743,5938975,513787,1253156,1480957,1898227,1001713,1661385,1814822,648163,450658,478044,699806,0,0,0,0,0
38,000062,2017-11-07,0.013333333333333197,-0.00040404040404051766,0.8387752935857564,12405.0,61221.26607128941,870,16316653,10788381,879148,922661,4499503,3780741,3692503,2899480,2589136,1953675,1166732,227424,2484701,0,430650,0,574280,1004400
39,000063,2017-11-07,-0.012907010853622891,-0.023173951305368368,0.5690868209218836,315552.0,1042645.0614706082,3590,1164946342,890751436,67137,94149,2709554,3983290,12732053,14687132,39877339,43705309,51165901,58133998,51380648,63111282,57232858,61424663,949780852,645611613
40,000065,2017-11-07,-0.007891275756247262,-0.008329679964927617,0.5934707814653856,20268.0,87539.09826460657,1477,40647824,24027163,871161,1102735,8520637,6720025,9526742,5586394,8753693,4729298,3320501,3151385,2387785,1384326,1762231,0,5505074,1353000
41,000066,2017-11-07,0.0,-0.006518904823989535,0.1883172493775394,15340.0,151740.5633453295,1660,53911114,44261217,1180839,1575566,7415547,8216149,7427697,5011682,6462498,6478614,4346019,3415392,8748668,2776294,3153609,1326009,15176237,15461511
42,000068,2017-11-07,0.0,0.0,0.25423483839858685,6280.0,79429.69225880485,600,10140951,5289113,590591,493551,2228441,1935202,1746174,1050471,2233883,561939,762729,934450,951533,313500,0,0,1627600,0
43,000069,2017-11-07,-0.002375296912113911,-0.0106888361045131,0.167813214466307,34358.0,213697.57806356266,2525,151953572,93084756,964601,1754623,8666039,12208263,16441481,11474728,28114691,17508520,23478186,12983688,15447433,5440318,9284446,4876627,49556695,26837989
44,000070,2017-11-07,-0.0027548209366392573,-0.011019283746556585,0.3178836245649893,16425.0,110089.53141885556,1174,35025855,20339174,762949,968598,5654542,4937098,5814905,3926258,6748462,4766926,3116159,2004456,2115223,1027659,967419,894502,9846196,1813677
45,000078,2017-11-07,0.0016286644951140072,-0.008143322475570036,0.14018829945396633,12789.0,93706.03147852866,1922,43608347,24893582,1306325,1805282,13401781,5998325,6205789,4224782,5960813,5779031,2714447,1629504,3389635,1822464,2133399,856236,8496158,2777958
46,000088,2017-11-07,0.05244338498212153,-0.0023837902264601807,0.2840402307044843,8415.0,64724.04356485631,872,14557144,10629251,822233,1147677,3489776,3331686,2497291,2488646,1320210,1429334,2579566,772550,1105267,970092,834096,489266,1908705,0
47,000089,2017-11-07,-0.004524886877827927,-0.012443438914027105,0.2539281985442419,28064.0,94812.28102355036,1213,58529913,18075069,805643,848025,4171007,3319031,11718318,2631065,31030713,3927179,5000683,1927710,2032846,3458557,892453,0,2878250,1963502
48,000090,2017-11-07,0.02147525676937434,0.008403361344537785,0.2536393428183287,7567.0,62115.02024344973,1785,16860265,26540308,972387,3307779,4015307,8100506,3672522,3812731,2570489,4725244,2052002,1688120,672047,1375034,447120,490420,2458391,3040474
49,000096,2017-11-07,0.01812688821752273,0.007552870090634434,0.710845945312477,9359.0,30229.08671045376,346,3832197,2987757,326305,286973,1652288,1463801,886124,590091,765744,646892,201736,0,0,0,0,0,0,0
50,000099,2017-11-07,0.007835455435847072,0.007835455435847072,0.3039973507913177,10250.0,77247.97640502846,1128,17632501,14716265,831813,1407677,3845501,4981087,2748493,2716747,2635822,2143306,661320,1641411,1423202,364649,852524,428490,4633826,1032898
51,000100,2017-11-07,0.019108280254777066,0.010615711252653925,0.07885930249081177,268762.0,1485238.6725723664,3592,1142701948,1450588701,176683,380249,5525518,6117297,15659949,18977609,39778523,44968030,46654458,44355635,42341133,37676230,35686620,38950640,956879064,1259163011
52,000150,2017-11-07,0.03164315669081197,0.03240564239420496,1.2629876069108963,13260.0,159161.8082086577,431,6822174,25660135,331429,272195,1509841,1258517,1220863,1218537,1063926,3719724,765615,5317349,0,1412792,0,2189770,1930500,10271251
53,000151,2017-11-07,0.005069708491761693,0.0012674271229404788,0.647035626598017,11098.5,46711.67663297337,594,8656298,6986715,476587,636821,2461002,2463799,2523725,1546438,1535496,1331022,522018,657875,663170,350760,474300,0,0,0
54,000153,2017-11-07,-0.002195389681668436,-0.009879253567508184,0.2693729457261581,4500.0,47573.234916636975,1144,12840425,10098415,1112488,1157902,3058677,2850575,2974934,2781796,2176379,1389341,1865690,1206901,331568,0,1320689,0,0,711900
55,000156,2017-11-07,0.01080691642651277,0.0057636887608070175,0.4821422552379962,6930.0,60674.9011987153,828,10025549,10712507,660754,949044,3313727,2011281,1911113,2041382,1911152,2544328,780787,2256772,359136,0,0,909700,1088880,0
56,000157,2017-11-07,0.004415011037527394,-0.002207505518763919,0.0892330963633304,6825.0,157387.52736380984,2592,48345469,47612350,1720813,3183864,8353816,9345032,6816916,7372221,7484517,5243984,4061097,3565579,1139505,677688,910000,2205484,17858805,16018498
57,000158,2017-11-07,0.003141361256544517,-0.011518324607329933,0.26265891642418193,12376.0,82847.66944076946,1322,29685952,17094043,1308100,1282181,6591233,5129702,7005832,4541158,5971509,2172737,3331990,2078797,307418,1412306,0,477162,5169870,0
58,000159,2017-11-07,0.008237232289950658,0.0032948929159801743,0.2707611350920089,7320.0,52787.80399365046,502,5545170,6751529,446873,535130,1615556,1265735,1505829,1902144,795636,2081118,0,967402,0,0,496944,0,684332,0
59,000166,2017-11-07,0.010752688172043001,0.007168458781362075,0.11566296310695359,15820.0,183101.0741586042,2334,50420032,64489179,1964402,1249107,14279481,9390088,6910289,7677945,7506103,8754928,3026793,5888184,2847368,4691817,1706049,2277778,12179547,24559332
60,000301,2017-11-07,0.014134275618374659,0.0035335689045936647,0.133647195673941,14794.0,109688.14578399342,1797,43511439,32977654,1757546,1185481,9074500,6764603,8460173,6376736,8156054,7431005,5194564,4480819,2383276,2150864,0,446572,8485326,4141574
61,000333,2017-11-07,0.000948766603415585,-0.005692599620493399,0.8784885518903871,391571.0,743279.3881534047,3600,1176689634,913044356,26234,15910,1951675,938324,10442690,7101694,46565193,33793109,64415640,52673122,74374858,60019952,80709656,63341546,898203688,695160699
62,000338,2017-11-07,-0.00794551645856989,-0.013620885357548351,0.15032866639800743,88400.0,441912.7824279513,3441,406760063,385764887,1049547,861393,12388697,10549290,22510041,21921634,44868176,36359110,39189408,33480125,30702546,27713807,26061796,24844142,229989852,230035386
63,000400,2017-11-07,0.002024291497975561,-0.0013495276653171517,0.314992770270192,7465.0,135634.58918284075,2214,51216087,29352382,2713464,1359726,9027276,6629624,4581864,4369715,7805860,5835507,3891006,2399673,2528107,2586110,417939,980953,20250571,5191074
64,000401,2017-11-07,0.010533707865168607,-0.000702247191011196,0.271562446742341,35275.0,200271.54664215632,2751,141560960,121811543,1672254,1207713,15651755,11652706,17100296,15090889,22082816,22312831,19173995,16818808,11569666,8190045,7885727,8062486,46424451,38476065
65,000402,2017-11-07,0.0044682752457552155,0.0008936550491509543,0.24225398144319613,14638.0,157451.42592946143,2137,65448950,46171507,1372760,1377604,11925768,7307711,7389702,5597377,18187302,7115337,5668509,7075396,2073135,2151110,1773546,3542281,17058228,12004691
66,000403,2017-11-07,-0.0003027550711474092,-0.003330305782621834,0.9836795080654753,32950.0,388118.70581597486,1127,82950688,54779792,748510,831806,5342972,4579352,5557711,5922557,9941470,7544886,5075055,3317345,8035807,4029558,4064164,3468533,44184999,25085755
67,000404,2017-11-07,0.004594180704440953,0.0,0.25178247378796753,13060.0,92729.0930211179,672,14079463,12397733,670749,661829,2835798,2400626,2300835,2930876,2630189,2232710,1756716,1275554,326500,305819,403845,0,3154831,2590319
68,000407,2017-11-07,-0.0038860103626942033,-0.005181347150259086,0.23691492711553502,2304.0,52118.123899959675,1062,12316970,5350324,1277102,511123,2729824,1928063,2187031,1602593,1423224,1308545,1461286,0,641443,0,0,0,2597060,0
69,000408,2017-11-07,0.0011254924029262536,0.009003939223410251,0.4469915489868621,25480.0,121797.31694861059,1582,59122345,49321500,1001264,1024141,8196395,6342505,8367602,7905131,12281857,12196560,7859270,5907582,4660969,6667761,4072263,2184447,12682725,7093373
70,000409,2017-11-07,-0.007309941520467822,-0.014619883040935644,0.3135855895835455,8788.0,52980.642032270414,475,7792388,4948309,410104,555395,2105066,1687053,1519116,905219,1570402,448847,443460,966850,1744240,384945,0,0,0,0
71,000410,2017-11-07,-0.012035010940919189,-0.010940919037199293,0.31035519722082205,10010.0,93592.65999672089,867,20189475,11254970,878247,1035894,3672367,3138139,3429755,2442621,3802568,2636352,1437424,1287014,0,0,1758643,0,5210471,714950
72,000411,2017-11-07,0.0,-0.005714285714285783,1.1481013843289507,2101.0,139208.52026129726,334,8116159,2245573,389381,69233,1206848,505451,1272510,683354,372026,987535,728051,0,312300,0,0,0,3835043,0
73,000413,2017-11-07,0.0,-0.007525870178739402,0.18859201849047952,50760.0,278651.8645333876,3180,229732451,174699744,1158578,898910,15767983,13173205,22338549,19342993,36833880,32961946,27105589,24700260,19381949,13648232,11948062,9411732,95197861,60562466
74,000415,2017-11-07,0.011023622047244164,0.006299212598425141,0.145579994042722,7632.0,129913.10671785333,1906,34204408,34457213,1909459,1026608,7937669,6713278,5908786,3954059,4286914,4106158,2236603,2700681,1315316,5500106,1313784,1269742,9295877,9186581
75,000416,2017-11-07,0.026027397260274032,0.016438356164383494,0.28621803911906,10220.0,80088.04098570529,650,9683481,11395426,809567,450508,2937723,2507488,2214066,2066106,2199475,2440363,812925,284832,709725,749403,0,0,0,2896726
76,000417,2017-11-07,-0.0022988505747125743,-0.005747126436781436,0.3291699738620621,13888.0,89080.15225667172,698,16189786,11503240,593458,632270,4933623,2165691,2626420,2455402,2646705,2892212,701255,982770,698264,329840,915739,484276,3074322,1560779
77,000418,2017-11-07,-0.003361344537815225,-0.010084033613445453,1.4572622179953039,23696.0,135669.3947057162,1669,51126449,46586414,940079,864782,10111125,8092781,8271907,7169730,9772796,8680729,4044509,5892886,3112224,2016051,3125527,1369182,11748282,12500273
78,000419,2017-11-07,0.016845329249617125,0.0015313935681469104,0.2987392518893986,2612.0,34631.6724914288,477,3614320,3559406,602108,258832,1312775,716642,695912,805967,1003525,949161,0,506315,0,322489,0,0,0,0
79,000420,2017-11-07,0.0,-0.0031645569620254443,0.11576646931550494,2504.0,60224.2042635969,746,7209467,4239006,824243,650506,1461524,1675085,1330526,574403,668939,590378,713305,235814,0,0,439600,0,1771330,512820
80,000421,2017-11-07,0.01812688821752273,0.010574018126888296,0.26024457998474526,4655.0,40994.183610452696,647,4100015,7827901,789549,831490,1778963,1919072,1040671,1520588,245612,1230107,245220,1187080,0,667884,0,471680,0,0
81,000422,2017-11-07,0.00219780219780219,0.0,0.1547444900323186,8645.0,65020.547962043034,865,12798233,10515884,753631,937138,4284745,2951793,2070901,1459798,2622338,942460,906335,1778947,0,698880,409962,866398,1750321,880470
82,000423,2017-11-07,-0.004559270516717229,-0.005927051671732575,1.2136918984476046,66050.0,259401.28888551943,2939,221808848,182605138,734914,906561,11298996,11038205,23165841,24936270,37307252,34323321,26915453,20943458,17437803,17262701,17036825,14690489,87911764,58504133
83,000425,2017-11-07,0.005464480874316946,0.0,0.0715418025424247,9936.0,111395.80506880053,2640,51023242,46451803,1899312,2083294,12813003,9137296,8550527,7469871,8127914,9688174,2917418,4837159,4001843,5164167,2570435,819474,10142790,7252368
84,000426,2017-11-07,0.0009345794392525697,-0.0065420560747662115,0.2539383236322165,10780.0,118248.18859604477,1778,38091389,37015626,1941678,1094513,7418149,5868761,5665971,5780364,9273571,7982334,4386769,3239126,1940806,1387571,2248806,462240,5215639,11200717
85,000428,2017-11-07,0.006711409395973256,-0.0022371364653243075,0.23061283996246948,6816.0,80071.5643256844,375,6629520,4995714,404789,445651,976553,1363725,243324,750992,1412082,411315,1284772,705481,1016180,340032,446000,978518,845820,0
86,000429,2017-11-07,0.012150668286755817,-0.007290400972053468,0.2195252631551867,8200.0,83948.1753478999,1406,22945865,14004842,1555356,1384914,6296342,3978617,2851110,2509063,2645024,1511229,1212775,505594,328018,939765,0,896954,8057240,2278706
87,000430,2017-11-07,0.001052631578947416,0.0,0.6224104678008411,8514.0,33183.01038451433,232,2088772,2048348,275955,391789,971754,643053,373904,315542,467159,171000,0,526964,0,0,0,0,0,0
88,000488,2017-11-07,0.0023809523809523725,0.006547619047619024,0.31466919655149206,43368.0,215161.21921805362,2852,150646355,177599514,803007,1602775,10270301,14611273,13105715,20546206,25224693,31532433,14242211,25357464,14478292,20409783,9525155,8771919,62996981,54767661
89,000498,2017-11-07,-0.004048582995951455,-0.0013495276653171517,0.1884080103757362,6651.0,48205.17371347576,1553,17888504,13246677,2359936,1770051,5647058,4571216,2923797,2212558,1092006,2558028,2962596,986394,1444406,747892,0,400538,1458705,0
90,000501,2017-11-07,0.01662844036697253,0.004013761467889898,0.452831237313877,10488.0,104872.67305252008,1484,31669733,29780883,856197,1378785,3890709,5966100,6636980,6167745,6876832,5279026,3168288,2407690,3109867,1042318,1300996,1792703,5829864,5746516
91,000502,2017-11-07,0.004025764895330131,-0.007246376811594235,0.4351928210978594,13530.0,78885.54311304294,814,19874811,9958008,721497,641594,4704395,2878528,3361900,1940792,3792223,2567295,2985745,757008,745696,680791,414847,492000,3148508,0
92,000505,2017-11-07,0.008964143426295035,0.004980079681274896,0.37375163636231357,10180.0,70156.93683715154,721,13237603,10935793,469319,643749,2938459,2942938,2791103,2428735,2290171,2825476,1477123,1422072,1016946,672823,445215,0,1809267,0
93,000506,2017-11-07,0.0012515644555695093,-0.008760951188986232,0.28771167203938675,7950.0,89200.60004728993,771,13513036,8325685,758534,732541,3234800,2388670,1507373,2168930,2603000,1051767,743706,991485,2113248,397500,0,0,2552375,594792
94,000507,2017-11-07,0.052579365079365115,-0.0009920634920634885,0.23183889420135112,17153.0,100673.63942437105,1891,44782768,41432656,1021155,1412686,8667041,8859485,8506292,8403297,8753448,8825291,5583621,6204800,3412572,3114567,498960,1314565,8339679,3297965
95,000510,2017-11-07,0.0011415525114155667,0.003424657534246478,0.3326018115827406,8800.0,45326.69123084653,693,9948823,7160696,779511,838852,3162259,2475042,1945004,1875049,2558037,1118159,254330,208488,716018,645106,0,0,533664,0
96,000513,2017-11-07,0.01838736039226352,-0.020839008444565543,1.2932817409685653,101384.0,359377.327509311,3230,360697026,299049960,428774,753819,9715034,10468143,21977377,18619672,39118071,35985917,48095170,33280365,36085597,28798244,26358073,24612854,178918930,146530946
97,000514,2017-11-07,0.001404494382022392,-0.002808988764045006,0.26253970212487526,7821.0,50314.88371501795,735,10266085,5045829,826307,1053411,3281576,1989419,1915706,823895,896044,281388,511489,201356,1711100,696360,432588,0,691275,0
98,000516,2017-11-07,0.005893909626719207,0.0019646365422396617,0.16968238303109465,10220.0,74730.44572435344,900,17192120,14330978,659299,801250,3061452,3342153,2625717,3251485,2839065,3706221,2838756,1204071,1656787,664622,1283895,850176,2227149,511000
99,000517,2017-11-07,0.03406326034063256,0.014598540145985384,0.12469662812061527,8280.0,56171.69057039651,1089,12249256,14314156,1133871,1295160,3218811,4731403,2730920,3371451,2539131,1595502,698731,789353,1043651,353460,884141,884237,0,1293590
100,000518,2017-11-07,0.004048582995951344,-0.004048582995951455,0.32075256074491304,7370.0,37519.968435335795,533,6312055,3558179,622832,609825,2012912,1638773,1598525,852897,715172,456684,219328,0,702970,0,440316,0,0,0
101,000519,2017-11-07,0.005464480874316724,0.002185792349726823,0.23705387558661373,12740.0,77309.98434673974,1490,30820587,24280845,1646727,1468963,6498181,6258564,6375265,5255089,7000368,6349306,3212767,1684707,2019251,994612,1316329,0,2751699,2269604
102,000520,2017-11-07,0.02494802494802495,0.02494802494802495,0.14186812268123175,12375.0,130702.16018311819,1152,27285647,32388830,1068038,1161120,5360075,4030672,3074795,3025784,3529817,7059910,4072484,4102783,2678444,4909990,2735863,1795964,4766131,6302607
103,000521,2017-11-07,-0.0017574692442883233,-0.008787346221441283,0.21232266707196654,6756.0,76094.36781828539,718,13711037,11362519,881954,542108,2587387,1821766,2177098,1777317,2829232,1621653,3221821,1722879,366600,2334584,915045,453600,731900,1088612
104,000523,2017-11-07,0.002169197396963085,-0.006507592190889477,0.45049963995206643,4590.0,40836.38944038012,418,5440467,2240818,488888,396588,1584060,887920,1450486,746551,624141,0,474488,209759,360904,0,457500,0,0,0
105,000524,2017-11-07,-0.0071258907363421775,-0.013460015835312755,0.5666540033921527,6255.0,30622.047279614362,496,4872287,3439565,315945,484488,1709257,1539674,854248,807302,1314446,608101,678391,0,0,0,0,0,0,0
106,000525,2017-11-07,0.03427331887201723,0.028633405639913345,0.4675495800292285,39916.0,152536.13662183352,2432,101935918,115124395,1111516,1175556,11436677,10609332,13861671,15512674,20633659,22884075,13514675,17109340,10568101,12318321,7205475,8516692,23604144,26998405
107,000528,2017-11-07,0.0036991368680643344,-0.0012330456226880004,0.15796504717590965,12135.0,93504.87477254537,2641,55571799,40998773,3067653,1995267,14780145,9702081,8191588,7121256,9143673,8024044,2475174,5192181,1865680,2111157,2253875,3523083,13794011,3329704
108,000529,2017-11-07,-0.007537688442211032,-0.017587939698492372,0.27792573122355035,11700.0,108807.82665139041,820,17331200,12410149,808748,704766,3265055,3210473,3858740,2970470,2604048,1889521,1344250,1702879,1015900,312000,440030,915883,3994429,704157
109,000530,2017-11-07,0.0031104199066873672,-0.0062208398133748455,0.19266823050540102,14651.0,101909.68340586899,1114,26755578,23199600,648251,1237506,4920854,4952886,4479245,5370706,3605886,3893471,3353632,2009280,2470284,1772774,1722800,1366632,5554626,2596345
110,000531,2017-11-07,0.016091954022988464,-0.0034482758620688614,0.2505393367980087,12074.5,63780.0323999327,1206,22266644,17323489,1147845,1151346,5506322,5022343,4627606,3066942,5532653,3575883,2074424,3655211,661977,325616,473624,0,2242193,526148
111,000532,2017-11-07,0.03779786359901394,0.010682004930156141,0.4527626142392795,12350.0,63493.44600837262,722,10227853,14653738,573228,695671,3060700,3326135,2130282,2254923,2729575,3949312,1274048,2001802,0,362441,460020,1308246,0,755208
112,000533,2017-11-07,-0.015686274509803977,-0.01764705882352935,0.5133224529819403,13566.0,362911.8977077483,394,29686762,6479208,172209,324610,1491134,1581952,1219780,1178754,2164077,709586,2134784,477555,1021381,0,1931746,0,19551651,2206751
113,000534,2017-11-07,-0.0027247956403269047,-0.0027247956403269047,0.9499373165126727,8757.0,164436.33820866598,238,2776294,5618574,167402,217879,745131,1053352,567205,947443,765524,695300,531032,217500,0,0,0,0,0,2487100
114,000536,2017-11-07,0.00366300366300365,-0.001831501831501825,0.19161203801289792,5500.0,64327.23330999788,812,12560143,9436155,1328315,711778,1595363,2161594,2104528,2016928,2906411,1577119,1404536,1298871,372780,691740,1776678,450565,1071532,527560
115,000537,2017-11-07,0.033507073715562274,0.027550260610573307,0.3443027487383241,25056.0,194921.21698936523,1524,46715545,63999549,915303,908650,7522087,6653267,8474907,8560678,9365345,8672711,6710650,4334234,2275205,5497848,2558790,3969429,8893258,25402732
116,000538,2017-11-07,0.00828571428571423,-0.0019047619047619646,1.8592596839847095,105520.0,503615.29157153156,3194,403170172,372494985,0,14022,10812629,7923496,28664966,15748897,50146916,35679306,33315698,30704954,29212865,29192126,29217512,23631556,221799586,229600628
117,000539,2017-11-07,0.00988142292490135,0.011857707509881577,0.18489437513227802,4104.0,49536.09383231264,750,4180774,6063202,349843,1206575,2706715,1182688,512515,892810,611701,532139,0,254999,0,335462,0,0,0,1658529
118,000541,2017-11-07,0.001094091903719896,-0.002188183807440014,0.26352596810731893,9120.0,81293.30873592061,1203,21231039,19245877,972615,1260171,4142352,5075636,4019038,3944819,4199125,3721852,3543093,1975520,989315,737806,408141,0,2957360,2530073
119,000543,2017-11-07,0.003717472118959231,0.0018587360594795044,0.20826168389262092,8084.0,137475.57745629447,667,11668829,12191990,948208,396667,1541271,2225580,1685565,2115650,2130711,1338810,709482,1257868,666743,1007877,831677,0,3155172,3849538
120,000544,2017-11-07,0.008797653958944274,-0.002346041055718451,0.6078439589257916,11917.5,86231.86739624274,786,15904930,9362883,925302,808468,3589667,3239357,2810225,1414973,1712869,1402399,2256335,468934,340800,0,486200,859122,3783532,1169630
121,000545,2017-11-07,0.0036832412523020164,-0.0018416206261510082,0.17854862833634114,7602.0,57183.08567607212,925,12753509,11448040,753506,747045,3240850,3379328,1972757,2269626,2403962,2573643,1248500,1681358,710993,311040,1401236,486000,1021705,0
122,000546,2017-11-07,0.03438395415472795,0.025787965616045794,0.4211100468751987,16056.0,105959.7112973073,1720,33369986,48972169,1843108,1193435,8064388,5952931,5452350,7675557,8111973,9493712,5843178,5569121,1422336,5889369,423519,1763620,2209134,11434424
123,000548,2017-11-07,0.011235955056179803,0.004213483146067398,0.3233517485738791,8610.0,48438.225151809485,484,5986281,4953052,473276,468612,2523711,1704846,1260039,1370188,332328,603351,465128,203775,367104,0,0,0,564695,602280
124,000550,2017-11-07,-0.0059880239520957446,-0.00816548720740351,0.5887021450213243,9175.0,86624.76191141858,973,20847165,7281674,1487103,902749,4395451,2847554,2769036,1632208,3156461,1675903,1406958,223260,1760288,0,419756,0,5452112,0
125,000551,2017-11-07,0.011547344110854452,0.0034642032332563577,0.40515454739557777,12172.5,61549.73613879893,456,9042580,6098822,330249,597519,1748266,2069915,1364631,1692008,2616907,982262,996327,757118,717510,0,1268690,0,0,0
126,000552,2017-11-07,0.010781671159029615,0.005390835579514919,0.09349979478447867,1882.5,61322.3120096387,1580,13389785,15750901,1497042,1050253,3366272,3157601,2553081,2227370,1736930,2844292,757304,1647062,1437598,1409530,895918,955626,1145640,2459167
127,000553,2017-11-07,0.06204620462046195,0.0435643564356436,0.2924710759761824,42930.0,190704.04887909262,2686,116893655,150526506,1272123,1176797,14081865,10256590,17507114,14966860,21515006,34915702,18946382,19885301,10934875,15367409,7123096,8628217,25513194,45329630
128,000554,2017-11-07,0.030467899891186256,0.030467899891186256,0.20995871098665062,24648.0,147799.94134211767,1918,59555224,81312569,1546586,1319410,8329475,9124980,7944902,11483616,10594414,16141197,8240700,13061696,5545981,5955044,2674371,5310273,14678795,18916353
129,000557,2017-11-07,0.00943396226415083,0.007547169811320753,0.18521077461880875,6929.0,166301.02048361037,819,12904304,10389660,657975,974480,2764247,2828230,1773395,1896342,1101264,1382383,1647911,1303302,393888,1040737,0,427966,4565624,536220
130,000558,2017-11-07,0.006688963210702115,0.006688963210702115,0.20854469644714074,7871.0,51019.161422573015,822,7532793,11562767,639705,1029668,2987115,2981582,2214498,2051980,826218,2505909,550782,773526,314475,965409,0,416493,0,838200
131,000559,2017-11-07,0.0,-0.011314186248912117,0.26613206472251694,22720.0,184895.87620744854,1865,75162268,49231238,1053545,1033310,9705563,8486305,9780884,8370614,14664269,8009860,8184380,6464218,5148823,3315672,3094118,491411,23530686,13059848
132,000560,2017-11-07,-0.00952380952380949,-0.014285714285714346,0.2518407219814314,16592.0,84706.79408848447,1739,45392052,28368876,1104979,1277382,9849855,7644752,8308517,5937412,10466707,5625161,5868127,2155367,2919493,708900,437382,1730294,6436992,3289608
133,000561,2017-11-07,0.005476451259583737,0.0010952902519167917,0.3064563026002911,7264.0,54028.68229494957,887,9717967,7992699,798637,1367930,3040838,2701870,1898128,1747694,1073691,1338341,532718,0,315076,382689,0,454175,2058879,0
134,000563,2017-11-07,0.009861932938856066,0.009861932938856066,0.13238595650907914,7154.0,135747.65138088033,1469,28022769,34230170,1412564,1200659,4984960,4592656,3163143,3722202,5072058,4918109,2013805,1618116,1359101,1413645,2579545,2357800,7437593,14406983
135,000564,2017-11-07,-0.0018181818181818299,-0.0018181818181818299,0.144837829253768,5485.0,51882.81206761959,1444,17437273,13328960,988632,1653137,4240401,5345615,3380727,1747153,2389115,1774727,2842683,1061054,2003582,705079,418209,485595,1173924,556600
136,000565,2017-11-07,-0.00864197530864197,-0.014814814814814725,0.31164666285576653,8020.0,27927.116828584207,675,8131897,4061479,654196,700612,3616075,2118276,1765076,961565,1634262,281026,462288,0,0,0,0,0,0,0
137,000566,2017-11-07,0.019305019305019266,0.009266409266409426,0.4102063701610541,32850.0,164636.9672294214,996,48279868,44421502,675401,449162,4514552,3521145,5419107,4480708,13635272,7209108,7465615,6844483,4480581,3518626,810448,2698263,11278892,15700007
138,000567,2017-11-07,-0.008120649651972234,-0.015081206496519783,0.6158532406519097,27687.0,117762.11834072339,1765,57175660,48235939,1116035,1005966,7401903,12943288,6443077,8504307,11291677,10089347,10715650,4840218,4088202,1733757,4511813,1745444,11607303,7373612
139,000568,2017-11-07,0.009090909090909038,0.007727272727272805,1.20574953915656,87990.0,414309.64670404803,2998,317372404,312446651,589240,1068687,10296418,9491087,20236005,17725307,35648912,34075167,39103030,28378663,31014520,33878601,22693915,17692479,157790364,170136660
140,000570,2017-11-07,0.0030816640986131016,-0.013867488443759624,0.26051182703611037,7668.0,97084.29489891476,621,17329548,8401489,214899,904591,1125278,2702997,1021866,2123605,2923898,1622056,2673543,0,5230848,318000,0,0,4139216,730240
141,000571,2017-11-07,0.001494768310911887,0.0,0.23558377767297128,2690.0,53665.680169887135,806,10121608,6236783,886825,319702,2249016,1926316,2121722,854300,1489282,1392737,1141335,680050,652872,644174,894520,419504,686036,0
142,000572,2017-11-07,0.0,-0.005870841487279899,0.13432907226296806,10220.0,97851.51599844532,1449,34653855,24656154,1431898,913035,6394736,4386234,5265454,4640961,6146790,5386626,2490647,2334761,2002339,696816,2695247,2215151,8226744,4082570
143,000573,2017-11-07,0.0,-0.011049723756906049,0.2134051948091638,7532.0,58947.735677257224,647,10053906,8519234,433991,616445,2060576,2070815,2193961,1771901,1700506,1743119,2003494,1024520,1661378,739370,0,0,0,553064
144,000576,2017-11-07,0.0012224938875304847,0.007946210268948706,1.1030196322676518,16300.0,365632.17259339243,219,6858364,18017536,217938,137600,1031564,362891,1209148,605661,558569,911181,481545,0,303924,1985310,881360,852490,2174316,13162403
145,000581,2017-11-07,0.008863819500402936,0.00725221595487513,0.5384287739679949,32630.0,213087.65194898413,2125,115419463,105110447,1436241,953135,11036240,8571112,12962220,9873385,16874203,16013746,13233558,10257375,7004923,8222312,5806069,12264092,47066009,38955290
146,000582,2017-11-07,0.014814814814814836,-0.016296296296296364,0.27674942520796336,25127.5,94144.47489420146,2382,78310822,52374354,1662659,1413687,13175653,10894064,15136577,11423219,18344478,14100738,10459780,5346161,6819096,2477941,3193276,2213344,9519303,4505200
147,000584,2017-11-07,0.013934970139349634,0.010617120106171107,0.3168851725644665,35040.5,220319.8759847801,2266,110550123,114693162,434430,697103,18600743,7967602,17016453,11314620,24921073,13665213,11530384,11322809,7813307,7255536,6866997,7561326,23366736,54908953
148,000587,2017-11-07,-0.004477611940298498,-0.0014925373134327957,0.15713288671979272,14608.0,320019.677602011,1822,55275287,79524321,1549504,1411984,7903422,7331579,6229768,4977586,11045985,9393287,8798626,4666063,4976449,4496366,1700753,1319849,13070780,45927607
149,000589,2017-11-07,0.006036217303823088,0.00201207243460777,0.21577332092614207,5010.0,59820.80127242296,530,6367269,7608028,418388,724977,1340886,1926243,577948,1003759,1644841,1625440,1050854,1023226,1334352,323460,0,980923,0,0
150,000590,2017-11-07,0.012587412587412583,-0.004195804195804231,0.7117504193855254,14130.0,52413.65835676094,403,5928980,6232248,252800,377332,1777790,1967757,1571785,1136812,915176,2036997,1082899,288845,328530,0,0,424505,0,0
151,000591,2017-11-07,-0.01092043681747279,-0.01092043681747279,0.1422688712832063,12660.0,150548.46377207324,2034,57091176,36303218,2100872,1013371,9236309,7838448,10032200,6335497,9947845,6750537,6141574,3103515,5854081,1941028,915793,2793398,12862502,6527424
152,000593,2017-11-07,-0.0127768313458263,-0.015332197614991494,0.4668398921024164,14148.0,120525.74395563909,632,22754726,11555162,290912,601307,2514550,2819788,2410383,2183440,4483042,2034632,2267894,1415010,1764688,623469,469200,1372476,8554057,505040
153,000595,2017-11-07,-0.005084745762711895,-0.003389830508474634,0.17973059429008112,11780.0,53534.890808653356,1078,20144178,11951614,1097363,764401,5190117,4017299,5031783,3118182,4661159,2493222,1170686,839350,1747701,719160,0,0,1245369,0
154,000596,2017-11-07,0.0004050222762252975,0.008640475226137534,1.4840940544484436,44577.0,224152.64420739448,2494,128240933,123920093,1092335,1750360,10468560,10986836,17378385,14995636,27511296,26723235,12301718,17765593,9751715,10283562,5717060,12818442,44019864,28596429
155,000597,2017-11-07,0.0330788804071247,0.02374893977947412,0.2671670270637284,27922.0,248266.63565665355,1949,89268997,101401282,1124029,930499,8863668,8771335,13157824,9620089,13246455,13378616,11857961,8793493,6863782,7254507,3265712,3591004,30889566,49061739
156,000598,2017-11-07,0.006956521739130528,0.003478260869565153,0.15719639466334814,15525.0,142288.37544997642,1339,32745147,32763186,1144050,894823,7834682,4577353,5370143,3459188,5988232,3307744,4077505,3291720,947188,1637415,2561824,2779990,4821523,12814953
157,000599,2017-11-07,0.009693053311793154,0.004846526655896577,0.1889453658760275,6240.0,59085.166397772926,1074,11996363,16089604,1144219,882873,2736195,4113332,2010036,3339878,1813702,4125544,719773,1591873,1953618,1376300,400568,0,1218252,659804
158,000600,2017-11-07,0.002111932418162654,-0.0021119324181627652,0.2315734290495965,18760.0,131830.7544408187,1673,52565522,49693272,1621776,1502192,7743946,7078536,5891121,6899260,12150936,10541559,5558191,4586808,4089236,3082377,4120739,1817140,11389577,14185400
159,000601,2017-11-07,0.002450980392156854,-0.00367647058823517,0.26048751231713596,15523.0,99333.0253711839,981,25329290,16975514,1039809,641050,6900058,3241404,4202096,2041418,2980369,3355632,2439736,2514273,0,645206,0,1721300,7767222,2815231
160,000603,2017-11-07,0.0,-0.0015797788309636074,0.5021362150587796,12540.0,45326.27968274986,635,8402162,9598216,449503,652506,2474788,2810919,2215674,2090233,2194808,2894656,1067389,747946,0,0,0,401956,0,0
161,000605,2017-11-07,0.01032863849765242,0.007511737089201942,0.606791374882999,17172.0,74337.08620175275,1232,23060956,26207090,847204,774964,5683758,6674646,4357513,4656372,5329090,4214733,2987269,3455073,1662333,2480813,1679574,1258438,514215,2692051
162,000606,2017-11-07,0.0,-0.02596153846153837,0.19117926221119877,15660.0,156126.27781969125,2978,96823943,68359957,3628801,854473,17419700,7150238,13617447,8400568,18821226,13448063,11077133,9748597,8590258,5514379,3612777,2697716,20056601,20545923
163,000607,2017-11-07,0.005555555555555536,0.0,0.2761668308354088,5776.0,40233.43232873064,679,7055411,5057789,827919,489590,2517017,1321328,1498402,843302,1187213,688296,687180,709447,337680,1005826,0,0,0,0
164,000609,2017-11-07,0.017988552739165886,0.002452984464431651,0.5666926455451604,13398.0,79167.13481303657,465,7416787,8959379,294308,451784,2184422,2369211,2495281,808134,870772,912421,0,1047074,1033884,673001,0,0,538120,2697754
165,000610,2017-11-07,-0.011670313639679075,-0.013129102844639085,0.5469935224636443,13695.0,71954.48679046455,628,15204420,8108159,558481,454143,3614647,2002498,3852051,1822213,2969551,955389,2254602,1743421,0,303296,842100,827199,1112988,0
166,000611,2017-11-07,-0.021052631578947323,-0.022368421052631593,0.2924438913274817,15020.0,84472.54425509462,675,18067466,8773972,411341,751090,4062985,2533791,3901786,2112410,3223390,1560947,1251027,702970,2917464,302064,454233,0,1845240,810700
167,000612,2017-11-07,0.0142180094786728,0.008530805687203769,0.2668742422680059,13819.0,133944.45133028945,1563,25312864,52576662,1190354,1489018,4466305,8581961,5356487,7945037,6694354,6713979,2717168,4247641,1042343,1095906,1417280,2559534,2428573,19943586
168,000613,2017-11-07,0.01845018450184477,0.011070110701107083,0.3345335160633705,11564.0,62677.23769707688,590,9962104,7928141,588373,655006,2728411,2604979,1906842,2289567,1980357,1086272,560873,615834,358005,676483,915014,0,924229,0
169,000616,2017-11-07,0.009501187648456089,0.004750593824228044,0.1632526220976016,8400.0,72704.53952254815,665,8849304,9427420,540233,841851,2240383,2912974,1213692,1699605,1750833,849327,1373760,921161,348572,647382,0,435760,1381831,1119360
170,000617,2017-11-07,0.030403172504956943,0.03106411103767348,0.4655211984710205,12536.0,56119.341724462094,1056,14832590,17678599,849292,1103624,4273036,5172835,3370218,3443256,3122178,4195390,2027197,1447429,709275,319056,481394,857535,0,1139474
171,000619,2017-11-07,-0.0011415525114154557,-0.004566210045662045,0.47306226948485736,7012.0,27596.815959504576,342,3452481,2012768,359916,338099,1459928,1088596,724474,586073,643611,0,264552,0,0,0,0,0,0,0
172,000620,2017-11-07,0.0015527950310558758,-0.0031055900621118626,0.28248138367258224,7728.0,51030.67323874812,519,6345074,4698928,541494,463694,1700446,1893015,1367161,1117231,1129919,246652,0,425666,963772,0,0,0,642282,552670
173,000622,2017-11-07,0.01903114186851207,0.01730103806228378,0.2737525525779146,11700.0,52170.05397435368,445,6247849,7381230,356936,433263,1782994,1737690,1652307,1044473,1427671,2501404,1027941,1254087,0,0,0,410313,0,0
174,000623,2017-11-07,0.013367830961621419,0.006899525657610983,0.4365856733986583,56200.0,275477.8634013103,2822,189110656,203428430,868351,1004928,13143272,10989329,15938768,17528414,34902221,32166521,26107581,23585688,17749571,16129722,11645319,15807862,68755573,86215966
175,000625,2017-11-07,0.0059970014992503096,0.004497751124437732,0.2837980538225976,22754.5,196566.82294043928,2210,76239652,87289529,1213840,1525232,8999117,11880074,9120736,11977874,14240353,14196173,9021945,7981953,6095684,5232306,4907469,2579104,22640508,31916813
176,000626,2017-11-07,-0.00990099009900991,-0.013861386138613874,0.5005354425017621,14955.0,88357.78809105551,916,19580337,14865300,579652,1054323,4404827,4445491,3119610,4301654,2594051,2494401,1289260,922916,1030302,0,2242552,892510,4320083,754005
177,000627,2017-11-07,0.011258955987717645,0.01535312180143289,0.17476955183267096,54550.5,265644.62446276593,3130,220828057,239190679,1509373,1326228,12488516,12194028,18086169,17157164,34291924,36473689,22930972,24136926,19423458,23711749,22186466,15609798,89911179,108581097
178,000628,2017-11-07,-0.0066079295154185536,-0.011013215859030812,0.4066161454379435,8068.0,30842.064830712774,498,5525982,4313177,456511,592649,1625594,2459615,1284706,872113,1922997,388800,236174,0,0,0,0,0,0,0
179,000630,2017-11-07,0.0035335689045936647,0.007067137809187329,0.057049163092988506,8490.0,233312.31808044564,2495,62883708,67252026,2114449,2601010,8322213,9252839,5947206,7892619,4930438,5919104,6515883,3811523,3450749,4608815,1872954,895603,29729816,32270513
180,000631,2017-11-07,0.004728132387706863,-0.011820330969267268,0.11803329641313244,5845.0,88905.48650700068,1288,19551755,17218791,1157791,1130491,2962047,3884305,2253335,2734211,2233452,2898711,1231637,1927155,2480674,2685204,479283,897394,6753536,1061320
181,000632,2017-11-07,-0.0028943560057888007,-0.00723589001447178,0.4094916858564511,7562.5,57607.83768828987,284,3371811,3757678,258488,272098,1177825,1046920,650676,463253,1284822,254037,0,694270,0,344000,0,0,0,683100
182,000633,2017-11-07,-0.017492711370262315,-0.01846452866861026,0.2599511942061548,13312.0,78847.66609198564,1569,33186831,24825298,1310434,888555,8190031,5937921,7120236,5434405,6337898,4522000,3379291,2978409,932261,973988,1328334,458694,4588346,3631326
183,000635,2017-11-07,-0.006670709520921747,-0.014554275318374721,0.5788550062295945,11430.0,44841.80146406474,811,10130875,9627748,937293,1087820,4196106,3220534,2226187,1863086,1424276,1412775,1016529,979524,330484,0,0,0,0,1064009
184,000636,2017-11-07,0.05208333333333326,0.050000000000000044,0.17172942472687197,51688.0,309823.3732997456,3134,111385434,232522998,1642596,932391,11743275,15478992,21304968,35761503,25014089,36334309,10471266,20933517,8247794,11770482,6923217,8823075,26038229,102488729
185,000637,2017-11-07,0.014469453376205754,0.012861736334405238,0.18956615578974662,3792.0,42521.4072923481,1077,10495315,11319190,1122088,886743,2854482,2427225,2798882,3033431,2985451,2367181,734412,1061583,0,1014880,0,0,0,528147
186,000639,2017-11-07,-0.010536879076768702,-0.009031610637230347,0.661353334612923,8048.0,68116.11234225713,908,14026767,11482797,940232,1125787,3303285,2605664,2976095,1744329,3145897,1569500,2351571,224352,1309687,789575,0,495000,0,2928590
187,000650,2017-11-07,0.0034188034188034067,0.0,0.19543536919647875,8176.0,68654.63640425309,896,14100611,14329765,1326006,772480,2951013,3039548,2582502,1833706,3237406,2907899,1968580,2473611,317465,1696979,411487,888182,1306152,717360
188,000651,2017-11-07,0.013532110091742933,0.007339449541284404,0.7266986185635846,453457.5,1693410.1024132774,3600,1546867004,1665180335,57094,83801,1532498,1955794,6522400,9458458,32481616,41099511,48404341,52480104,51945420,58759847,50407495,48051967,1355516140,1453290853
189,000652,2017-11-07,0.0,-0.001956947162426781,0.1868169457523156,9671.0,97357.86766811766,748,16765812,10204820,804595,489961,3403163,1743605,2872320,1782818,2573106,1598637,974486,1270054,1049368,1026971,426966,403490,4661808,1889284
190,000655,2017-11-07,-0.006435006435006385,-0.007722007722007707,0.21714795919589946,14611.0,83694.53066045899,1281,27796795,23413879,1094657,1002238,5658658,5681565,5919480,4387396,6796612,4910992,1665846,1443352,1494605,2525388,1363910,871350,3803027,2591598
191,000656,2017-11-07,0.0021551724137931494,-0.004310344827586077,0.13073996052906262,7828.0,131444.9302209559,1262,21607578,23353544,1111981,1493686,4828897,3822949,3243990,1454158,1629052,3014354,2811879,2260873,1427584,1965895,1360567,964961,5193628,8376668
192,000657,2017-11-07,-0.006617647058823506,-0.007352941176470562,0.4014727305172222,9530.5,104720.38601214073,1148,22493416,14458073,1229478,650845,4724156,3805900,5184285,2928816,2379549,2655596,2189585,1276960,371220,1035972,405300,880650,6009843,1223334
193,000659,2017-11-07,0.01319261213720302,0.01319261213720302,0.15940654094862033,11460.0,72782.73350170998,565,8217371,10936725,382273,418475,2177267,2589412,2453444,2549580,2028518,1981613,293751,1432956,384532,342528,497586,472395,0,1149766
194,000661,2017-11-07,0.02320916905444137,0.016962750716332353,3.2831212130464924,54000.0,390963.4046800816,2849,220096967,238999725,9076,3387,10079120,17755891,22366155,23010377,33855643,28412730,15288147,11410551,17452603,16627109,7940290,8631361,113105933,133148319
195,000662,2017-11-07,-0.011522134627046543,-0.011522134627046543,0.6789992053781674,11494.0,45692.33524092987,589,10323947,5598806,747333,465242,2764587,2072523,2983575,1089037,2377466,1291658,437211,226872,1013775,0,0,453474,0,0
196,000663,2017-11-07,0.028732042473453845,0.017489069331667606,0.48734472328755557,19404.0,75074.1443190838,1079,15650303,31624909,836789,789871,4754590,6532663,4393275,7126259,2632731,8511733,908528,3438425,668270,674008,0,1721340,1456120,2830610
197,000665,2017-11-07,0.0054102795311090635,-0.0009017132551848439,0.4353743700509267,6666.0,61118.79813248923,648,9234089,7269714,614676,587310,2734712,1960472,2040570,1127591,1630230,908858,1146700,1142864,1067201,0,0,0,0,1542619
198,000666,2017-11-07,0.01271393643031793,0.013202933985330123,0.4994009507307071,20670.0,120229.03690861251,1677,49592462,49866608,1453952,847014,7546295,8857079,6362366,6631447,7908370,8003474,8031824,4705640,1026144,6579901,4607776,3850773,12655735,10391280
199,000667,2017-11-07,0.0062893081761006275,0.0062893081761006275,0.09941554103065832,7314.0,82433.23691190797,1026,14288346,11461316,1507954,698090,5094024,2565039,2289131,1590173,2459763,1316047,201294,1262122,1308678,391776,0,0,1427502,3638069
200,000668,2017-11-07,-0.00613496932515345,-0.008588957055214785,1.5403285508218398,8090.0,33918.86193111996,111,1613909,794302,87249,132648,339296,286378,403945,262156,783419,113120,0,0,0,0,0,0,0,0
201,000669,2017-11-07,0.0006671114076051143,-0.0033355570380253496,0.5470938922464162,13464.0,67622.60616972068,750,13565745,7822944,693302,471451,5503716,2173265,1682920,1062369,2013681,1092573,259327,737565,1002274,659560,0,463191,2410525,1162970
202,000670,2017-11-07,0.027941176470588358,-0.0014705882352941124,0.12987388811683506,24444.0,130178.10466990643,2751,92569345,65664230,1589917,1761465,13921922,14226807,15633981,14654934,21261845,14131721,13017811,4991740,4409927,3876622,3488681,3629327,19245261,8391614
203,000671,2017-11-07,0.02580645161290329,0.014516129032257963,0.12286686976128482,24900.0,188333.75050776583,2560,102211829,97736394,915276,1454652,15294360,12204208,11161288,12661237,15196976,21513951,11639477,10069435,10776974,8232759,4926278,4043383,32301200,27556769
204,000672,2017-11-07,0.005940594059405946,-0.002970297029702862,0.21737635191903526,19980.0,84223.36476951014,2160,49135454,44287330,1516370,1413482,12419393,10407954,10031917,9717243,11269783,9487169,4813667,4206662,1432735,3068996,1724307,1322803,5927282,4663021
205,000673,2017-11-07,-0.004295532646048206,-0.001718213058419349,0.6036583279478368,17280.0,149600.98844467412,371,8840468,14473282,312142,184829,1755237,1336292,1927834,1210709,1651729,2871945,1550760,711080,1063766,1111900,0,903326,579000,6143201
206,000676,2017-11-07,-0.008984105044920532,-0.013821700069108545,0.3688897563271667,10080.0,79879.48246411482,1539,28883922,17261215,2388244,675394,7504346,5434962,5578480,3124115,6468536,3673996,1197313,2059664,612819,727001,1309835,467810,3824349,1098273
207,000677,2017-11-07,0.004555808656036442,0.002277904328018332,0.20301867456226744,6280.0,57550.30534281008,467,5711184,5765587,393779,543132,1720429,1592938,1085856,397217,809484,677897,938636,701053,327000,1359430,436000,493920,0,0
208,000678,2017-11-07,0.0290404040404042,0.0277777777777779,0.2719159477497034,9792.0,40848.30182292629,848,9710999,11008545,1052050,959935,3738014,3889358,2429756,2543497,2260817,1981466,230362,0,0,704147,0,423800,0,506342
209,000679,2017-11-07,0.009815950920245342,0.0,0.3796815120164633,10595.0,48025.601300855626,460,6436614,5246451,449387,471958,2404964,1727871,1289558,893903,1094172,1408728,277264,743991,0,0,921269,0,0,0
210,000680,2017-11-07,0.005639097744360777,-0.001879699248120481,0.15096156290773732,10680.0,84210.64762103064,1243,21603993,18496361,836961,1038596,6172356,4639866,5237798,3449552,3246185,2471901,1031478,2036874,751956,348049,483506,475079,3843753,4036444
211,000681,2017-11-07,0.020990312163616798,0.0010764262648010892,0.6873441925237378,14647.0,81352.43547855374,731,19434250,11505544,746726,757910,2884983,2518631,2099502,3793432,7589488,2417321,1011567,1306503,377199,711747,863033,0,3861752,0
212,000682,2017-11-07,0.015968063872255467,0.011976047904191711,0.1804223331591002,7589.0,43689.923582244584,771,7352475,9255034,632206,812516,2701948,2812581,1594300,1949023,1567818,2105096,0,713100,303600,356719,0,0,552603,505999
213,000683,2017-11-07,0.0033783783783785104,0.006756756756756799,0.07314915413829363,6237.0,134491.5945903983,1650,29101019,33261784,1132461,1730930,5504697,5689016,2665306,3478847,3102682,5284638,2434480,2890034,1098764,1651341,2250594,940561,10912035,11596417
214,000685,2017-11-07,0.008547008547008517,0.003798670465337217,0.3218330736499284,9522.0,75411.54695298041,1070,16014873,16067309,1583153,1163833,3960191,3568033,2282834,3449623,3486276,3223945,926897,491106,1716000,1469657,945554,407424,1113968,2293688
215,000686,2017-11-07,0.01041666666666674,0.004166666666666874,0.2167708938559447,18392.0,119124.78500257983,1962,50670342,52080489,2868424,1222481,12673932,6677158,6094219,7711192,8795068,9449696,7226214,5784701,2437088,6090538,2852262,1714522,7723135,13430201
216,000687,2017-11-07,-0.0015048908954100604,-0.0015048908954100604,0.3503540632278201,13250.0,78476.95288068055,1439,31775882,24272552,1187621,978442,7355964,4868248,6691604,4166858,6164329,7244458,3201342,3090260,2155083,1032375,1316730,844512,3703209,2047399
217,000690,2017-11-07,-0.0052631578947368585,-0.003947368421052588,0.26853409407011125,15060.0,163785.11341255216,801,27515713,19354522,577493,771202,3365828,3021704,3981633,3041555,2487939,4304991,3111504,2772043,2731557,3583519,927812,437900,10331947,1421608
218,000691,2017-11-07,0.0,0.0028248587570620654,0.46694710899738767,11280.0,81282.62050526506,229,4302818,3412311,181220,257508,682400,1408294,415200,446468,1086074,347712,938214,0,999710,0,0,0,0,952329
219,000692,2017-11-07,0.003231017770597644,-0.00646203554119551,0.3574931453583402,9824.0,60231.3079990153,299,6186256,3164822,252810,333418,1194652,890114,1089279,839926,2822354,113344,409576,0,0,0,417585,422220,0,565800
220,000697,2017-11-07,0.008627450980392082,0.0015686274509802978,0.5876783078377489,28094.0,156575.22347964675,1883,74724307,66789387,870394,865145,9170388,10104736,10472602,10206058,12993470,16155335,8967728,10596822,4684896,3792089,2155082,3083730,25409747,11985472
221,000698,2017-11-07,0.006504065040650486,0.006504065040650486,0.23387149297967705,6190.0,72789.12711435193,691,8236433,10676130,671004,631957,1777359,2123657,1706883,2216472,1677464,3095886,1126030,939458,346640,0,0,495200,931053,1173500
222,000700,2017-11-07,0.0031847133757960666,-0.0015923566878981443,0.2339714451653829,12560.0,55983.37732575734,720,13400672,8199515,480037,887514,3797206,2461898,2522632,2050991,2118807,1282078,981136,1517034,2626364,0,874490,0,0,0
223,000701,2017-11-07,0.002546689303905003,0.00339558573853993,0.40181015707220663,8204.0,49381.387528471736,859,10361167,9175991,800168,1268354,3333354,3006546,1759516,1347864,1895485,1945375,992966,1155224,353675,0,0,452628,1226003,0
224,000702,2017-11-07,0.007425742574257432,0.003712871287128605,0.2666537023650999,6488.0,61870.430457400566,918,12525039,10383510,1249648,724779,2974737,3230497,2047209,2218785,2162340,1091770,710370,740786,1285425,676350,810618,472583,1284692,1227960
225,000703,2017-11-07,0.01627118644067793,0.012203389830508504,0.33536822962228235,16423.0,128380.47686996376,1941,37702417,58851078,972989,1870389,6819928,8419299,10969823,9626017,6925151,8720985,3932868,7349393,2130951,1614377,2675722,2193842,3274985,19056776
226,000705,2017-11-07,0.0,-0.011363636363636354,0.35891346717650613,9600.0,85613.85733616973,727,17272629,8456519,801193,837719,2711844,3000111,2105753,1475063,2052035,1375633,1303201,736703,2329975,337050,1701333,0,4267295,694240
227,000707,2017-11-07,-0.0015649452269169695,-0.007824726134585291,0.32121304491119035,3828.0,40977.22211806832,395,5622392,2686022,353101,414442,1116091,1019717,1247380,720113,1611952,531750,977368,0,316500,0,0,0,0,0
228,000708,2017-11-07,0.019279128248113953,0.021793797150041927,0.3455131433361758,16702.0,95913.25369406487,1193,30117164,27364495,798082,893883,4676174,5663948,5424964,5098465,5928174,5413439,4301450,3869838,3078406,2417317,901402,0,5008512,4007605
229,000709,2017-11-07,0.016949152542373058,0.014527845036319764,0.07434425054835682,29749.0,314072.4871575107,3109,155368776,236623447,1764444,2017260,13786242,12728349,13158379,15532178,19160955,21887704,17361618,22577048,8145203,15163478,12768092,17861999,69223843,128855431
230,000710,2017-11-07,0.035121951219512226,0.02943089430894319,1.335561860818872,37650.0,143223.77713961556,2121,77778121,104884648,832805,920760,9541126,10533159,11802713,13669106,16243073,21205923,9876757,16205512,9207138,11378018,4964036,10284729,15310473,20687441
231,000711,2017-11-07,-0.03023255813953496,-0.03410852713178292,0.37472046518829394,17892.0,88777.64575437877,1186,40144464,20049417,525451,951211,6001382,4566554,8258296,3201874,7562052,3856483,8653523,3646074,2689693,2683593,1730877,490140,4723190,653488
232,000712,2017-11-07,0.015167364016736462,0.009937238493723743,0.4587432666861255,19230.0,109940.85563285448,1737,48275397,46202178,2237489,904109,8367623,6683596,7158542,6943299,9827963,9423371,6837973,3994717,3842164,7262879,3846594,1798360,6157049,9191847
233,000713,2017-11-07,0.003968253968253954,0.001322751322751392,0.3529797677533954,6056.0,38789.648189590276,458,3454667,4980824,346645,620892,1063824,1851851,777163,1188930,585080,522227,255945,796924,0,0,426010,0,0,0
234,000715,2017-11-07,0.018536585365853675,0.019512195121951237,0.41214294525434114,8396.0,66582.21981967808,618,9919551,9740996,460458,519814,2072793,1644854,1258977,1623281,2428145,2675657,1393782,1994640,950302,365650,844594,917100,510500,0
235,000716,2017-11-07,0.011363636363636465,0.006493506493506551,0.19325579045814148,8073.0,55331.58596984119,1016,11062856,12268906,1540158,724902,4063861,3794014,2781344,2214521,1817401,2489355,550092,437805,310000,351780,0,459036,0,1797493
236,000717,2017-11-07,0.06790123456790131,0.04691358024691361,0.1365551710373891,142560.0,604540.3737838289,3535,518703083,635172434,504011,778498,8371524,9739295,19579370,19334699,45403006,47206749,40918888,45092468,38674906,46432206,33090898,37863847,332160480,428724672
237,000718,2017-11-07,-0.007677543186180413,-0.011516314779270509,0.156305820966673,8772.0,65497.55017950412,1113,22768918,9511139,983454,680111,4345145,2505570,4856990,2956235,6066565,1603538,2644147,488565,0,0,897093,446360,2975524,830760
238,000719,2017-11-07,0.013131313131313105,0.010101010101010166,0.41721733202626154,15984.0,109483.66610297075,563,17215907,12490862,584020,321315,2826751,1880029,2596951,1065162,6766459,3297020,2105764,2481341,757244,0,980518,0,598200,3445995
239,000720,2017-11-07,-0.019920318725099584,-0.013944223107569598,0.2101775070923019,8500.0,59791.88188148884,570,10824166,3997991,600679,499362,2825039,1582755,2065239,440610,1827489,826377,965574,648887,334158,0,964788,0,1241200,0
240,000721,2017-11-07,0.0,-0.0060240963855421326,0.2811689989708887,6610.0,32055.829920312033,557,5766976,4171501,558799,711542,1837464,1755448,1007009,872333,1660085,627268,703619,204910,0,0,0,0,0,0
241,000722,2017-11-07,0.0,-0.007985803016858917,0.5744845945459806,11200.0,68186.07831476978,384,8541391,4164461,298092,348506,1886239,1310654,1443797,422424,1764951,909008,1009734,673676,659620,0,445284,0,1033674,500193
242,000725,2017-11-07,0.004615384615384688,-0.020000000000000018,0.10847900399599016,1473726.0,5692816.547523668,3602,5029353130,5832467999,0,0,48825,0,530320,254278,7017832,5690987,16120832,18361989,21278429,30996036,30505557,46172223,4953851335,5730992486
243,000726,2017-11-07,0.004500450045004545,0.0036003600360037247,0.26206775431439183,6690.0,46723.761635488176,1798,21170371,17150175,2671320,734280,8853304,4906534,5472641,3527939,2645094,2989532,706286,1711658,0,717338,821726,0,0,2562894
244,000727,2017-11-07,0.0035842293906809264,-0.0035842293906810374,0.07306076532332591,7000.0,210213.06317107318,1469,48211291,23013740,1431668,1494033,5479870,3671988,4367852,2520232,4941510,2296291,3768618,2588855,1746540,0,3517065,495225,22958168,9947116
245,000728,2017-11-07,0.011084718923198622,0.004750593824227822,0.24626350276298753,38220.0,239094.7870659249,2632,134017630,135347945,1356675,908091,11558467,11893470,14365504,17402598,23047187,26799638,15072238,17125033,9837240,10264575,9160970,6483638,49619349,44470902
246,000729,2017-11-07,0.00815660685154973,0.00978792822185981,0.1498118118735064,6792.5,96922.66263341386,1676,25244200,26402301,940593,3089419,4921427,6084541,3380590,4325202,3995674,4709827,1341724,2972502,2282008,986690,401073,1338703,7981111,2895417
247,000731,2017-11-07,0.007672634271099765,-0.0038363171355498826,0.23266634026182076,7042.5,81765.30697512801,1130,18911077,11707426,1144849,901178,4017599,2882021,2679586,1973228,2028666,3419524,2707664,753294,743900,1778181,856987,0,4731826,0
248,000732,2017-11-07,0.02284710017574687,0.018746338605741153,0.421504382411261,6959.0,66660.1113309883,1641,18216542,26902140,2062534,1249442,6606028,4353306,2979575,4980502,3163721,6849082,434702,3274773,740892,2213837,1364989,0,864101,3981198
249,000733,2017-11-07,-0.0006468305304011546,-0.008408796895213455,0.47209310372208396,12232.0,74049.51128276768,1072,23797380,11828666,772713,1307340,4687057,4424477,4180225,2716961,4227378,2101056,1667816,565612,3053470,713220,3162426,0,2046295,0
250,000735,2017-11-07,-0.008303677342823335,-0.0023724792408066353,0.17262060989389408,37304.0,284284.42130421154,2391,144636307,120781273,1373653,1370765,11172686,9097523,15625109,11625681,18382119,17940677,19319032,12043629,11975136,10361184,10827836,9236782,55960736,49105032
251,000736,2017-11-07,-0.009061488673139051,-0.01035598705501617,0.5831443823606718,12160.0,60147.818626754924,702,10799629,8262365,695248,652874,3029116,3025288,2664859,1588667,2648012,1561234,668894,526322,0,306600,0,0,1093500,601380
252,000737,2017-11-07,-0.003424657534246478,0.0,0.19139705357883086,5790.0,80950.5280276514,931,11299447,8081638,1189848,673660,3207259,2448820,2846344,1700675,1491212,2417399,288000,841084,0,0,0,0,2276784,0
253,000738,2017-11-07,0.012107870115575015,0.007705008255365797,0.46536985804678777,16452.0,83435.5472994689,1524,31705463,33058863,1166368,1609878,7706918,6252962,5509109,5185919,5256270,8248592,4260461,4135337,2855985,2029930,862886,2591960,4087466,3004285
254,000739,2017-11-07,-0.0014285714285714457,-0.008571428571428563,0.1953934842718468,5616.0,29674.4884627307,1285,12565089,5856053,4295182,510169,4391453,2324322,1524811,1330770,933557,1429042,485486,261750,361920,0,0,0,572680,0
255,000750,2017-11-07,0.009242144177449063,0.009242144177449063,0.12369854320556686,8205.0,118403.43397830433,1917,35252693,41570188,3371203,1299756,5525555,6248692,5896672,6301584,5871600,6485140,3810511,5192577,1405718,2783825,918511,1324307,8452923,11934307
256,000751,2017-11-07,0.007619047619047636,-0.0019047619047618536,0.11486693296917719,15809.0,134747.8216596049,2095,59031967,51154684,1273405,1606716,8616458,7834731,8666795,11013663,9406444,11423295,5259503,5871919,4665460,1724735,3198116,4196286,17945786,7483339
257,000752,2017-11-07,-0.004347826086956608,-0.007246376811594346,0.6401486487016916,10956.0,45919.144676326694,464,7612787,4691169,355512,568036,2286494,1515984,2023935,1199661,1872065,695426,768781,231192,306000,0,0,480870,0,0
258,000753,2017-11-07,0.009389671361502261,0.0046948356807512415,0.17233079647259977,4280.0,40273.08508136756,611,5640518,4845314,740751,550373,2015232,1859702,813037,906870,1197708,846921,0,214500,0,0,873790,466948,0,0
259,000755,2017-11-07,0.02313167259786475,0.02313167259786475,0.29746790880164264,8880.5,308558.2072308187,356,12323313,18985744,583025,17641,1345561,624479,874948,799597,2121766,2273596,1003075,797836,664134,2708343,0,0,5730804,11764252
260,000756,2017-11-07,-0.02230046948356801,-0.02640845070422526,0.4211450704645988,16845.0,133974.85407336487,1638,62010494,28665632,1446331,1217776,6892759,7101438,7039209,5430098,17242850,7037339,5836583,2403099,5458056,1001933,952820,415000,17141886,4058949
261,000758,2017-11-07,0.005847953216374213,0.0029239766081872176,0.1717346774175142,13520.0,85397.18195829718,1588,28229067,33331147,1293346,1317413,5240616,6738198,5244273,11115532,5078403,5414409,3567327,767348,2074754,1781061,884476,3085311,4845872,3111875
262,000759,2017-11-07,0.01664932362122795,0.013527575442247697,0.25610594621508975,15101.0,62130.47408975575,1409,23819646,23853146,1390531,1492092,7927673,5681672,5409468,5826038,5188535,5753406,2329828,2065693,703728,328990,869883,801893,0,1903362
263,000760,2017-11-07,0.03144654088050314,0.02264150943396226,0.25464728408121856,9804.0,79785.95326145866,975,13466640,21132625,918652,987158,4276632,2667252,2370059,3809593,2142686,4865834,1000996,2517912,359115,2391629,803500,1795768,1595000,2097479
264,000761,2017-11-07,0.016574585635359185,0.009208103130755152,0.10395401847068915,21684.0,138109.8787479479,2740,85729889,87359337,2234102,1063758,12913686,9187008,17877083,11798050,18251246,15797023,9197308,10307198,6570019,7617467,4387705,5845824,14298740,25743009
265,000762,2017-11-07,-0.002382370458606231,-0.00655151876116733,0.3512407036429852,32686.5,183777.66613219917,2286,100894729,93760032,1317784,1206231,9502781,10551028,12318972,12672630,19467449,21598591,11064776,15146384,9212366,6191044,6283710,6107147,31726891,20286977
266,000766,2017-11-07,-0.0014705882352941124,-0.006617647058823506,0.5008015924813164,10904.0,98835.4381905396,737,11260802,19605303,669853,790956,3383381,2509320,2693074,1293378,2476053,2592818,1510875,1263981,0,2735274,0,1422750,527566,6996826
267,000767,2017-11-07,0.00943396226415083,0.0062893081761006275,0.134393573704479,5271.0,47642.46710027215,560,4769018,6591984,451184,676670,1447465,1892355,850707,692016,1097078,1394756,538584,218280,384000,1717907,0,0,0,0
268,000768,2017-11-07,0.003278688524590123,-0.0005464480874317612,0.387370879477133,27285.0,162661.22150464868,2233,101489654,73029394,1158397,1211685,13889465,10829282,10312639,7899242,19446927,9037491,21152356,9987982,9123193,6212011,5830591,6733600,20576086,21118101
269,000776,2017-11-07,0.022857142857142687,0.018857142857142684,0.3151988732038335,78210.0,649486.9723333037,3084,358514160,408068203,759768,764528,14491399,10273316,18920723,17394608,36584976,40792397,30670408,27826402,24600522,27601120,20740430,19117744,211745934,264298088
270,000777,2017-11-07,0.0037059913526866772,-0.0006176652254479276,0.5984614003347302,12303.0,49848.172039719706,731,11089135,9487414,699624,786178,2718156,3719610,2882493,1932699,2437122,1883631,1001330,821644,347870,343652,485100,0,517440,0
271,000778,2017-11-07,0.017391304347825987,0.012173913043478368,0.11805715556620736,19788.0,136667.01549564378,2378,55680669,79828113,1626842,1552668,12193701,10363924,10077732,12604084,9666997,14195139,5568001,10906060,3013314,7883394,2703756,4894449,10830326,17428395
272,000779,2017-11-07,-0.006748466257668673,-0.008588957055214785,0.6279824151020629,16180.0,59112.39572430155,673,13139459,6458533,687951,474817,4181178,2884465,2747518,1782298,2801141,663301,444454,221136,326561,0,462462,432516,1488194,0
273,000780,2017-11-07,0.0122699386503069,0.004089979550102374,0.24456948362921585,9329.0,38419.84962356103,399,3715174,4932773,388407,447940,1641723,1680942,625710,1068026,547582,1133185,511752,247000,0,355680,0,0,0,0
274,000782,2017-11-07,0.0066006600660066805,0.004400440044004528,0.3560981923445096,10956.0,51666.90701277577,651,10218077,9068712,735991,765142,2770268,2945966,2461816,3116141,2081070,1541780,273310,699683,308826,0,472680,0,1114116,0
275,000783,2017-11-07,0.011312217194570096,0.007918552036199067,0.17620852183970628,17820.0,176915.92722829359,2520,88282061,68464759,2393618,1529897,17451664,8282504,11612371,8887193,13902244,11642541,6350963,7061244,6055392,3759331,6009217,6610392,24506592,20691657
276,000785,2017-11-07,0.0,0.002868068833651982,0.6009383633806433,10515.0,43311.629942820255,302,3300364,4038451,264674,296642,1222137,1449181,618540,668154,815999,1063188,0,243136,379014,318150,0,0,0,0
277,000786,2017-11-07,0.03010348071495761,0.033866415804327366,0.37088718473302323,91722.0,420818.8834280032,3292,319674420,390150847,844923,798628,10142318,10495579,18372082,18014936,40146622,38142869,33485653,38574981,28350620,34331754,23400975,36299224,164931227,213492876
278,000788,2017-11-07,-0.0021505376344087557,-0.006451612903225823,0.40403963400048604,9260.0,57717.156311027575,529,8680315,4261773,571747,481518,2615684,1748651,1667259,1237543,1331904,582236,1062582,211825,0,0,0,0,1431139,0
279,000789,2017-11-07,0.018957345971563955,0.014218009478673022,0.20990213958795056,11892.0,178404.36907573912,1618,36705260,43307537,2212131,1457257,6661466,5648178,6050934,5394597,7633021,9526154,2497621,4344550,660355,1830411,2139990,2601401,8849742,12504989
280,000791,2017-11-07,0.0274122807017545,-0.009868421052631526,0.20183008471492642,17100.0,83805.15609600263,2043,52975492,34017689,1985061,1771804,10920102,8649665,10921773,7074939,11079537,6239738,6918121,5048619,2786706,2773138,2751721,476256,5612471,1983530
281,000792,2017-11-07,0.005326231691078487,0.0006657789613848664,0.28289360510524364,49665.0,305750.48481391463,2821,206345699,190843978,1160400,984434,11887515,11652110,17695288,15513501,29053034,30245292,23520034,19618535,18066139,20563908,16465912,8736079,88497377,83530119
282,000793,2017-11-07,-0.00191387559808609,-0.008612440191387516,0.3277974105332205,12960.5,116381.96177674967,1016,25607347,26850703,912884,492746,4027426,2374855,3352831,6374301,4977452,5222734,3435612,2152308,2729046,2104214,2617329,476778,3554767,7652767
283,000795,2017-11-07,0.004608294930875667,0.001536098310291889,0.16098207976903986,12407.0,73160.8062800297,1637,29977014,27670816,1518073,1677857,6955524,6489996,6495804,4921822,6253313,5862599,3700481,3976013,1697883,1054596,2163814,844256,1192122,2843677
284,000796,2017-11-07,-0.004971590909090939,-0.007102272727272707,0.4158366517951682,13990.0,63336.588970989134,1146,17343880,16362525,1134120,1239860,5275003,5228391,4508646,3244794,4460231,2505047,1620620,942820,345260,0,0,418473,0,2783140
285,000797,2017-11-07,-0.012213740458015265,-0.006870229007633566,0.34812315651465175,18158.0,153169.5054170893,1417,53707679,30861236,1362890,668994,6819210,4990061,7310528,4608761,10083631,6781534,7110838,4257709,4837121,2741867,489598,817782,15693863,5994528
286,000798,2017-11-07,-0.0044345898004433115,-0.006651884700665023,0.4361261953600865,7136.0,52796.4810804694,427,4880099,3356112,539597,513950,1379267,1328729,1850868,593114,586155,0,524212,0,0,0,0,0,0,920319
287,000799,2017-11-07,-0.02029950083194676,-0.017637271214642314,0.5164410808081796,90911.5,326504.36925557494,3388,329836935,251366074,448688,825199,11288881,12404361,23922012,22038258,52590626,53776836,46961387,30549808,23227127,29103982,26699157,17994226,144699057,84673404
288,000800,2017-11-07,-0.004930156121610518,-0.01396877567789645,0.23400545633520956,20451.0,176762.61182605274,2707,112387061,72746290,2919429,928862,15346978,8819414,12798907,10714019,19993480,15731808,9928974,5817411,6044727,6615616,9374002,4403747,35980564,19715413
289,000801,2017-11-07,0.004184100418409997,0.004184100418409997,0.2367354947424881,7140.0,55720.43474604342,917,9774617,11969838,779878,1255675,2758097,2957465,2041450,1581317,2785819,1957006,692373,1800579,0,1714156,0,0,717000,703640
290,000802,2017-11-07,-0.002043596730245234,-0.006130790190735702,0.42653727613609177,14570.0,67264.51508707266,1184,24935443,17105392,836667,1073283,6984687,4562631,4489658,4189151,6180474,3144117,1850579,1259848,1036760,661440,881750,2214922,2674868,0
291,000807,2017-11-07,0.03985507246376829,0.026268115942029047,0.19425047626320172,69948.5,490351.50923467963,3238,291459750,378621205,920614,718234,12727057,11134992,20026301,18702894,36548774,36254137,31980877,30705696,24277465,23421260,22711093,19562302,142267569,238121690
292,000809,2017-11-07,0.002421307506053294,-0.002421307506053183,0.2533037974700434,12360.0,90104.80089548428,265,8302711,3827020,155911,256092,1214808,1187715,962524,390756,1320928,633775,2142094,1358682,633415,0,0,0,1873031,0
293,000810,2017-11-07,0.007575757575757569,0.014204545454545414,0.362364624903742,10590.0,86140.17870849355,849,11500023,11814324,868238,778547,3843311,3405619,2538946,2112973,2139567,1313333,521982,1155080,640695,0,947284,931688,0,2117084
294,000811,2017-11-07,-0.0022883295194507935,-0.0011441647597253413,0.30908058304048475,9625.0,67856.71099785116,799,15410058,10630556,914024,797954,3781132,2514831,3585900,1953399,2946427,2189662,1652919,1486246,324384,386739,406352,0,1798920,1301725
295,000812,2017-11-07,0.008557457212714059,0.006112469437652868,0.40485802398348725,8240.0,58300.11930914689,408,5446093,4617090,420665,607967,1471316,1024482,1086675,1132384,925538,749872,506199,0,1035700,0,0,415225,0,687160
296,000813,2017-11-07,0.08695652173913038,0.07773386034255592,0.16822576539581177,12784.0,255686.8189474724,2047,45618910,68320709,1856035,1486630,8628598,6097333,9049272,6967930,9889425,10859712,6483657,6115918,1679512,4132392,4022489,3912285,4009922,28748509
297,000815,2017-11-07,0.029286474973375887,0.014909478168263934,0.5170100411892808,18755.0,77057.69950902824,1320,30508035,25236520,1089409,1088312,6206379,6637453,5990128,6069817,5938797,6045786,4565715,2997416,2469290,1343446,460310,419320,3788007,634970
298,000816,2017-11-07,-0.009049773755656076,-0.004524886877827927,0.08016496237299617,17121.0,524517.5729324042,3061,112364552,150058187,1451211,2564741,9521337,14492577,9600261,13682350,14356317,19047738,13540628,15491026,4164260,8423394,7773408,5952533,51957130,70403828
299,000818,2017-11-07,-0.0035714285714284477,-0.008035714285714257,0.41262842754129964,11180.0,98628.00591882985,736,21271098,9791212,609581,510564,3393645,2554261,2113461,2544626,4495582,2236008,1807097,916070,652792,0,1717039,474183,6481901,555500
300,000819,2017-11-07,0.017834394904458595,0.021656050955414008,0.5381454766044637,14337.0,53837.389222901314,851,10959308,15153453,868589,846062,4017416,3992696,2408178,2665704,2839369,3414986,497598,2075542,328158,667852,0,404711,0,1085900
301,000821,2017-11-07,0.004716981132075526,0.014150943396226578,0.30544823297385104,13581.0,89853.79832359731,2363,52126482,43402930,3189364,918992,11508515,8443708,10360671,7272055,10979600,8798548,4731754,5473719,2544052,4017882,1853508,3209050,6959018,5268976
302,000822,2017-11-07,-0.005639097744360999,-0.00469924812030087,0.22828791828426231,21180.0,130300.66825235462,2175,72274834,59219930,1192174,1845827,9000869,10044942,8251053,8952534,22098164,15853343,8096823,6470789,4395909,2025785,3550199,3555446,15689643,10471264
303,000823,2017-11-07,0.028262176788935722,0.022850270595309752,0.3239490016112446,44847.0,311487.2773834927,2639,174969143,201412796,1883496,754349,12260332,9193298,14881507,14835081,24080347,21965872,18915510,19147718,15037279,16957386,9307450,14998444,78603222,103560648
304,000825,2017-11-07,0.013207547169811429,0.007547169811320753,0.09256537946025063,53113.5,389276.0292046578,3294,258413088,319565322,1109367,914098,14003112,13503863,19448459,19364501,29904656,33551835,25087925,22354387,17765951,22878907,17442838,19568480,133650780,187429251
305,000826,2017-11-07,-0.0030924936744447518,-0.005903851560303597,0.7469037523637702,32040.0,213215.5835319914,2268,112592945,78217463,1235764,866420,16617884,8647847,13413101,9731041,21431475,15454070,9711860,9111738,12072789,6190102,6611278,3865352,31498794,24350893
306,000828,2017-11-07,0.006568144499178974,0.0016420361247946325,0.43507065617252927,13420.0,69229.30302022325,783,15097117,11421933,937188,364923,4988039,2049253,2932442,1912922,1962751,2998895,1212735,1640496,1006004,2028094,466494,427350,1591464,0
307,000829,2017-11-07,0.0204878048780488,0.01073170731707318,0.2772694285140222,8168.0,115748.79538282959,1367,15370833,25174127,1445383,1000719,4853247,4122796,2492752,2428326,2184712,3960501,1286714,2166474,2159399,2044664,948626,412800,0,9037847
308,000830,2017-11-07,0.018151815181518316,0.013201320132013139,0.21554860989965158,51156.0,291492.1596229232,3166,193054501,219357907,846143,1276890,11635612,17916969,18755089,23000321,27692671,38022092,24729894,22779866,17178523,19178094,18069753,15055093,74146816,82128582
309,000831,2017-11-07,0.004048582995951566,0.005668016194332104,0.2742401790188751,20876.0,125290.52679342551,2029,61932651,60218900,1619193,1204885,8235672,10639026,7738920,10204751,10832423,10831916,8491147,10956600,6055298,5297544,4718577,2714156,14241421,8370022
310,000833,2017-11-07,0.0053835800807537915,0.004037685060565233,0.2813386618386367,7490.0,39736.48495712611,697,6759089,7812741,629730,912251,2138065,2807618,1405282,1093835,1510470,2172132,738942,505265,336600,321640,0,0,0,0
311,000835,2017-11-07,-0.003236245954692518,-0.004314994606256617,0.3711860167411892,8325.0,51019.95163050778,623,9334871,5837036,628534,977431,2469603,1652269,1687965,1522880,2246943,1387816,457879,296640,753168,0,0,0,1090779,0
312,000837,2017-11-07,0.005594405594405494,0.00419580419580412,0.28226069493437916,13566.0,60967.69060129602,641,11532640,9770900,516245,771694,3161023,2261173,3063709,1549258,1917650,2204374,1131151,2163726,1030862,0,0,820675,712000,0
313,000838,2017-11-07,0.008090614886731462,0.006472491909385036,0.166615904794636,8722.0,86949.00893153058,1377,20327832,27198796,1042983,1308833,4687790,5591561,3565251,3936778,4312538,5582448,1242125,2658088,1385350,2031822,1773970,946770,2317825,5142496
314,000839,2017-11-07,0.061969439728353226,0.014431239388794648,0.19654096780546235,368318.0,2699155.874727729,3598,1398515419,1912377862,38660,106633,3340669,4045164,10564917,11522879,36824602,51823589,45419790,58004694,45174235,53624844,49147571,62427665,1208004975,1670822394
315,000848,2017-11-07,0.024630541871921263,0.007881773399014858,0.2331190513714752,25750.0,145903.96056514943,1899,63211984,50447250,776869,966532,11767211,8805519,7742471,9493977,10355742,9750159,11247885,5500165,3523419,2081017,910814,2756926,16887573,11092955
316,000850,2017-11-07,0.0020283975659229903,-0.0020283975659228792,0.2710297270552778,10342.5,42108.11490688067,330,5083677,3148526,289670,305370,1694317,1481185,964902,721532,1498325,407765,231710,232674,0,0,404753,0,0,0
317,000851,2017-11-07,0.004990019960079861,0.001996007984031989,0.39525690246207656,10060.0,53277.93549389687,642,10822022,7778794,543147,432910,2338566,2254612,2873846,1585937,2583000,1231226,1682105,1460834,375238,323840,426120,489435,0,0
318,000852,2017-11-07,-0.008709422011084822,0.0063341250989708,0.23668234729988963,34101.0,150105.0888968142,2852,115194224,102983589,1657460,1104769,15814451,12531776,18572422,16682914,25363556,22381439,18985222,12440908,10421877,10810424,7813744,9059434,16565492,17971925
319,000856,2017-11-07,0.012820512820512775,0.005036630036630019,0.44542740305155304,32985.0,177893.07707942766,2408,90771876,91512327,1031389,1216063,12388320,13103489,15172447,12571236,22026725,17822376,11113468,11703167,7811528,3119500,3850493,5445717,17377506,26530779
320,000858,2017-11-07,0.0078069552874378,-0.0007097232079488203,1.1822566656149411,259739.5,1062974.059413712,3552,879224497,856604039,113221,158826,4272722,5941081,13791121,13478970,42570388,43526411,54363675,53301832,52640794,46551097,48043049,48750191,663429527,644895631
321,000859,2017-11-07,0.002096436058700357,-0.002096436058700135,0.22545063923428615,9996.0,61893.610554612715,447,7044000,5551899,403266,495847,1880098,2385219,1267959,805033,1042226,734980,508589,761270,333200,369550,855950,0,752712,0
322,000860,2017-11-07,0.019716885743174872,0.018705763397370845,0.46424961915026275,25980.0,161773.73623398555,1816,66806186,72174277,1095037,843596,12190349,7485462,8930084,6876532,13437528,9322088,7156177,9099686,5904299,7424693,5419374,4111054,12673338,27011166
323,000861,2017-11-07,0.014164305949008638,0.0056657223796034994,0.14839681605679728,5814.5,65110.860534709886,566,6767625,6307342,464598,385202,2654706,1775217,1017535,510607,888956,1076678,292383,219848,0,1385490,0,424800,1449447,529500
324,000862,2017-11-07,0.0017421602787455193,-0.005226480836237002,0.2686254802543679,6259.0,28074.534151859894,456,4456072,3446641,406457,578512,1712786,1681531,1000490,871374,1109939,105064,226400,210160,0,0,0,0,0,0
325,000863,2017-11-07,0.007704160246533087,0.0015408320493066618,0.35574773180768354,10166.0,66585.18602755929,332,4455337,4965023,226242,313551,1237520,1474682,883606,786567,429412,794599,260799,739429,325000,300755,442758,0,650000,555440
326,000868,2017-11-07,0.012725344644750836,0.005302226935312904,0.16418989932458802,73496.5,314434.4201085285,3306,263850952,273009019,973338,924529,12131864,12108509,23574088,23944340,41108119,41660081,30306945,37109136,24462164,26529135,13066342,17641354,118228092,113091935
327,000869,2017-11-07,0.0057894736842105665,0.0007894736842104511,0.9610106865278271,23208.0,190755.25234906585,1564,71051994,46179763,994835,936221,7962978,8182557,6773697,7657783,9249477,8867411,5384381,6654836,6305290,4241647,1735055,1369740,32646281,8269568
328,000875,2017-11-07,0.004434589800443645,0.0,0.17317910593461253,8144.5,68119.79530176164,678,8827356,8771495,681651,845108,1940073,3188861,1133922,1192952,1432168,1564942,1190391,679941,706261,0,821046,426195,921844,873496
329,000876,2017-11-07,0.0013020833333334814,-0.003906249999999889,0.1670607165582717,18432.0,254443.3368899182,2116,88245605,86058230,1712947,1736526,9341147,9921793,8680760,9781953,10835428,11584805,6326237,5125795,6667082,8771548,3320099,1868276,41361905,37267534
330,000877,2017-11-07,0.010544815465729274,0.002636203866432263,0.23613796055086606,22640.0,109604.81244927633,2324,67063135,67514844,1227951,1435078,12873828,11563698,10090922,11477687,13656697,13390620,8512142,8903151,6822115,4080368,4793497,4449115,9085983,12215127
331,000878,2017-11-07,0.008023340627279385,0.0014587892049597873,0.29058003030893725,29085.0,193547.28836495904,2227,90578467,96578680,1426748,1082375,11769890,10562100,12612260,12587233,16178363,15252628,10457955,13067982,5930637,6100238,6684906,4786990,25517708,33139134
332,000880,2017-11-07,0.002912621359223211,-0.002912621359223433,0.4266533941085127,2054.0,23403.640650236935,582,4170624,2411196,671596,244510,1379711,1159756,1519819,421778,394498,379353,205000,205799,0,0,0,0,0,0
333,000881,2017-11-07,0.007382550335570448,0.0006711409395971923,0.4861013429441245,13500.0,103745.7377894179,939,20519858,15151518,813115,979001,3714473,4268115,3442460,2768630,4185380,2510706,1304969,1776837,1069888,615573,848170,0,5141403,2232656
334,000882,2017-11-07,0.003030303030303161,0.0,0.11669076527130594,6600.0,116149.80785757197,801,18930210,7333448,743700,732637,2869502,2203431,2381856,807666,2970916,699625,1026161,499864,2018065,1123320,485100,0,6434910,1266905
335,000883,2017-11-07,0.006147540983606703,0.004098360655737876,0.12469313031078691,6331.0,66641.22737819074,1535,15427367,20498038,2083932,1097374,5734639,5101210,1321670,2947101,1864000,3369605,2145282,1259320,699332,654850,944438,2213504,634074,3855074
336,000885,2017-11-07,0.0038230475150191623,-0.0005461496450026582,0.40891229270648377,21948.0,69642.91170049626,2005,46818113,42341106,1444172,1575844,11103247,10556679,11706855,11531023,11359321,9771655,4355194,3340717,2366192,1374834,1240510,2196894,3242622,1993460
337,000886,2017-11-07,-0.019920318725099695,-0.014608233731739695,0.20921476528604546,22440.0,193710.54291157093,1297,65651114,38998164,898448,753383,5113653,4735561,8558533,4495650,10590722,6400329,6549515,4871112,8877592,4622823,1771325,4409391,23291326,8709915
338,000887,2017-11-07,-0.008510638297872353,-0.013829787234042601,0.43660865299934665,18720.0,269789.48622290697,1855,115929990,62156584,480815,4894896,6398591,7903976,7554424,8481127,9871423,9528506,6081814,5153606,6135396,4216469,6646330,438724,72761197,21539280
339,000888,2017-11-07,0.0019436345966958868,0.004859086491739717,0.36686619900036244,5155.0,37410.15522397627,786,4580313,8893642,381709,1371766,1907942,3253366,1254450,1258777,595829,1140945,440383,702868,0,638560,0,0,0,527360
340,000889,2017-11-07,0.014947683109117982,-0.027653213751868577,0.3763117217105581,15828.0,112205.9814127732,1265,40474338,25248064,999033,859067,5993385,4858786,5548510,4247064,8003986,4561940,5389316,3011119,4426446,2780773,428645,2149553,9685017,2779762
341,000890,2017-11-07,0.007288629737609353,0.001457725947521915,0.24132546527851748,3415.0,49184.954735346844,808,9405600,4596977,963731,596080,2109905,1634927,2032503,844983,756420,737357,1358273,783630,925882,0,0,0,1258886,0
342,000892,2017-11-07,-0.014705882352941346,-0.013480392156862697,0.2921240074575699,10465.0,61669.33139044413,780,16181163,7500939,952033,814297,3937197,2880777,3816473,1341341,2630335,1384403,1984806,532847,1016796,0,403500,0,1440023,547274
343,000893,2017-11-07,-0.004778972520907865,-0.007168458781361853,0.2998721441033458,9130.0,37150.72448901069,779,10576735,6844866,947503,915604,3509110,3310166,2427228,1380158,1833706,989338,1212550,249600,646638,0,0,0,0,0
344,000895,2017-11-07,-0.010000000000000009,-0.017857142857142905,0.496830515859146,44320.0,341432.64611691656,3180,249350097,181198247,1412378,1203258,14377247,13269695,19187866,18613697,31897011,28570013,25009475,20169651,15073465,13527599,13985107,12668167,128407548,73176167
345,000897,2017-11-07,-0.0024449877750610804,-0.009779951100244544,0.11851325095512306,2442.0,86800.46678902581,1193,16328217,6686500,1218874,778290,2799926,2682357,1178928,1391226,865667,843596,1219780,279609,324799,711422,407000,0,8313243,0
346,000898,2017-11-07,0.017133956386292892,0.01869158878504673,0.12289896111740135,28930.0,281607.96784909844,2736,160281567,178679115,1964988,1300517,11514611,8425236,14119055,11249825,20557880,21899528,16734680,18394232,11489302,14282060,11472406,11186185,72428645,91941532
347,000899,2017-11-07,0.0059970014992503096,-0.0014992503748125774,0.320601738200274,9960.0,47008.54267249024,432,6132902,4865273,512281,415225,1508634,1283506,1287827,1059814,2034720,950980,789440,508254,0,647494,0,0,0,0
348,000901,2017-11-07,0.003394945303659025,-0.0003772161448510891,0.7092514305598662,16002.0,81218.35839458567,1397,32509186,22058565,702678,1197416,8258932,6264062,6027419,4419039,6935446,5445875,2022313,1974189,2000187,1001320,1286889,422400,5275322,1334264
349,000902,2017-11-07,0.015075376884422065,0.012060301507537785,0.2922653523632818,9027.0,74161.29727624172,1160,16065648,18891750,722765,1910580,3337354,4656006,3212615,2680155,3162641,4892288,2701700,503417,631073,709856,1497500,453600,800000,3085848
350,000903,2017-11-07,-0.0026954177897573484,-0.005390835579514808,0.12550031869217199,7380.0,56820.64637257335,875,10709931,8903956,982320,891035,2947903,3376782,1524631,1561644,1626939,1438985,683019,221260,734310,369000,474415,403300,1736394,641950
351,000905,2017-11-07,0.033153430994602884,0.019275250578257408,0.28926224664094824,21232.0,112779.19226878064,2011,44912455,68707438,1344813,1232575,10241111,10566072,7850630,10427741,10386113,13108181,3610121,7191280,4653860,6043820,1778885,4978759,5046922,15159010
352,000906,2017-11-07,0.007343941248470154,0.00244798041615657,0.2951273860684472,4929.0,55204.27236547313,766,9538939,6361446,784418,485940,2553939,2666417,1797691,1771222,1450302,702820,1140192,230290,311487,0,464882,0,1036028,504757
353,000908,2017-11-07,-0.012802275960170695,-0.015647226173541973,0.27150033056023976,6950.0,84789.73172174643,670,14077878,5422188,946191,500419,2579145,1942120,2272086,1217505,1525549,601036,1034110,209195,1750360,358383,438728,0,3531709,593530
354,000909,2017-11-07,0.016393442622950838,0.013934426229508245,0.4726113401317868,16100.0,84062.99997904463,666,12814779,15719630,461730,485139,3228969,2932310,3686317,3066740,2283159,1685329,1523180,2444965,1083900,1407356,0,450000,547524,3247791
355,000910,2017-11-07,0.03831417624521083,0.027671349510430154,0.441354241494904,19200.0,115615.81318394627,2862,54807440,74287357,2262609,1761057,15195304,16532556,11905815,13360556,8775003,9855563,5158251,4785448,3070255,3556423,2344332,5945490,6095871,18490264
356,000911,2017-11-07,-0.0009624639076034613,-0.002887391722810495,0.40759095917822125,10350.0,53521.79114291156,649,8113833,7313925,526182,636899,2786519,2391851,2265319,1315644,1784367,808473,417532,822978,333914,333592,0,0,0,1004488
357,000912,2017-11-07,-0.013447432762836109,-0.018337408312958492,0.19800815473683864,16737.0,50217.664072350846,1708,29234236,32310057,1269946,1807347,7876234,8922635,9300361,7914107,7453838,8980099,2327269,2159588,1006588,1506400,0,456681,0,563200
358,000913,2017-11-07,-0.015656565656565813,-0.016161616161616155,0.6387241197915936,15591.0,109552.41048792057,961,25921145,14152167,1016659,755489,4665802,3905821,3977855,3355447,5162626,3135711,2069648,1839644,2816097,0,1281126,0,4931332,1160055
359,000915,2017-11-07,-0.030712876866723082,-0.034094111017187956,0.8321185495599026,34135.0,191168.52875677287,1820,89384551,64767541,504463,974668,8341354,11023812,8946240,9429004,12832956,16137086,8945026,6778960,10862146,6264725,4048098,2792539,34904268,11366747
360,000917,2017-11-07,0.06635514018691602,0.033644859813084294,0.18842531146283928,72695.0,642295.2517359923,3231,301374347,450036729,898683,1122371,10225039,13208879,16587926,19782319,32589967,39452314,22976630,34629713,22560752,26991762,20935961,24356678,174599389,290492693
361,000918,2017-11-07,0.0503703703703704,0.045925925925925926,0.1708242582049001,18330.0,238416.19829104896,1565,43260417,68963616,1363986,1008136,7582537,5453779,7269288,7469466,8261251,8430486,5117115,7826377,2472353,4450970,2648877,1721447,8545010,32602955
362,000919,2017-11-07,0.002020202020202033,0.002020202020202033,0.43587323268821937,10901.0,56675.3069540883,515,8809043,7626859,523513,727916,2176117,2174503,2854326,1338988,1743328,1947334,474787,979884,0,0,495000,458234,541972,0
363,000920,2017-11-07,-0.005361930294906059,-0.008936550491510209,0.4084019521119958,14416.0,96261.63857219237,750,19481785,10125120,445908,621797,2916643,4303670,3244656,1477362,4360210,1531677,2802521,1497506,1766627,693108,1322584,0,2622636,0
364,000921,2017-11-07,-0.008441558441558472,-0.005844155844155874,0.31636127131449504,32340.0,170606.5616832297,2371,102816391,90453732,1142749,1230933,10840106,12232773,13613207,17042522,20605097,17474420,11744089,7983026,9243625,7920235,5344736,3918144,30282782,22651679
365,000922,2017-11-07,0.004733727810650956,0.0,0.3038419990227228,11788.0,66690.38003035307,773,14731214,11226401,641400,792119,3782553,3258864,2983153,1689596,4376819,1768122,2119889,252900,309960,679600,0,419500,517440,2365700
366,000923,2017-11-07,0.003937007874015741,0.0059055118110236116,0.7479250990024201,15192.0,101047.53120637297,1153,25985662,18241684,926435,716188,5790630,4839701,5340315,4136711,5441337,3891803,2524620,1163886,2109506,1793225,0,474340,3852819,1225830
367,000925,2017-11-07,-0.009870450339296788,-0.011104256631708775,0.5056031745084045,8085.0,47153.44409411435,1028,15468772,6376850,1709552,647443,3797427,2407671,4021674,1794864,2742045,1020150,871248,506722,642392,0,814034,0,870400,0
368,000928,2017-11-07,0.005586592178770999,0.0013966480446927498,0.23142053979610805,11360.0,71512.1504005664,957,18473359,16750222,860993,1108364,3735806,3557082,3220937,3150798,3231122,4642286,2702348,2156135,1413724,2135557,1343595,0,1964834,0
369,000929,2017-11-07,0.0008136696501221952,-0.020341741253051215,0.621754967791735,11930.0,156150.2508293904,390,7134473,6655670,321090,474418,1487430,1481419,1504970,672862,1184483,358880,429588,507381,1074002,0,479600,404063,653310,2756647
370,000931,2017-11-07,0.0,0.0,0.25582687796202286,7931.0,66898.69073412668,794,14419315,9864683,597841,1073368,2071929,3565724,1517912,1583008,3826231,1595532,2474397,215700,1368481,1015283,1406676,816068,1155848,0
371,000932,2017-11-07,0.050193050193050315,0.052767052767052736,0.13798200359623256,39004.0,324897.81393223035,3181,199109920,222546423,2049727,1047451,12888875,14178338,16426469,14611049,27321099,29974618,24855523,22522030,16680495,19372301,12140697,12700988,86747035,108139648
372,000933,2017-11-07,0.021482277121374738,0.011815252416756072,0.1684641203235396,50297.0,459692.9528729778,3063,262400630,311159806,1543597,1195009,11445768,13812924,14727374,17904840,24685738,28507065,24258236,27910986,16330313,17634909,15000753,20006867,154408851,184187206
373,000935,2017-11-07,-0.008374384236453314,-0.019704433497537033,0.3744218267959774,41706.0,203388.4378831638,2942,158211501,135475435,1226586,1277865,13797064,14962432,18594218,16990008,30994921,23752833,23302145,18030565,11030903,15232557,9025653,8047548,50240011,37181627
374,000936,2017-11-07,-0.0015576323987538387,-0.0031152647975076775,0.2498021623081905,9675.0,49317.33172312308,660,9526080,8045545,828138,431396,3500743,1585876,3353069,1528465,1149712,2073963,694418,1124671,0,673584,0,0,0,627590
375,000937,2017-11-07,0.004901960784313708,-0.0016339869281045694,0.13841919713009737,8575.0,138274.76191687048,1958,55866712,46432153,1664883,1341712,7757905,5949582,5703592,5189003,5002732,8783619,3010820,5539248,2023989,4219325,4061783,3978746,26641008,11430918
376,000938,2017-11-07,0.0035444598551395146,0.007243026660502361,1.2581517458028106,65300.0,303763.0618412063,2661,168482541,233513116,853773,712318,11050944,9544262,18193205,17844648,29117800,31527522,22749654,23779472,16669092,18818294,8429168,14387566,61418905,116899034
377,000939,2017-11-07,0.052410901467505155,0.023060796645702375,0.13894191731648808,12960.0,112735.66353756459,1181,16827754,22614044,997751,1099179,5798390,4870494,2698938,3145751,2824333,2772790,1971925,1652851,0,1069879,1895247,1347194,641170,6655906
378,000948,2017-11-07,-0.0035460992907800915,-0.007978723404255317,0.49908853832642963,11190.0,84713.68677740793,510,11931609,6171871,431102,302656,2080696,1992152,1655751,1004318,3291670,843670,975875,461439,300696,399375,448000,0,2747819,1168261
379,000949,2017-11-07,-0.004716981132075526,-0.004716981132075526,0.21702751372347825,5486.0,50071.16911002427,381,4895429,3265644,344446,427824,1701146,858662,1025742,640775,330004,696287,571198,642096,317344,0,0,0,605549,0
380,000951,2017-11-07,-0.012468827930174564,-0.012468827930174564,0.32874731969354226,22190.0,71603.46606351559,2385,65534690,40871913,2248140,1001933,15566684,10286513,14449334,8839210,15839658,12050173,6941725,3918705,3802978,1676814,1336407,1792552,5349764,1306013
381,000952,2017-11-07,0.004095563139931757,-0.0068259385665528916,0.5623838515611236,14670.0,106474.59509741336,678,18551194,11362027,510074,596495,3638471,3252833,2397561,1899077,2699703,2959052,1668955,759691,974995,0,430416,448440,6231019,1446439
382,000955,2017-11-07,0.015479876160990669,0.007739938080495223,0.2797022928763083,27778.0,92404.27354101767,533,17285503,11944546,236310,311339,2182386,2881249,3718138,2674979,5666648,2757889,2908501,707850,1290480,1305240,0,0,1283040,1306000
383,000957,2017-11-07,-0.011217948717948789,-0.02083333333333337,0.30875984318176297,21996.0,133176.0110999764,1635,56534260,34785932,1252755,1122806,9048179,7353936,9413628,6752195,7401166,9481386,4173831,3239494,4165828,2422469,2732378,465504,18346495,3948142
384,000958,2017-11-07,-0.004518072289156572,-0.0075301204819276935,0.16483264867258404,13744.5,123274.67829983741,1624,39471980,31497037,1442058,1567310,8024292,7009322,6502412,5416794,7274989,5862949,4617862,2820192,2689029,1477403,2223303,435551,6698035,6907516
385,000959,2017-11-07,0.014399999999999968,0.009599999999999831,0.11670299402404326,8138.0,49858.56051480189,2884,31282150,38495072,3249370,3002489,9133596,11050214,5168134,5836023,9075329,9212442,2678720,3137449,1977001,3060958,0,959825,0,2235672
386,000960,2017-11-07,0.0006963788300835549,-0.004874651810584996,0.2834123192633989,34296.0,239867.6685137836,2569,146158932,91825543,1138216,815410,21897742,9676242,16649844,11130685,24627447,18452982,12929531,10848200,11678430,7825810,6708667,6658980,50529055,26417234
387,000961,2017-11-07,0.006644518272425293,0.006644518272425293,0.17872195422207401,9060.0,156366.05686746683,1135,20059035,25889658,796891,966605,4108633,3914234,3910606,3487321,3288097,3022453,1665830,1362850,933126,1999703,1368723,1319774,3987129,9816718
388,000962,2017-11-07,0.004571428571428449,0.0,0.29813391209677603,11927.0,44038.412029144725,861,12462021,11215742,829695,861277,4358660,3676573,2976263,3161581,2611163,2092709,982329,953530,703911,0,0,470072,0,0
389,000963,2017-11-07,0.003616636528029016,-0.0034358047016274096,1.094876857322557,55270.0,271236.52541119466,2552,187809266,162917625,634957,923933,10645353,10498013,16970083,15875756,25346058,23821504,22697374,16284070,11721817,15442743,12395499,9655800,87398125,70415806
390,000965,2017-11-07,0.0112540192926045,0.0112540192926045,0.1702053586123269,10659.0,74255.15495182424,1337,15883613,17795725,842092,1297816,7301799,4122803,2906706,2470358,3495670,2533054,710999,2531574,626347,1696240,0,0,0,3143880
391,000966,2017-11-07,0.0065502183406114245,0.004366812227074135,0.1916046270617697,5520.0,61418.535295690686,571,6017789,8191840,595980,575381,1560013,1699529,969633,1630455,1347835,1343033,212979,524269,1331349,319464,0,930039,0,1169670
392,000967,2017-11-07,-0.0030030030030029353,-0.002002002002001957,0.3571115095800292,11958.0,130765.06914690696,782,23581044,11580093,1065877,671409,3890891,2954983,3033574,2278821,4161662,1934291,1717864,1287263,1978035,1341018,1746704,0,5986437,1112308
393,000968,2017-11-07,-0.004551365409622865,0.0006501950585175997,0.43890045292168045,17033.5,66806.93897545167,1230,23438057,22103113,850000,928801,6975248,5299151,5353101,4954906,4100801,5168359,2136534,1762945,1307132,1330029,1296616,462060,1418625,2196862
394,000969,2017-11-07,0.022269353128314018,0.01590668080593849,0.251429419660613,9520.0,83458.4311288779,1407,28422909,22225337,1483513,944891,5244344,4401702,4776711,3590718,3701982,5167068,4202014,3739398,713390,2184150,3667200,1420378,4633755,777032
395,000970,2017-11-07,0.005151320025756689,-0.004507405022536881,0.3032404471268673,37356.0,199578.04886049157,2624,129098664,125808732,1129720,1435191,13282189,11966199,16006202,16838541,25316143,23485060,12023336,14008173,15318522,12115221,7601913,8465878,38420639,37494469
396,000973,2017-11-07,0.004184100418409997,-0.00557880055788007,0.2161836017588325,11440.0,72023.0115977985,1100,19270113,13212668,1052203,1087632,5331043,4471138,3227807,3442756,3300450,2419176,1875425,1108902,336050,0,435744,0,3711391,683064
397,000975,2017-11-07,0.005094614264919972,-0.005094614264919972,0.4194925845610107,10940.0,104471.09706792586,1074,18340286,21092900,425518,1781854,2603997,6592689,1744430,3024901,3344149,3296749,2569756,1777843,1398108,1438410,1361818,412686,4892510,2767768
398,000976,2017-11-07,-0.003092783505154628,-0.006185567010309145,0.29047117292853597,17388.0,85771.06331290887,1115,26421432,24560258,1186335,1092709,5809246,4641570,5463113,4244411,4657477,5265902,3363128,3621048,1322948,1138928,2184721,1692259,2434464,2863431
399,000977,2017-11-07,0.03765465303926829,0.02044109736417421,0.34770439705436623,54578.0,301327.5372548021,2860,199424903,220950483,1399271,1315535,11986467,10820798,17133113,15589786,33315735,28941979,21184952,23590328,16203874,18265173,12890508,17120772,85310983,105306112
