,code,date,pchange_whole,pchange,change_std,amount_median,amount_std,length,sumsell,sumbuy,sell_vol_0,buy_vol_0,sell_vol_1,buy_vol_1,sell_vol_2,buy_vol_2,sell_vol_3,buy_vol_3,sell_vol_4,buy_vol_4,sell_vol_5,buy_vol_5,sell_vol_6,buy_vol_6,sell_vol_7,buy_vol_7
0,000001,2017-12-18,0.0015710919088767206,-0.002356637863315081,0.18693375935459922,89390.0,547616.5238697585,4643,606871496,561393535,1247910,1088688,15281633,12895423,35334525,26118817,65276988,50440809,61082556,55038836,43186950,33853802,22647665,26824114,362813269,355133046
1,000002,2017-12-18,-0.022329096530401826,-0.02748196496049471,0.4218485038976071,125884.0,518005.82017026725,4765,680543395,620861118,544165,829003,13641118,15074145,28579142,32237780,54572521,60280431,67039564,60921369,60411936,61464237,53680574,50867650,402074375,339186503
2,000004,2017-12-18,-0.04761904761904767,-0.02589807852965753,0.6933475679352409,11675.0,46754.411187958554,1192,16934500,12017889,1252378,1258233,5787779,5218175,2915421,2125548,2615634,2012221,2313476,1007588,396124,396124,465600,0,1188088,0
3,000005,2017-12-18,0.007194244604316502,0.007194244604316502,0.16718128420008263,4570.5,75146.71067892108,622,6478488,5434836,797865,390326,2478183,1699380,1349158,1113443,1010472,504899,498830,0,343980,0,0,0,0,1726788
4,000008,2017-12-18,0.004773269689737347,-0.0011933174224345588,0.24643390353366154,9218.0,76255.23383123014,1156,24280958,18650618,1677948,881287,5215500,2607317,4395209,2221921,4419363,4456861,3843736,4717445,2709924,1427050,843000,1338501,1176278,1000236
5,000009,2017-12-18,-0.006849315068493178,-0.002739726027397249,0.156774187859134,10867.5,139967.51863312992,2170,50471956,36041882,1701663,1941167,8487839,10084952,7494862,5397331,6602671,4056936,4769570,2462582,3568187,3670345,1790894,910982,16056270,7517587
6,000010,2017-12-18,-0.007168458781361964,-0.0017921146953404632,0.11360250489796185,13392.0,55113.32582536082,2417,38639064,36242156,2325349,1642036,11554338,11785538,10199237,9866605,7355747,6899007,3848182,2555141,1766957,1111615,800800,0,788454,2382214
7,000011,2017-12-18,-0.009356725146198785,-0.008187134502923965,0.4691483266696116,15318.0,60949.062438951856,1328,22224242,18228688,1110447,1050011,8548940,5957779,3669281,3712311,4010160,1808800,1930430,1723418,1323832,974425,400529,0,1230623,3001944
8,000012,2017-12-18,-0.015568862275448958,-0.010778443113772407,0.15540792602676734,19228.0,208626.5931310707,2890,114022548,101437029,2040783,2533394,13011606,13896544,12521509,13176409,16777138,17586278,12828641,7870335,5879821,9498455,8430100,3462365,42532950,33413249
9,000014,2017-12-18,0.0024650780608053147,0.0024650780608053147,0.39795172474028756,7386.0,37215.22506414522,935,8322845,9859082,988683,800745,3388582,3065213,2467253,2748378,1231927,2103046,246400,539000,0,0,0,0,0,602700
10,000016,2017-12-18,-0.0016556291390728006,-0.004966887417218624,0.1783588094919701,9030.0,74965.65571024401,1147,22553414,12487135,1078145,920695,4426389,3471111,4556707,2033733,3027046,3103883,1190598,996833,2670539,924315,451792,451792,5152198,584773
11,000017,2017-12-18,-0.007473841554559102,-0.010463378176382654,0.3474305517835715,7998.0,36852.903273442,370,4327432,3390047,435409,366858,1465458,1315689,1459644,1016179,569121,358321,0,0,397800,333000,0,0,0,0
12,000018,2017-12-18,-0.007473841554559102,-0.01195814648729443,0.156107313007945,17833.5,64352.807335197365,1838,32459710,17821906,1100198,1625160,14499761,5925983,5548842,4934746,4100545,2548440,2725422,531867,689156,356156,0,970768,3795786,928786
13,000020,2017-12-18,0.011564625850340127,0.008819538670284954,0.020640812755543737,8892.0,36317.7421180211,745,8416572,5369716,919559,753162,3784588,2524637,1802833,1005563,1031902,651540,498471,0,379219,0,0,434814,0,0
14,000021,2017-12-18,0.0020920502092049986,-0.003138075313807609,0.17134969948188636,28589.0,167465.6312267916,3117,132066007,80873394,2150409,2166798,17921159,12679681,21939335,17297939,27790556,17770991,11563365,8703996,5340127,4263043,6418688,4219855,38942368,13771091
15,000023,2017-12-18,-0.02806563039723653,-0.02763385146804842,0.7981341688941499,6987.0,77086.48092655274,842,14642301,9635355,707693,980411,3248939,2932453,2183114,1021984,2716835,1807455,1273600,246132,0,319060,1858710,929740,2653410,1398120
16,000025,2017-12-18,0.0032853171594642294,0.004296183977760881,0.9629934000111289,15860.0,38576.55561706726,1688,22921848,22125429,1510211,1626436,8933392,9159798,6100884,4954407,3817329,4667587,1503047,1397601,640765,319600,416220,0,0,0
17,000026,2017-12-18,0.0027548209366390353,0.0045913682277318735,0.3585358139037692,10890.0,43877.70192303885,922,10507266,11550894,886910,736605,3615284,3669798,2799269,2992161,2522814,2324264,202740,473017,0,0,480249,1355049,0,0
18,000027,2017-12-18,-0.004934210526315819,-0.004934210526315819,0.16011978892924503,4832.0,69903.51635057405,1443,21656263,12096994,1252421,1345733,4558521,3223882,3066946,2354516,3571923,1087404,2733162,1396882,1398832,925680,907427,907427,4167031,855470
19,000028,2017-12-18,0.032120674356699075,0.024489795918367196,1.288731137097118,17283.0,99643.09544146043,1912,32121789,47418606,780908,1741824,7359438,14455181,4581591,6115429,6786516,8375383,5254338,3180399,1643169,2963292,2119079,1874576,3596750,8712522
20,000030,2017-12-18,-0.01261034047919285,-0.008827238335434973,0.19936629403472195,1584.0,24392.050881241506,1583,10933996,4719988,1413855,1622498,2822161,1752920,1593535,546621,4630558,797949,473887,0,0,0,0,0,0,0
21,000032,2017-12-18,-0.04659498207885304,-0.03942652329749097,0.25508672604121435,11100.0,46189.51425975331,1915,29584091,22636403,1304630,2100250,9441732,9125913,5794010,4025121,6667065,4154683,3494645,1817029,2390609,1413407,491400,0,0,0
22,000036,2017-12-18,-0.012643678160919491,-0.011494252873563204,0.21452689094471572,14739.0,114740.59436753695,1645,45227492,28446467,1333889,1375083,8239154,6325635,7939386,4613717,8849501,6841012,2700510,1562743,3158624,1312503,2580222,460076,10426206,5955698
23,000037,2017-12-18,-0.02585034013605436,-0.024489795918367308,0.29175208195753227,10094.0,54403.04677787083,635,11129416,5720525,503629,518137,3169511,2257739,2363341,1076967,1638863,419294,1727209,654925,347275,347275,1379588,446188,0,0
24,000038,2017-12-18,-0.07765726681127982,-0.059436008676789664,0.43155506819761075,23650.0,112588.6487202878,2866,88996594,78150960,1994774,1637718,15159270,13058802,12964298,13513938,21172284,17032692,12160347,8741074,4866817,7896450,3111752,5107714,17567052,11162572
25,000039,2017-12-18,-0.010633156114064901,0.0019333011116480225,0.33221897753796675,33784.0,304762.1562854727,3882,247370871,215877792,2525759,1348375,16963931,14488919,23209760,17701090,36799380,30424268,23879574,21085435,15869490,10183393,11266127,13950587,116856850,106695725
26,000042,2017-12-18,-0.0018416206261508972,-0.0012277470841006721,0.5657327454699665,11599.0,25687.902673525725,829,6812537,7930639,983115,549262,3784669,3248273,1320151,3009074,478206,607428,246396,516602,0,0,0,0,0,0
27,000043,2017-12-18,-0.027999999999999914,-0.016000000000000014,0.36598687140510555,11940.0,137458.09744710725,746,24771278,14960915,697897,1078849,2974657,3260318,2835469,1212644,3232196,2650472,1663885,1216235,1792000,1008240,5241858,855743,6333316,3678414
28,000045,2017-12-18,0.0028598665395613843,0.0019065776930409228,0.3024137854759312,15570.0,72210.0930283272,1203,20672194,20664750,1029934,803210,5600302,7377643,5072901,4366236,3382361,4218685,2318114,1326396,626653,369950,498639,0,2143290,2202630
29,000046,2017-12-18,0.007978723404255428,-0.0066489361702127825,0.37514733809076145,6741.0,59122.04828407642,401,5023958,2842477,412854,427635,1290042,1239663,934433,239946,317925,559737,0,0,0,375496,1323704,0,745000,0
30,000048,2017-12-18,-0.015188633023027864,-0.005879470847623747,0.714602749554632,10125.0,77970.75086099442,816,12237274,18017390,526459,863622,2629199,3210622,1731219,2152922,3086895,3973839,2571973,1488496,1111705,2275265,0,1625680,579824,2426944
31,000049,2017-12-18,-0.01407442748091614,-0.015505725190839703,0.8866244331348341,20915.0,90900.55844583173,2238,66270974,45988120,1428765,2392487,10534606,10974836,14201818,9638741,11228525,7666195,8880340,4405281,7260090,2032810,8030782,4313922,4706048,4563848
32,000050,2017-12-18,-0.008919722497522264,-0.00594648166501488,0.31631044265984404,32512.0,211161.15657318363,4073,163549491,214065854,937113,3463220,15993079,25660426,16515238,24723914,25230936,38208114,21799014,24434691,14574763,12975309,7930963,8098644,60568385,76501536
33,000055,2017-12-18,0.0032414910858995505,-0.004862236628849326,0.18369720105233792,5517.0,28866.650363011922,1128,8163261,8679024,684479,1601208,3180993,3315524,2174958,2298231,1680455,740518,442376,241080,0,0,0,482463,0,0
34,000058,2017-12-18,-0.03182374541003674,-0.02692778457772338,0.1726300073355674,15105.0,65229.859966827615,2242,43292180,35537343,1616321,2564268,11277650,10745322,9768246,8282796,9642112,6166063,4231217,2598928,2783999,1502124,1842137,896854,2130498,2780988
35,000059,2017-12-18,-0.006389776357827559,-0.007454739084132078,0.18196076750608778,10285.0,146135.59115689504,2665,64125087,71304947,1391375,4113581,6721483,13530942,9900918,10679938,7564376,10021448,5049076,7879075,5235390,4403532,3581977,2773756,24680492,17902675
36,000060,2017-12-18,0.020329138431752103,0.010648596321394033,0.18428389642742188,17646.0,184224.94928496412,3145,88965438,96687519,3513934,1583926,15769643,14405973,11364731,11642551,14021249,13478574,8347116,9745380,10150096,7801207,5277783,4850898,20520886,33179010
37,000061,2017-12-18,0.010582010582010692,0.010582010582010692,0.20368884356422776,7680.0,59593.23820671149,1378,17425622,17888385,1412476,1478004,3727342,5243948,3340826,4076281,4760168,4368923,1557888,432024,1010120,672403,0,0,1616802,1616802
38,000062,2017-12-18,-0.014255765199161385,-0.015513626834381622,0.6218258972938381,14178.0,73951.9399399949,1471,31854594,21225052,1590949,1403260,8336756,6122507,5582889,4635257,6147703,6466431,1567298,653634,2545755,698585,488800,0,5594444,1245378
39,000063,2017-12-18,-0.04191780821917812,-0.03369863013698626,0.5097031319081767,491226.0,1855201.378979508,5131,2503378037,2178899593,61601,35981,3056698,3334717,11622302,14149889,48178813,48603840,61406586,64073198,64064327,71210245,82982561,76633375,2232005149,1900858348
40,000065,2017-12-18,0.005606523955147713,0.013761467889908285,0.5199287457353032,13769.0,70267.778104013,1424,24118174,20376355,962013,2249272,6522021,5945857,7917849,4778808,3668221,4679038,1440144,428009,1113641,1067246,0,0,2494285,1228125
41,000066,2017-12-18,-0.011396011396011319,-0.00712250712250706,0.1348980641710831,13300.0,104281.81678264208,2712,78094166,38196030,3675300,1839162,16288960,8035850,9091065,5100036,10422253,8584513,8804470,5082322,6385952,2408857,918837,1764809,22507329,5380481
42,000068,2017-12-18,-0.02303262955854124,-0.017274472168905874,0.15338405960226875,5100.0,46014.07059114152,1155,13167141,8965184,676413,1084421,3537625,2879742,2212028,2248903,2172944,2122066,2276775,630052,714003,0,0,0,1577353,0
43,000069,2017-12-18,-0.0073800738007380184,-0.0024721878862793423,0.008633314187644573,9712.5,110596.72484609405,2898,63703830,55009754,1898949,3698354,10990533,12068435,9185755,10352873,6452436,8792637,5626564,3791832,13088921,3852427,3747392,4355643,12713280,8097553
44,000070,2017-12-18,-0.0071138211382114624,0.0,0.2460444369594609,6867.0,44749.85813308267,1601,20842450,12283161,1500073,1996284,6520439,5457399,3777517,2185500,3414088,1316529,2769524,984686,1873031,342763,987778,0,0,0
45,000078,2017-12-18,-0.01803278688524579,-0.01803278688524579,0.13699955759893184,9696.0,102704.27891896306,1985,42623530,36672670,1495292,2192637,6809011,7082259,8154037,5625661,6485160,6595954,5399906,4998616,3382491,3496363,1407389,938789,9490244,5742391
46,000088,2017-12-18,-0.014193548387096855,-0.011612903225806437,0.21099170050605998,7640.0,76688.14067950865,1349,22004681,14809342,1667262,1162702,4951171,3434800,2873903,2396469,2955795,969213,3330202,1963308,2517570,2552210,0,0,3708778,2330640
47,000089,2017-12-18,0.0,-0.0023446658851112856,0.1920343212928312,3404.0,21430.42273846872,1975,9510893,11163373,1040356,3285081,5218306,4467306,1963768,2237800,278756,917886,664164,255300,345543,0,0,0,0,0
48,000090,2017-12-18,-0.0029850746268658135,0.0029850746268655914,0.2060856219240657,8048.0,50533.25838127285,2381,15096869,23772003,1207524,2480195,5171664,13119741,4311548,2191496,651074,2316439,200400,820752,303909,606000,0,0,3250750,2237380
49,000096,2017-12-18,-0.01741654571843254,-0.013788098693759077,0.6766841460551365,5452.0,14409.366893874749,414,2209186,1976387,467320,552560,1174373,1058535,465718,365292,101775,0,0,0,0,0,0,0,0,0
50,000099,2017-12-18,-0.015250544662309462,-0.009803921568627416,0.21335396874714027,2739.0,22779.321566976163,1852,8201180,8726790,1261718,3462934,2955609,2660416,2423291,1121935,959458,942142,271500,209759,329604,329604,0,0,0,0
51,000100,2017-12-18,-0.0025316455696202667,0.0,0.06312626194362941,15105.0,195148.41319950827,3944,142815037,115630863,3106111,2568640,18191889,15659161,16587053,13647442,23270991,15912833,11986283,10508356,9534913,7357508,6598357,11702848,53539440,38274075
52,000150,2017-12-18,-0.013314141777617805,-0.012594458438287104,1.5686226406115855,11076.0,61609.7392295077,313,5199071,2968264,349478,173581,1702485,1022768,639237,1078198,708954,0,281594,281594,0,0,412123,412123,1105200,0
53,000151,2017-12-18,-0.008620689655172376,-0.008620689655172376,0.38042158809846477,10136.0,42884.80065545974,1125,17358352,8985735,1311611,604423,6193542,3630753,3926932,1735274,2140038,1661544,2471619,1017101,1314610,336640,0,0,0,0
54,000153,2017-12-18,-0.01728395061728394,-0.016049382716049387,0.19819131798016543,1605.0,19271.988550484166,1670,8804148,2511581,2691935,312868,2336978,1198888,2029003,866097,1427832,133728,0,0,318400,0,0,0,0,0
55,000155,2017-12-18,-0.08750000000000002,-0.025000000000000022,0.11388282854033285,168776.5,2193847.203993888,5026,620191945,1812579641,103489,1172472,3292609,17347087,15724921,38333612,39722130,98956904,37314244,92401407,47801891,65428062,62439777,112625942,413792884,1386314155
56,000156,2017-12-18,-0.028685258964143534,-0.026294820717131517,0.3106763452799135,9856.0,77872.1508536247,1632,38422668,16838537,1857553,1184571,6195611,4108839,5910583,2721948,9478537,2923815,4835446,2804405,3349950,360976,3331252,1700356,3463736,1033627
57,000157,2017-12-18,0.004705882352941115,0.0023529411764704466,0.08866551456309925,8520.0,94591.0413986436,2305,43100016,34624693,2613917,1806456,9093394,7517621,9164402,5697050,4967492,7785067,3961065,4497027,2191364,2533567,1337618,1437375,9770764,3350530
58,000158,2017-12-18,-0.029940119760479056,-0.025149700598802283,0.16390958522971597,9840.0,99477.04772016907,2600,49261318,49178910,1326805,3374606,7819692,11592478,9450350,9139576,9030808,8529460,6652164,3466028,3107063,2507439,3852344,3271259,8022092,7298064
59,000166,2017-12-18,-0.005597014925373234,-0.003731343283582156,0.08629890910456206,3210.0,83231.74037111017,3870,49201592,24346868,6185585,1766094,10272780,6845474,7390764,4285730,6326075,2671494,4749509,2600991,3242429,1005101,889168,0,10145282,5171984
60,000301,2017-12-18,0.01325757575757569,0.009469696969697017,0.1324322674678597,10540.0,77406.41489549514,1591,25938588,27278086,1377658,1244912,6049288,6278787,4662248,5757678,5571160,5125810,4955698,2343476,1012040,1074380,436240,405613,1874256,5047430
61,000333,2017-12-18,0.039849624060150246,0.03289473684210531,0.7530490200033051,231000.0,813070.0618728071,4993,1140460451,1158102458,282349,192314,10715346,8939837,25171408,20951518,67688899,55914995,81645784,64200807,72887422,66943818,60687236,69113987,821382007,871845182
62,000338,2017-12-18,0.03887399463806962,0.02680965147453085,0.11078122469145077,28046.0,228810.49743552165,4546,167958894,259084865,1817592,3523304,16714158,26268702,22582550,30494047,25420031,37395029,16404074,22690610,15908017,20738797,12534476,16869184,56577996,101105192
63,000400,2017-12-18,-0.02855051244509521,-0.025622254758418728,0.248814373922532,8010.0,105142.14069375227,3021,64495252,44725749,1626135,6701398,7061200,10675328,15862344,8377007,9275571,4686290,7572519,2051598,2771624,1716291,4606650,2132732,15719209,8385105
64,000402,2017-12-18,-0.008387698042870428,-0.00745573159366264,0.19365579704199318,5335.0,80435.40588004177,3073,49588978,36429043,3341376,3172787,7825460,8522992,6442208,6158136,11157315,5758705,7685569,3614118,3373567,3818517,1280567,2639240,8482916,2744548
65,000403,2017-12-18,-0.0040893362692669966,-0.003145643284051536,0.8916602555847615,25288.0,141973.75038636304,1272,45947517,37502542,1199707,582137,7840448,3613831,7796363,4116590,13473862,8235719,4921737,2484226,4681054,2954808,804006,1770006,5230340,13745225
66,000404,2017-12-18,-0.01393188854489158,-0.004643962848297267,0.27159484135573253,12860.0,60896.814567283785,565,11467059,7792994,670954,423962,3023963,2168765,1969335,1459066,2295593,922043,2185260,742138,1321954,1657784,0,419236,0,0
67,000407,2017-12-18,-0.022309711286089273,-0.019685039370078816,0.3027127140284805,12080.0,60311.67029398188,633,15656593,5446659,836413,344023,3666628,2217055,2958462,1583074,3045484,639245,2254504,663262,1416536,0,900000,0,578566,0
68,000408,2017-12-18,0.02011494252873569,0.019540229885057547,0.4103797638675594,17745.0,141457.06222510964,1798,50476801,57604176,1506042,1284721,10150277,7784614,6847079,7783463,12141899,9575627,4566570,5509216,6821029,5572410,3518597,3642725,4925308,16451400
69,000409,2017-12-18,-0.006802721088435382,-0.005102040816326592,0.22964377295186528,5840.0,46657.19508232172,655,8100324,5329968,699543,748426,2272106,1693757,1984942,1202592,1373865,478177,426454,0,1343414,662510,0,0,0,544506
70,000410,2017-12-18,0.03609341825902335,0.03397027600849256,0.17594373681413247,19500.0,102792.64260011294,2869,68905129,98411076,3088083,2213070,12163659,12993590,12916718,14642538,17275154,20628671,8409414,14459741,4879840,12187724,938818,4807052,9233443,16478690
71,000411,2017-12-18,-0.014170996693434135,-0.01180916391119513,0.9489411909004876,8516.0,40421.49177562931,497,7524941,2893113,579298,285359,2915888,1010701,1407565,653956,792459,397598,1488040,203808,341691,341691,0,0,0,0
72,000413,2017-12-18,-0.006250000000000089,-0.002083333333333326,0.15142677365383386,30448.0,262059.10846357612,4024,187890572,187889578,2038006,2872014,17406573,19579548,23924409,23108960,33796479,30640115,21057803,19220527,18975392,12481582,10050618,9992071,60641292,69994761
73,000415,2017-12-18,0.003472222222222321,0.0017361111111111605,0.11229073325729498,4600.0,62210.464728464285,2635,43447140,19049312,3921373,1011192,7711105,5843398,6897021,4459664,6314235,1708200,8548495,3866315,3165094,1101960,4048465,411159,2841352,647424
74,000416,2017-12-18,-0.021248339973439556,-0.019920318725099695,0.2480932229418643,8101.5,81799.41894448985,922,21490108,8190736,1088459,701838,4029997,2581776,4319418,1794062,2634986,1356519,1885966,467555,1589056,335220,404243,441735,5537983,512031
75,000417,2017-12-18,-0.02270011947431294,-0.020310633213859064,0.18755364172371122,12299.0,77136.61166343547,1994,41342139,28499987,2127820,1571614,8846465,7741395,8330890,6957348,7937477,6420010,4900736,2710569,1702569,1056763,2668878,878484,4827304,1163804
76,000418,2017-12-18,0.019785013241937932,0.019785013241937932,1.1776580748099899,33150.0,129959.80951779806,2975,82539417,112310950,1844336,1220163,12617598,22490525,16199085,16831555,17349526,21731897,10276062,10535973,10279982,9757402,2136742,5785586,11836086,23957849
77,000419,2017-12-18,-0.004975124378109541,-0.0016583747927032544,0.18990768230859867,4824.0,46432.26393935824,1008,9990320,9769010,409832,2110920,2768466,2906614,2548941,2388472,2284275,1269144,884946,0,379260,379260,0,0,714600,714600
78,000420,2017-12-18,0.0064102564102563875,0.0064102564102563875,0.07207108128287885,4960.0,67241.48415740916,1882,30141290,14472401,2325200,1643618,6487180,4515143,4600615,1870362,5625907,1302776,2030979,949033,3927921,1415732,967788,819100,4175700,1956637
79,000421,2017-12-18,-0.0032467532467532756,-0.0032467532467532756,0.25070672887511164,6120.0,19735.55608321153,603,4702419,2818781,575916,496070,2091723,1394979,1558118,753312,476662,174420,0,0,0,0,0,0,0,0
80,000422,2017-12-18,-0.0048661800486619056,-0.0024330900243311193,0.13552846749279351,8200.0,62445.02806261199,920,14260692,10917583,873837,763466,3648601,2883166,2766271,2278126,2128545,784237,1103897,1842053,1746241,617035,1474798,1230998,518502,518502
81,000423,2017-12-18,0.0016688918558078747,0.00016688918558083188,1.1878282574474612,23968.0,152844.23919669917,2544,108773918,62771480,1602309,1768203,14748414,12907947,11680477,9113467,12614170,10125367,25816872,7578848,7321747,4963301,6466648,2158948,28523281,14155399
82,000425,2017-12-18,0.014814814814814836,0.01975308641975304,0.05737583463123342,70965.0,442976.75182614144,5028,448160123,574722675,1556535,1405574,20827251,19474138,33024281,31705595,59568395,55857467,51174047,55302241,29198443,42095936,26229583,42567355,226581588,326314369
83,000426,2017-12-18,0.019937040923399874,0.012591815320042166,0.20336358681436378,19250.0,117068.70763734046,2198,59289280,58148567,1473418,1770800,11354001,10954556,8248671,8968666,8891200,11558343,7384024,8741878,5055597,2146203,4019340,4552249,12863029,9455872
84,000428,2017-12-18,0.007352941176470562,0.009803921568627416,0.1656888283893719,3292.0,38298.6780380542,606,4952606,4466735,360208,546831,2580949,1322776,355837,783160,1226396,478130,0,906622,0,0,429216,429216,0,0
85,000429,2017-12-18,-0.0025380710659898,-0.0012690355329948444,0.2569891331439851,5915.5,57125.94520001027,940,8085979,13194872,873920,854822,2813418,3237700,1115990,2707665,1043906,2874530,504125,713700,0,1030700,472200,1775755,1262420,0
86,000430,2017-12-18,0.014051522248243575,-0.005854800936768045,0.3537313399712879,1705.0,16800.983073965206,582,3214028,1874846,766980,358320,1309619,1003391,1006221,381927,131208,131208,0,0,0,0,0,0,0,0
87,000488,2017-12-18,0.008888888888888946,0.008253968253968402,0.27645103082485745,31700.0,234480.4538477875,3248,151187975,145527563,1760781,2642072,13892886,14437936,17223440,18758853,26961575,35150082,13566724,18975515,13540073,14304946,11199508,10303766,53042988,30954393
88,000498,2017-12-18,-0.0015600624024960652,0.007800312012480548,0.14282216418426352,6460.0,93699.29580122483,2017,28248021,23237537,3344640,1413194,8044751,6400648,4182079,4491079,5226317,5286137,1618831,1290393,2387433,338956,0,0,3443970,4017130
89,000501,2017-12-18,-0.03138201569100785,-0.03017501508750753,0.3166933339895436,16230.0,128512.30968657073,2741,93176921,69006399,3171336,1608057,12230299,11302637,13430596,10616086,13952823,14879214,7746112,6037755,8969124,6418760,6720865,3121230,26955766,15022660
90,000502,2017-12-18,-0.007850834151128527,-0.016683022571148176,0.3358844087053493,8152.0,32038.726652792837,920,11320468,8004943,363520,1290072,4835608,2918727,3186733,2619434,1923354,741408,699631,435302,311622,0,0,0,0,0
91,000503,2017-12-18,0.0025081514923501746,0.003762227238525373,0.6170438533711899,84273.0,460488.02532767924,4188,503895612,481076320,1296762,1181030,13351481,16030848,21535337,22705334,45937158,50711162,36027401,39932825,34823196,29886141,32059491,34585521,318864786,286043459
92,000504,2017-12-18,-0.05840000000000001,-0.045599999999999974,0.43929732672453486,34300.0,220118.91981832325,3249,191432042,144445412,1916095,1840560,14794148,12207823,17295844,15089493,37268497,29713650,21162989,14822268,19545537,12268994,12799546,11173118,66649386,47329506
93,000505,2017-12-18,-0.0021739130434782483,0.008695652173912993,0.2343521394538037,13919.0,66079.48167337908,1543,25035764,33100848,1011371,1640674,6278877,6718504,6986144,7333409,4629915,8530302,2927185,1815536,1746891,2722281,870384,3204985,584997,1135157
94,000506,2017-12-18,0.016393442622950838,-0.002732240437158584,0.25297544078878925,11776.0,54268.544161990045,837,16075455,9095668,445682,977617,4085029,2628947,2947651,2618755,4702322,2217141,1863353,291600,2031418,361608,0,0,0,0
95,000507,2017-12-18,-0.006958250497017926,-0.004970178926441471,0.1970751464304522,18000.0,104733.01950268666,2607,64043813,52528577,2188336,1621144,14521044,11993881,12296493,9328956,14300359,10720050,7962455,6770119,4034060,2268583,2995002,4356606,5746064,5469238
96,000510,2017-12-18,0.038363171355498604,0.01790281329923271,0.1879701859916517,13667.5,146157.88729230964,1734,37749899,67428095,1257757,1872536,6152878,6830850,6420427,6492064,4842267,7859399,3576828,5794384,3122292,5403343,2269545,3924046,10107905,29251473
97,000513,2017-12-18,-0.013421828908554478,-0.00943952802359882,1.0807369536189704,40302.0,187818.7160528453,3941,189993133,172273194,1257948,1875411,17388591,24886865,25604060,25830590,27187353,28994892,16070311,16685086,8869324,13590451,9892462,14914575,83723084,45495324
98,000514,2017-12-18,0.006250000000000089,-0.004687500000000067,0.21583801659384114,5751.0,24898.615762948895,879,7196401,7025625,1178375,495865,2892488,4478463,2094848,1335881,830370,305816,200320,409600,0,0,0,0,0,0
99,000516,2017-12-18,-0.013015184381778844,-0.013015184381778844,0.12120938316501984,10465.0,160293.70832574705,1448,44057516,23257084,1668373,1239618,6838039,4921245,6978128,2428179,5826857,5016734,3799741,1536034,972975,684875,2220870,1351199,15752533,6079200
100,000517,2017-12-18,-0.01671309192200554,-0.01949860724233976,0.08945077663195444,1775.0,47119.00506585121,1615,14484653,7014409,1800425,1499742,3360906,3158804,2097708,794237,2131154,711696,1057866,517070,1341818,332860,886200,0,1808576,0
101,000518,2017-12-18,-0.007092198581560294,-0.015602836879432536,0.20438003484725104,3495.0,31962.686297755146,1190,9913954,6108482,1438671,985252,3578418,2376833,1174810,1216594,2353685,1323491,217602,206312,663600,0,487168,0,0,0
102,000519,2017-12-18,0.0009990009990010762,0.025974025974025983,0.14368257428393783,60694.0,204059.11032134332,4871,289704642,314870796,1016118,1451357,20652954,22569711,34188855,38507411,56272491,64026589,41275916,41177061,26676603,32760604,21242081,22450554,88379624,91927509
103,000520,2017-12-18,-0.004901960784313819,-0.002450980392156854,0.11417086818085781,5712.0,49974.940916637286,1279,14621936,10104976,1108355,1463369,4811093,3991639,2335484,1815984,2015397,802638,890164,206856,1375902,756448,893887,483888,1191654,584154
104,000521,2017-12-18,0.0,0.0,0.18774598753813504,7622.0,42074.26973240145,746,7639919,9222856,501277,551338,2787672,2713943,1772999,2357895,1209362,1971842,722752,1292000,645857,335838,0,0,0,0
105,000523,2017-12-18,0.0,0.0,0.3879239404839792,8310.0,27837.30512568656,458,4984989,3441538,424491,437185,2581157,1642398,1362651,671095,133630,690860,483060,0,0,0,0,0,0,0
106,000524,2017-12-18,-0.005988023952095856,-0.0034217279726260763,0.5127131208602488,8120.0,27788.604640627822,519,5409582,2819940,466276,489766,2478587,1577137,1349815,619637,469944,133400,0,0,644960,0,0,0,0,0
107,000525,2017-12-18,0.06945917285259817,0.03976670201484622,0.34324002650822477,19010.0,102342.05522503349,3022,58464897,98784484,1390432,3370086,8752335,17343573,9634725,14931843,15045926,21689970,9203719,13431212,4678163,7339222,405300,8922319,9354297,11756259
108,000528,2017-12-18,0.0024906600249068322,0.0037359900373601374,0.14893839770112327,9708.0,55628.6950638929,2911,34583622,42238828,2187362,2665388,9630457,13697258,8680628,6643707,5647819,8148516,4290705,5127936,1043472,1811684,1690854,844683,1412325,3299656
109,000529,2017-12-18,0.0,-0.0014164305949008194,0.22780173855459507,3520.0,24065.50552360036,961,4810437,4905577,885730,1094195,1280808,2071907,1092545,959272,939210,780203,0,0,612144,0,0,0,0,0
110,000530,2017-12-18,-0.023423423423423406,-0.01981981981981973,0.1737554814106923,10860.0,85193.9848433483,1020,20173782,16077476,669371,1119129,3165768,3649744,2993657,2740041,4956049,2364773,2444905,1929146,1059184,336050,862835,862835,4022013,3075758
111,000531,2017-12-18,0.02966625463535233,0.024721878862793423,0.24574328357889333,9152.0,94890.23265621453,1084,25505431,17279724,1442380,570208,4922400,3175663,3438876,2880180,5585789,2673053,4421349,3460900,1595208,332920,1792613,901901,2306816,3284899
112,000532,2017-12-18,-0.007299270072992692,-0.006386861313868675,0.39744588801356595,8724.0,57414.98803816909,760,7406189,11403029,652389,746366,2794279,2992299,1515549,1214129,1272438,2400443,0,691694,304110,1221920,867424,0,0,2136178
113,000533,2017-12-18,-0.013461538461538525,-0.02115384615384619,0.3304339369296518,15247.5,103308.33255266283,990,27503482,13199669,659111,726571,5650967,3439948,6040616,3019591,5525362,1517614,3307022,1958342,337512,337512,0,0,5982892,2200091
114,000534,2017-12-18,-0.019354838709677358,-0.018637992831541217,0.8309244065253814,6855.0,16686.482659670215,281,1673260,1664438,185431,380212,884784,1151045,370564,133181,232481,0,0,0,0,0,0,0,0,0
115,000536,2017-12-18,-0.0021459227467810482,-0.0042918454935623185,0.1250713257355276,4620.0,52071.38521054547,1389,16462333,8884442,2162373,632159,5597982,2308739,2303807,913246,2576208,825023,2444145,1166380,328512,707692,465000,870817,584306,1460386
116,000537,2017-12-18,-0.08314606741573027,-0.07116104868913853,0.2507305416318616,35653.5,252943.50720213295,2848,127573380,112739969,884829,1950858,8873990,10902193,19190623,20619793,36692506,22531286,13149255,11141071,9938908,6248139,6199438,5921183,32643831,33425446
117,000538,2017-12-18,-0.00010152284263964528,-0.0020304568527919065,2.0213015835657324,29610.0,246426.79425392722,2377,100579272,111306084,2847708,3452919,10390649,11907580,15297327,13048142,12967936,18173782,6245446,12175793,5736572,3459219,4022935,5303952,43070699,43784697
118,000539,2017-12-18,0.0,0.0,0.20792419357573305,4780.0,26309.04593717364,530,3666825,2388765,418974,555875,1680439,1239606,561430,449584,575782,143700,0,0,0,0,430200,0,0,0
119,000541,2017-12-18,-0.007692307692307776,-0.004395604395604269,0.2073231215096696,10908.0,113769.35183279542,1927,42371353,32352549,1529067,2205601,7463898,8282003,7253974,6526151,6032300,5429636,5167263,3206488,1691382,0,2670651,875876,10562818,5826794
120,000543,2017-12-18,0.0040000000000000036,0.0040000000000000036,0.1885014387255314,9519.0,105636.81557485957,703,14000986,14768374,634893,690380,2235508,2350775,999737,1712699,1771063,3234732,2709715,1134060,1694463,346379,469060,469060,3486547,4830289
121,000544,2017-12-18,-0.0032873109796187627,-0.01051939513477973,0.5638740801861939,6048.0,38491.50733510589,727,9684339,4995651,640858,777337,2095413,2069200,2041316,1202748,4226052,711705,226500,234661,0,0,454200,0,0,0
122,000545,2017-12-18,-0.003960396039603853,-0.005940594059405946,0.12777658871659742,10040.0,79888.44178679342,1563,30010405,15423579,1616510,1218185,8166354,3896565,5500206,3674434,4085804,2617458,3850624,1124224,1420338,1690681,1389286,474832,3981283,727200
123,000546,2017-12-18,-0.015767131594905837,0.0006064281382656134,0.36305267449538836,11676.0,67176.38925371283,2065,38282081,26976281,2014751,2477079,9456936,9643958,7226536,4568130,8695573,5102277,3056720,1363989,2431198,2477470,2103347,813200,3297020,530178
124,000548,2017-12-18,0.016077170418006492,0.020900321543408262,0.20133056671771382,12440.0,76789.34178852117,954,12274154,16685093,695892,967378,3795170,4507326,2604537,3299558,2529768,2789667,868675,1137249,1011554,1616619,0,0,768558,2367296
125,000550,2017-12-18,-0.008588957055214785,0.0,0.6143870907510302,9792.0,36139.35391106616,703,6447851,6585887,556515,997824,2745497,3169474,1410189,980527,483561,1030313,518340,0,326000,0,407749,407749,0,0
126,000551,2017-12-18,-0.0012484394506866447,0.0012484394506866447,0.4125876280438476,12051.5,63752.77691724648,376,6823386,4633331,391883,302395,1508762,1670987,1686272,1273603,1557279,1150558,235788,235788,0,0,0,0,1443402,0
127,000552,2017-12-18,0.020408163265306145,0.014577259475218707,0.07310946094808311,5160.0,65750.19993752244,2212,17068633,26323347,3017880,2167294,3669733,5512669,1404513,3420784,2037796,3901597,900450,3291025,2805940,4458326,0,1269844,3232321,2301808
128,000553,2017-12-18,0.0026350461133071157,0.005270092226614009,0.356371033186559,15160.0,53679.40223667249,1816,30429249,24155868,1491434,1208437,11289930,6256385,7231207,8080110,5995251,5789656,2037897,1562850,664692,320720,0,0,1718838,937710
129,000554,2017-12-18,0.007500000000000062,0.004999999999999893,0.21128372025153266,16089.5,104175.30245983864,1434,31296916,38275932,1477629,1336803,6667386,6209515,5278645,5463563,5124952,7562418,5417725,4104935,3169290,2088824,2608139,4611233,1553150,6898641
130,000555,2017-12-18,-0.04507628294036059,-0.04507628294036059,0.23093693457072137,26220.0,234262.75604652506,3905,160124539,132272345,2534767,2492859,19192454,16952538,22729452,16888742,30811823,27733053,19785002,17034664,12722471,8250858,8895503,8650290,43453067,34269341
131,000558,2017-12-18,-0.0019646365422396617,-0.0019646365422396617,0.1648590637284396,5588.0,37930.27675816485,953,8896961,8875361,942510,932114,3962802,2420698,1861067,1878662,1409500,2100247,246610,1069168,0,0,474472,474472,0,0
132,000559,2017-12-18,-0.01569037656903771,-0.01778242677824271,0.2040866429948592,14085.0,86413.53583668981,2195,53759028,42179857,1916586,2496797,10988000,8533847,9324655,7342683,9665092,10143576,5952667,3479794,6556529,5233548,2140861,878086,7214638,4071526
133,000560,2017-12-18,-0.022580645161290436,-0.011827956989247435,0.24821118731060526,13860.0,71956.88306348868,1404,29310080,19105859,1182178,1292622,8636117,6131119,5070944,3549456,5291388,3806559,3188511,1958695,2344627,300898,984696,401119,2611619,1665391
134,000561,2017-12-18,-0.02732240437158473,-0.007650273224043769,0.21637559576348636,9170.0,48039.168740767695,1789,24167551,18025868,2598787,1655029,7840027,6847031,4748490,4613176,4019943,2754148,1628000,741532,988694,317852,0,0,2343610,1097100
135,000563,2017-12-18,-0.022471910112359716,-0.013483146067415852,0.09196473220201914,9658.0,116864.07446410632,2349,39015903,36078506,1616406,3149423,7085127,10414460,4280768,4752761,6172639,2440514,2240322,1603977,644160,0,2264371,1314017,14712110,12403354
136,000565,2017-12-18,0.015068493150685036,0.008219178082191858,0.18837534022775726,6669.0,69489.43342739742,1503,18048933,14328136,1833515,1468315,6185360,4180189,3426326,2060482,3330111,801814,1678351,1425442,0,335064,0,0,1595270,4056830
137,000567,2017-12-18,-0.0026338893766463256,-0.007462686567164201,0.6575668853310612,8992.0,78311.3310893257,1201,13375707,21380612,1157710,1284735,3637246,4771076,2347879,4205283,3588929,2346588,1196817,2018324,0,325039,459816,1788448,987310,4641119
138,000568,2017-12-18,0.016288628406150307,0.011873953417567362,0.9868290069216259,100800.0,466578.09844129905,4438,489566393,478906484,867615,989666,12756596,12964584,37862443,18086342,65556307,58849846,49621138,48451039,41952673,41272279,39721100,42032788,241228521,256259940
139,000570,2017-12-18,0.0,-0.0017953321364453378,0.22938655592243581,5570.0,31688.85738449003,589,5056166,4867003,518396,310925,1664227,1894561,1790127,1252176,748616,950143,0,459198,334800,0,0,0,0,0
140,000571,2017-12-18,0.01851851851851838,0.011111111111111072,0.15898117653539837,4344.0,42154.54027091528,1154,9345422,9790270,1015778,1164549,3217213,2752290,1764976,2037352,1475377,1649061,670350,1830810,356208,356208,0,0,845520,0
141,000572,2017-12-18,-0.02355460385438979,-0.017130620985010725,0.11493851331859745,5556.0,74430.76452451268,1653,22923902,16295113,1883601,1276224,6050536,4222842,3227933,3288348,3532580,2541937,3185693,1457271,306820,1091291,1678186,946580,3058553,1470620
142,000573,2017-12-18,-0.008048289738430636,-0.008048289738430636,0.21297534151574918,5461.5,66702.24457600739,544,9666550,4918583,630993,451294,2097932,1318592,780245,853011,1190742,692374,2742996,1603312,0,0,0,0,2223642,0
143,000576,2017-12-18,0.002962085308056972,0.004146919431279539,0.97621305995474,11802.0,47006.43607294546,298,2117609,6714310,224166,347409,1120346,1457880,540914,1673483,232183,1512682,0,1056491,0,666365,0,0,0,0
144,000581,2017-12-18,0.0008517887563883608,0.002129471890971013,0.44164606339645407,21213.0,133003.77566213036,2828,76763580,74805232,2301323,2498730,15317241,13132823,10272279,12530218,14996358,18802365,7873959,9019919,4174527,3338250,4057497,1838567,17770396,13644360
145,000582,2017-12-18,-0.007164790174002067,-0.007164790174002067,0.2735048579676154,5844.0,45471.3002438281,1276,16754284,7419415,2327869,1088165,4386884,3211141,1572625,1255899,3834568,1217212,1989172,235126,777600,0,832612,411872,1032954,0
146,000584,2017-12-18,-0.002722940776038074,0.0,0.5390031100687767,16148.0,121522.34222635075,742,16230032,14889800,708516,450413,4496191,3142607,3647951,2699361,1752187,2928735,785563,844492,691586,334144,1695378,0,2452660,4490048
147,000586,2017-12-18,0.002720348204570122,-0.00598476605005438,0.7394470573141856,5583.0,170453.81275996842,621,5907064,19077408,953889,502314,1711582,1381194,1318206,722826,284510,226440,910254,0,728623,1118684,0,0,0,15125950
148,000587,2017-12-18,0.0029673590504450953,0.0014836795252224366,0.15608998691463916,20160.0,112734.5053511527,1868,41751503,58136373,793054,1681119,7206586,12019466,10064547,5679649,7711293,11276456,6812561,4189790,4018546,3320003,837408,2195713,4307508,17774177
149,000589,2017-12-18,0.0,-0.0021551724137930384,0.19440063946623398,2330.0,24378.34264142498,569,3927629,2826911,560533,479678,1511764,1490531,897443,316052,707330,540650,250559,0,0,0,0,0,0,0
150,000590,2017-12-18,-0.024745269286754024,-0.017467248908296984,0.5715096995203787,9520.0,46193.83436337832,578,7388059,5535514,516107,485501,1997333,2374859,1102713,1164894,1838012,958110,229995,229995,1703899,322155,0,0,0,0
151,000591,2017-12-18,0.0,0.0,0.12869605921085214,8550.0,70847.29447001158,1957,33962422,26438150,1577286,2269840,6452228,6826648,5744939,5152331,7172193,7086380,4881119,2629405,2826932,1527299,0,0,5307725,946247
152,000593,2017-12-18,-0.007700770077007757,-0.018701870187018743,0.24934878407722352,9889.0,77375.21276700661,1329,27755524,13980543,1482222,1679018,5384741,5282236,5773080,3213580,6170535,2622652,919418,498158,1778148,684899,885000,0,5362380,0
153,000595,2017-12-18,0.024761904761904763,0.01904761904761898,0.116750161513302,12695.0,97490.61969763774,2025,34628200,34386826,1556443,1550206,9167764,8945576,8443013,7031947,5348718,7913433,2713686,3295882,2038056,1005323,857940,2069199,4502580,2575260
154,000596,2017-12-18,0.005669629175605095,0.0067422617223413805,1.134746784993774,33050.0,207955.2463463914,3309,147857557,162266480,1952689,2324189,12463384,14762687,19592282,20743398,22328286,27225731,16945882,16726439,13253109,12590088,7782474,9574340,53539451,58319608
155,000597,2017-12-18,-0.006504065040650375,0.0,0.2907076865833317,19584.0,108076.94528389807,1791,48800732,38949039,1137942,1502575,9109625,8733866,7418380,8436186,10375712,7353377,5669901,4051313,3031951,2467183,488000,455100,11569221,5949439
156,000598,2017-12-18,0.005660377358490676,0.0018867924528300772,0.14929902266026152,6384.0,55987.873267323186,1261,12825213,14121137,1223344,1545330,3358721,4210563,3330465,2072434,1693732,1127365,965276,918698,368303,1062099,1301272,439432,584100,2745216
157,000599,2017-12-18,0.014563106796116498,0.012944983818770295,0.13957417895480506,12520.0,98118.09956658859,1962,42078754,45067860,2236793,1331940,9706548,4663696,6840492,5370320,10037031,10498418,4169639,5756470,3514083,3677898,2308432,3187344,3265736,10581774
158,000600,2017-12-18,-0.01724137931034464,-0.016009852216748666,0.16077716486151086,19975.0,92724.07779270427,2554,64258844,52777138,1969009,1525332,12538223,14915037,11205242,8976669,12630809,10900632,9103882,5597509,3146571,5710324,1877979,2196613,11787129,2955022
159,000601,2017-12-18,0.001394700139470073,0.0,0.24880040281575752,8598.0,50141.655131561245,830,12389279,11661766,1048427,574076,3378759,2624851,3660191,2212927,2192413,3324139,1394825,2213075,714664,712698,0,0,0,0
160,000603,2017-12-18,0.00859106529209619,0.0,0.41082129945536355,8158.5,67909.1998061605,802,11403632,8472766,1036398,640960,2411100,2389688,2665825,1937850,1269672,1658863,1352243,431095,389110,389110,1254084,0,1025200,1025200
161,000605,2017-12-18,-0.030526315789473624,-0.032631578947368456,0.4234458481071269,13020.0,56158.966838764405,2014,37424562,27884378,2167234,1845440,10707150,7454703,8339620,6426039,9549796,6167340,3383857,3742078,1604708,1113170,947578,410989,724619,724619
162,000606,2017-12-18,0.0,-0.0033296337402884957,0.40505200426823446,7219.5,25663.57687517582,494,3764790,3900100,488935,705124,1019343,2042317,1139060,634425,1117452,518234,0,0,0,0,0,0,0,0
163,000607,2017-12-18,0.0015974440894568342,0.004792332268370725,0.2467328332581561,6280.0,29984.61497694622,643,5562297,4655688,552435,581240,2730500,1781825,746761,1124910,997490,923032,535111,244681,0,0,0,0,0,0
164,000608,2017-12-18,-0.012698412698412764,-0.014285714285714235,0.16307768943964646,6320.0,65300.0085980647,1496,21664220,19293721,1620876,1208507,4886281,4803483,4213348,4261743,3742407,3594704,1501588,1779620,3271323,656745,946393,486846,1482004,2502073
165,000609,2017-12-18,-0.03673835125448033,-0.031362007168458716,0.31118229905873,6414.0,40844.411165724894,1287,14571099,9901573,1615062,719984,5506613,3807246,3507366,1740669,1941883,1698533,1284650,214323,715525,754362,0,966456,0,0
166,000610,2017-12-18,-0.0023809523809523725,0.003968253968253954,0.643065615313167,27830.0,124636.28411734116,383,28530477,5363676,174101,217415,1370491,1256325,1793513,757250,3516425,1026696,14303240,1455581,4054801,650409,442050,0,2875856,0
167,000611,2017-12-18,-0.017676767676767624,-0.017676767676767624,0.32703682880929485,10948.0,112069.7190299434,586,14438614,8873906,602974,347509,2580552,1826952,2455495,1583522,2612177,866121,1728771,511517,1835655,1115295,477400,477400,2145590,2145590
168,000612,2017-12-18,0.0,-0.001098901098901095,0.2076214650148874,6370.0,116348.99686901543,1923,18222710,43618800,995533,4125418,3316133,7124822,3152175,5488427,4126561,2630536,1887362,1322654,620064,1409432,1820305,6343760,2304577,15173751
169,000613,2017-12-18,-0.01157742402315487,-0.00868306801736618,0.1966213558091881,9618.0,54953.51543544071,1237,16236638,16938924,1199925,1087082,5599727,4735008,3545572,2941234,2488644,3656074,1464644,983096,1047424,1490266,890702,890702,0,1155462
170,000615,2017-12-18,-0.022966507177033302,-0.012440191387559696,0.17004583620111424,28840.0,138914.01413360977,3781,162858894,109253837,2258550,1809674,18309391,17439462,24011322,17975999,38283062,27288488,19194202,14074133,10902810,7585012,13251194,7836703,36648363,15244366
171,000616,2017-12-18,-0.017341040462427793,-0.011560693641618491,0.11406276881089988,6517.0,72723.43078970248,921,14810921,7734818,686841,1009157,2826079,3139268,2072164,1449621,1452129,843784,2379559,810387,696691,0,482601,482601,4214857,0
172,000617,2017-12-18,-0.002941176470588225,-0.0051470588235293935,0.49667397483819653,6785.0,28711.97746762198,749,7992321,3612741,1037143,474252,3931002,1403747,1407745,872257,1347184,245517,269247,0,0,616968,0,0,0,0
173,000619,2017-12-18,-0.0060975609756096505,-0.0060975609756096505,0.4758949593893272,8165.0,33816.17824545492,296,3128452,2432102,285456,477965,984707,1002878,783064,499449,750025,451810,0,0,325200,0,0,0,0,0
174,000620,2017-12-18,0.001712328767123239,-0.005136986301369939,0.22193226427408982,6719.5,25826.76845934203,692,6390454,3629594,1226082,408516,2695355,1609044,1266251,599404,1202766,745638,0,266992,0,0,0,0,0,0
175,000622,2017-12-18,-0.033333333333333326,-0.015686274509803977,0.21606716869077536,5100.0,40175.6168659975,557,5941899,5228608,386573,730081,1849715,1290896,1813095,1425731,1005024,865808,507000,535600,380492,380492,0,0,0,0
176,000623,2017-12-18,0.0032228360957642366,0.0004604051565377798,0.4469679976677231,21760.0,140832.35065717515,2361,78418504,67236683,1030638,1890991,9715265,14714188,11136145,10040029,12992920,12209588,10453227,10039867,3763171,4731326,1830065,4428796,27497073,9181898
177,000625,2017-12-18,-0.02900763358778613,-0.012977099236641254,0.22395357233595653,15540.0,133395.9895949032,3423,120983820,51332776,1387890,1638861,25704024,13421828,15744522,10302390,19402891,9761850,11919586,5169091,5430392,1384097,5650033,2974014,35744482,6680645
178,000626,2017-12-18,-0.008227374719521285,-0.020942408376963262,0.3699458791911738,13150.0,58140.312365616395,1306,22648284,18264494,1198765,1227186,6031389,5877436,4684110,4836433,5279550,3238321,1023768,934909,1365321,1728736,2167001,421473,898380,0
179,000627,2017-12-18,0.010238907849829504,0.005688282138794243,0.1717031452564797,13290.0,152187.25692851725,2623,62526113,60579770,2766247,2404917,11873362,9676537,9806183,9246177,8374940,11218051,9941926,6133759,2562062,4486884,4811436,5248586,12389957,12164859
180,000628,2017-12-18,-0.007033997655333968,-0.0011723329425556983,0.30145087214292304,7668.0,28132.21422033405,801,8305894,4869952,995073,788723,3850372,1961030,1676320,1108294,1784129,672305,0,0,0,339600,0,0,0,0
181,000630,2017-12-18,0.007380073800737907,0.0,0.05162120972506513,7588.0,132891.36503893454,2784,46359308,47870296,2292021,3275347,8191111,9998992,5352193,8523154,6174626,5928025,2101714,4502939,1296896,2527266,3522259,1260363,17428488,11854210
182,000631,2017-12-18,-0.0024875621890546595,0.0,0.08684069324875732,4019.0,54540.87755356334,2152,17013493,15299287,1092884,3900879,2782454,5956885,2808091,1810629,1480793,1336834,3473673,816294,965598,0,0,0,4410000,1477766
183,000632,2017-12-18,-0.006359300476947549,-0.009538950715421213,0.27084520669727985,8086.0,27445.831598647877,539,7346832,3068717,426091,544297,3466811,1167881,1996361,1050155,1457569,306384,0,0,0,0,0,0,0,0
184,000633,2017-12-18,-0.014874141876430325,-0.005773672055427337,0.010428321068254203,8730.0,38770.28946250538,354,5962817,2743241,599432,247178,1597228,1101709,1583169,877439,1457328,279132,725660,237783,0,0,0,0,0,0
185,000635,2017-12-18,0.0,0.003389830508474523,0.4250802866218363,8862.0,38730.736417278036,1204,13416972,9869494,1530621,761780,6429904,4160087,2061615,2356234,2459400,552650,248162,248162,687270,1120846,0,0,0,669735
186,000636,2017-12-18,0.010685663401602818,-0.016028495102404228,0.1672590030603543,81252.0,372062.09075531,4517,458797868,408059232,1075428,1231393,15246027,16126906,28101084,21899191,55544663,50975569,57179326,50643648,49446669,40090785,42067535,21765219,210137136,205326521
187,000637,2017-12-18,-0.003490401396160636,-0.005235602094240899,0.23615523293831175,2852.5,19957.196818011187,588,4042753,2590228,594611,416991,1618636,1014973,1585346,665838,244160,492426,0,0,0,0,0,0,0,0
188,000639,2017-12-18,0.0035460992907800915,-0.0010131712259371373,0.5800090680323579,3934.0,49350.341226423145,1158,9684990,11159661,771116,2078235,2610066,2348016,1579245,2291391,1277306,1712205,1257527,693440,1166610,687792,0,1348582,1023120,0
189,000650,2017-12-18,0.0038022813688214363,0.001901140684410496,0.16528023262166824,6323.0,54854.469825931395,1013,12200314,9782892,865225,1335712,4439773,2875437,1005682,1623641,2696606,472868,1842123,619588,1350905,1346144,0,0,0,1509502
190,000651,2017-12-18,0.020905923344947785,0.017421602787456525,0.5995068092957183,312045.0,995255.0478964143,5157,1295584777,1658404475,148814,285059,5351007,6990724,16962024,19005491,55190947,65361807,75250997,86916644,77651357,87811145,56557812,86142619,1008471819,1305890986
191,000652,2017-12-18,0.00219780219780219,0.00219780219780219,0.13529587749043456,7667.0,59733.11030325368,1132,14439553,15458082,939062,1025285,4286804,4353937,2024433,2246208,3434880,2892856,1856451,2539930,0,709481,872415,416416,1025508,1273969
192,000655,2017-12-18,0.037283621837550074,0.01997336884154466,0.16235890534205707,17733.0,101437.82307957481,2142,42670066,61058184,1782803,1896391,8530147,10252550,9863495,12184274,11443727,15336722,3692021,6743126,1755068,4010584,874194,1694730,4728611,8939807
193,000656,2017-12-18,0.0,0.002192982456140413,0.10670901155663268,5471.0,66884.6109970296,1829,14517616,17753360,842864,6458876,3096354,2693481,2317973,2265306,2035744,2250512,1956195,959894,1000403,350663,908908,0,2359175,2774628
194,000657,2017-12-18,0.01001669449081799,0.005843071786310494,0.3325398752312014,8435.0,39529.071612852,1298,16137178,12445200,714079,1747679,5321268,5692473,3588188,2986428,2945069,1801493,1659526,217127,1909048,0,0,0,0,0
195,000659,2017-12-18,-0.01927710843373498,-0.01686746987951815,0.13663406497212505,13793.0,139777.45909560297,923,42056793,10681404,814772,704965,4793577,3022140,3793518,1675492,4965071,2627031,4020704,1572494,2463388,655982,6314463,423300,14891300,0
196,000661,2017-12-18,-0.0181361607142857,-0.018749999999999933,3.485739677115736,53379.0,355070.08622289984,2647,207889881,159770428,6481,9203,11849838,12505690,15856386,12500642,42656444,21707806,23581931,11951182,12209579,10380870,13764820,7985094,87964402,82729941
197,000662,2017-12-18,-0.004527813712807305,-0.019404915912031084,0.5050161634810235,7665.0,60386.62433292668,937,12588590,14077324,1095141,716828,3667331,3906204,1248899,1079403,2653104,2978225,2252073,2448453,711287,2948211,455413,0,505342,0
198,000663,2017-12-18,0.006124721603563366,-0.008351893095768448,0.6266393813927865,16109.0,66775.29183327092,821,12754297,15513577,721244,802969,3649230,4056185,2822356,2982711,2084832,3403817,465471,1724907,1393611,1373818,890157,441774,727396,727396
199,000665,2017-12-18,0.001994017946161719,0.001994017946161719,0.3494630062323528,6042.0,52319.89900630859,823,7262794,12561930,544719,963031,1824236,2673591,1139679,3635301,2910311,1956669,218519,665026,625330,304416,0,1356896,0,1007000
200,000666,2017-12-18,-0.010816125860373615,-0.004916420845624492,0.48490137401166333,6123.0,61634.95289387553,1761,18447663,22986285,1247235,2603197,4242413,6747459,2651073,2343349,5412083,5623018,1561889,2087946,0,1088365,0,1289373,3332970,1203578
201,000667,2017-12-18,0.0033112582781456013,0.0033112582781456013,0.09479508804871123,3648.0,49083.633322836446,1017,9022298,5025779,984577,1764854,2419044,1543869,1636762,723520,1270170,199677,952713,793859,0,0,0,0,1759032,0
202,000668,2017-12-18,-0.010738255033557076,-0.01543624161073831,0.7269762848315501,8958.0,60994.77245454146,420,8387793,3827343,239968,521482,1285805,1649755,1161480,551965,1810932,533880,1794603,212858,2095005,357403,0,0,0,0
203,000669,2017-12-18,-0.0064562410329985775,-0.011477761836441891,0.3588682995648953,12537.0,64681.35985037954,1509,31084203,16532049,999230,2090780,8860587,5110780,5535839,3745437,5429082,2668936,2726851,945631,724014,667200,3157459,1303285,3651141,0
204,000670,2017-12-18,-0.060109289617486406,-0.05737704918032782,0.10677228015348703,49771.0,229396.1818891679,4718,327027509,247815491,2190841,2000181,21390197,18195648,32380196,25586082,62754550,42380455,41994808,38327277,30782063,19449877,24020929,18167419,111513925,83708552
205,000671,2017-12-18,-0.00867052023121384,0.0,0.12777312078524874,16752.0,182965.94605606515,2938,105066903,123942640,1566214,2552915,10301076,15210444,10971818,10140728,14914008,19424594,12174088,12486557,9803608,13762396,6540547,5185512,38795544,45179494
206,000676,2017-12-18,0.0017621145374449032,-0.002643171806167355,0.3040903311874359,5705.0,29758.454968724138,1394,10886116,11218779,1187404,1596478,4236103,5306434,1652619,2530618,1905116,1785249,917528,0,987346,0,0,0,0,0
207,000677,2017-12-18,-0.0045977011494251485,-0.00919540229885063,0.13730460134552916,4320.0,73571.92617392157,1005,10948905,9916274,959559,1210737,2807277,1549054,1524633,1203007,2082231,1678560,1312539,887111,614860,0,478934,913933,1168872,2473872
208,000679,2017-12-18,-0.026881720430107503,-0.024193548387096864,0.23596578854924466,9542.0,38858.07776948833,994,15240700,7782126,1120905,875013,5020183,2917082,4219060,1770722,2897233,1183361,1642551,695180,340768,340768,0,0,0,0
209,000680,2017-12-18,0.0020661157024792765,0.0020661157024792765,0.11344357285869626,10143.0,54634.63594373183,1823,23666825,19880358,2141751,1817907,8654730,5925985,3221679,4291335,2589938,2229376,2442307,2137713,2362055,1018402,1455483,1866740,798882,592900
210,000681,2017-12-18,0.027599802858551126,0.024642681123706156,0.4150416444599472,10225.0,53558.918375534515,2397,24743990,43367976,1011324,4971824,7316202,13056970,5965918,6339109,5532633,8344923,3747560,5306559,659473,2181805,0,405720,510880,2761066
211,000682,2017-12-18,-0.014767932489451518,-0.014767932489451518,0.1614249182642712,6559.0,29668.62544835174,862,8278792,5078702,1229180,897367,4240666,2065395,1606596,1226745,317119,517064,513100,0,372131,372131,0,0,0,0
212,000683,2017-12-18,0.013377926421404451,0.0,0.07245919146448677,13455.0,59889.83995955114,1710,32646988,18859733,1354816,1021840,11274884,6024704,6862458,4170640,6010208,2473954,2994994,3033382,1257950,640800,1397265,0,1494413,1494413
213,000685,2017-12-18,0.0009765625,-0.0009765625,0.2634345760365647,5130.0,41817.60563954313,1511,11437098,17193646,1119393,2013769,4807708,4568682,2087598,4637071,1218025,2459969,714303,2036549,1028127,0,461944,461944,0,1015662
214,000686,2017-12-18,-0.009977827050997812,-0.0077605321507761005,0.16477670150535456,2700.0,83218.24262392604,2998,49347531,25079950,4245933,1253390,8159991,6761538,7417039,4281727,7357162,4964912,5374084,3017451,2081202,1739484,3508472,415136,11203648,2646312
215,000687,2017-12-18,-0.013297872340425454,-0.01773049645390068,0.2750661056129444,13259.5,89030.11651863612,1682,40246509,24559425,1032026,1436225,8399706,6755008,7124272,5646466,7264033,5105225,4057893,3516818,2673628,0,1333402,0,8361549,2099683
216,000690,2017-12-18,-0.0025316455696202667,0.0,0.21926919931627248,13421.5,149407.33687811223,1298,35919209,34193763,847994,1314918,3865322,6308249,4641523,5068824,5856910,5699702,4042012,2748858,4609162,2703694,899316,3434579,11156970,6914939
217,000691,2017-12-18,-0.006631299734747964,-0.0026525198938992522,0.2524067215068289,8228.0,61596.406041733215,893,13042945,11698438,934906,928224,3249854,3031605,3444831,2311340,2679275,1338551,1220176,1702495,317013,317013,429595,1301915,767295,767295
218,000692,2017-12-18,-0.016227180527383367,-0.006085192697768638,0.21709278871977647,984.0,20794.29368887909,515,3547035,1827472,422694,277720,1504713,968304,1140034,457968,479594,123480,0,0,0,0,0,0,0,0
219,000698,2017-12-18,0.00694444444444442,0.0,0.19513929380018788,5770.0,27849.379683855004,871,5553660,6617180,636912,1446989,1839884,2018797,961125,2000194,1188455,1151200,927284,0,0,0,0,0,0,0
220,000700,2017-12-18,-0.019163763066202155,-0.012195121951219523,0.19824087996345469,5690.0,77869.25681565912,838,15985709,6727424,972788,477303,2798751,2375417,3085380,648367,1351137,1416193,2108512,0,1494273,387568,976404,0,3198464,1422576
221,000701,2017-12-18,-0.013592233009708798,-0.008737864077669855,0.26891195612051616,6132.0,23973.8938293909,1469,12542649,9423598,1218584,1592296,4728646,4817331,5102224,2310451,791923,496866,701272,206654,0,0,0,0,0,0
222,000702,2017-12-18,-0.012448132780083054,-0.004149377593360981,0.233197152104621,6489.0,38604.018805882406,961,9051977,7362790,462500,1597529,3138155,3232455,1741544,1292476,1783258,1240330,201320,0,720000,0,0,0,1005200,0
223,000703,2017-12-18,0.0235294117647058,0.03081232492997188,0.2851147942631365,37800.0,231802.83906147967,3930,190188818,217773631,1681501,1212309,19133214,21981624,22053297,24344183,37785461,37660911,22108881,24400436,14623222,15261454,10206985,11835688,62596257,81077026
224,000705,2017-12-18,-0.009546539379474916,-0.010739856801909475,0.26182835693859036,5771.5,30017.14736227857,1024,10600212,5648581,2136443,747753,4055030,2395417,2177821,1320206,998190,398250,899692,453919,333036,333036,0,0,0,0
225,000707,2017-12-18,-0.00891265597147961,-0.012477718360071388,0.2106505184833264,5560.0,59118.72070182078,709,12011915,6206043,551367,380522,2078138,1934208,2787808,1061007,2626649,1540642,2833611,280000,0,0,0,447200,1134342,562464
226,000708,2017-12-18,0.004393673110720364,0.0008787346221441616,0.3285958446924081,7952.0,49517.66529616046,1199,16809304,11455839,3180400,524804,5094204,4427323,1545076,1900712,3583502,2782478,714450,1200906,324328,619616,0,0,2367344,0
227,000709,2017-12-18,0.0025316455696202667,0.0,0.0695068084865926,11542.0,324499.17228929163,3247,132803669,128150610,4063743,1972687,13848959,11221924,8743581,8291211,16383286,13025094,13562569,11715918,5092647,11546645,6637657,6936521,64471227,63440610
228,000710,2017-12-18,-0.05603140613847257,-0.039436117059243436,1.1294098251764306,26700.0,94640.35207286182,2463,70805639,61140603,976850,1495746,12810836,13041434,11337747,11596827,18661321,14815391,10118084,5149973,3798993,5798510,6065738,4018206,7036070,5224516
229,000711,2017-12-18,-0.02580645161290329,-0.0185483870967742,0.3445777788960267,12400.0,59446.50093104272,1295,29385083,15904644,1105585,1333970,5725301,5193056,8974041,4096971,5202182,2265458,3536022,1805574,1829723,692336,2494950,0,517279,517279
230,000712,2017-12-18,-0.005574136008918651,-0.0050167224080267525,0.37624053923564377,10800.0,91419.11533310612,2275,44902241,37783543,2188672,1383823,9450830,8574320,9030536,7625282,7972322,8424869,4742389,3778426,3402035,4887271,456447,1316817,7659010,1792735
231,000713,2017-12-18,-0.008086253369272156,0.008086253369272267,0.2285465089730922,11904.0,50912.72019921727,1054,10789976,17645747,816997,1010351,4047531,5148983,3133655,3738514,1434988,3335455,977365,2318387,379440,379440,0,0,0,1714617
232,000715,2017-12-18,-0.019587628865979312,-0.016494845360824795,0.3395084865966754,6726.5,64962.87729353052,816,10451522,9397091,1054772,564227,4177050,2335455,2342433,1639614,524803,946975,1696697,429371,655767,655767,0,821546,0,2004136
233,000716,2017-12-18,0.001890359168241984,0.0,0.13594317548750603,4734.0,33407.15813902204,1515,14310260,11825656,2086190,602408,4297283,3382001,4151113,4984236,2182915,1640467,1275359,1216544,317400,0,0,0,0,0
234,000717,2017-12-18,0.015204678362572999,0.008187134502923854,0.12530297267634335,76228.5,423904.55578992906,4674,369115363,423876381,956657,1231722,15941433,15721231,30727953,52356456,61285984,70188105,44123658,43662337,24640002,29088912,22703752,25420399,168735924,186207219
235,000718,2017-12-18,0.0,-0.00877192982456143,0.12760099492451513,8135.0,33871.17581640543,1278,12618098,9929298,1644901,1279983,4897056,3185928,2200041,4213944,1148025,833564,1803515,415879,0,0,924560,0,0,0
236,000719,2017-12-18,-0.005428881650380135,-0.0021715526601521207,0.2457549677066647,1839.0,22353.395730936376,1407,7207062,6678802,993117,1439270,3783748,3263066,1379602,694657,1050595,599537,0,0,0,682272,0,0,0,0
237,000720,2017-12-18,0.08644859813084116,0.08644859813084116,0.1034458552710448,9765.0,231674.02533886867,1715,81352921,28903621,3007881,398382,8410567,3404773,6408840,3400710,7575883,5483714,6868090,3317243,5025884,2301325,3862514,407099,40193262,10190375
238,000721,2017-12-18,-0.015254237288135686,-0.013559322033898313,0.23533301738636958,6177.5,33282.40048616002,628,7064192,3653710,551586,783431,2553974,1674605,1700386,1044511,843560,151163,1414686,0,0,0,0,0,0,0
239,000722,2017-12-18,0.0033407572383072903,0.0033407572383072903,0.27538518502289133,9020.0,60634.7578943264,1063,12190780,11828288,962683,1301506,4141156,4063104,2200761,1997789,2403187,2193131,0,0,0,604728,0,455910,2482993,1212120
240,000723,2017-12-18,-0.001369863013698569,-0.004109589041095929,0.18495114588886485,10770.0,321204.56448131293,1559,31633024,48484219,612825,2585215,3524914,8440607,4572335,5048662,8294239,5731085,5184333,3115600,2110484,1492463,1299084,0,6034810,22070587
241,000725,2017-12-18,0.007285974499089187,0.010928961748633892,0.07639917106161603,306362.0,2113874.0074675404,5190,1894142880,2525246722,122960,115323,5108532,7098693,20943526,22730553,69090432,70099044,72312997,76397169,80548801,77238288,67155933,80411041,1578859699,2191156611
242,000726,2017-12-18,0.0,0.0,0.22336619152432985,3201.0,41430.27730249506,2265,17134268,13395338,3667160,1306447,4443787,5054869,2432876,1672970,2992341,1625963,1220262,1381478,958834,768960,480023,491887,938985,1092764
243,000727,2017-12-18,0.0,-0.004081632653061273,0.05895767247690537,3430.0,65802.11034295664,1739,23759113,8616291,1750222,937988,6858024,2951361,4584893,952423,2933364,1514640,1818334,244573,935900,1056930,0,0,4878376,958376
244,000728,2017-12-18,-0.0008741258741258306,0.005244755244755206,0.18102415818599474,11480.0,154231.72686418513,3996,107700097,107344905,4443110,1231896,15978570,12005755,15270837,13574480,20921174,18294664,10660565,12474796,8130518,12321668,6131897,8321158,26163426,29120488
245,000729,2017-12-18,0.004784688995215447,0.004784688995215447,0.1329607877914298,12460.0,106954.06898350643,2227,35927236,53072662,2007604,2220383,7883574,10407264,5054351,9334196,7224250,14515861,3997181,4464276,2894339,3659111,1404540,401292,5461397,8070279
246,000731,2017-12-18,0.009126466753585527,0.0013037809647979959,0.22374415901139344,11475.0,65592.60966897296,1175,15972659,20720178,836509,1334718,3551681,6914360,2941800,4134703,3385430,4062187,1760684,923253,1749076,384000,457302,457302,1290177,2509655
247,000732,2017-12-18,-0.0006064281382655023,-0.00545785324439052,0.48011331931194917,6580.0,55347.7433854793,1179,14016345,9658151,1181082,1205810,6425732,2141213,2144731,1491953,1695778,2216934,977722,215756,681030,0,910270,475405,0,1911080
248,000733,2017-12-18,-0.010145846544071024,-0.01775523145212421,0.2972229317460478,27594.0,145380.39098158033,2817,112319103,70252065,1754077,1949048,16085958,14310341,15590836,12129631,23450678,17821422,12953057,6821261,7895787,3013017,3600267,6056143,30988443,8151202
249,000735,2017-12-18,0.0,0.006361323155216203,0.14777298984479334,16401.0,127090.80899640861,2833,71026673,77395062,2399466,2168674,14545545,12259777,11366951,13545284,14218683,11154985,10142186,5855902,6410585,6115949,3678998,4443015,8264259,21851476
250,000736,2017-12-18,-0.021568627450980427,-0.016339869281045805,0.598891490739666,10535.0,37777.73747338914,652,10273224,4170445,566503,754186,3172773,2071016,3168781,733077,2759458,612166,0,0,0,0,0,0,605709,0
251,000737,2017-12-18,-0.0020000000000000018,0.0020000000000000018,0.19369185521859525,8491.5,50990.99445590669,666,9225516,8107105,793698,555663,2200889,1766521,2547466,2036988,2174452,2178805,735012,488517,326447,633059,447552,447552,0,0
252,000738,2017-12-18,-0.008408408408408174,-0.004804804804804719,0.3722333464996622,11634.0,64367.31262973649,2001,38258432,31846661,3156913,1346370,7972687,7285397,7757644,6675673,11055742,7368960,4324311,3392525,2025344,3732616,951039,401720,1014752,1643400
253,000739,2017-12-18,-0.0031897926634768536,-0.0015948963317383713,0.24193826795626142,18780.0,28927.85987587284,671,9021903,4825402,445714,479458,5984823,1899323,864370,1284292,1350796,1162329,0,0,376200,0,0,0,0,0
254,000750,2017-12-18,-0.009861932938856177,-0.00591715976331364,0.08575294732385631,1517.0,67875.95319141877,3503,44406275,18485036,3613413,956131,9780858,4959628,10040487,2465534,4525697,2913885,2026731,1710581,2488949,662718,2588622,412242,9341518,4404317
255,000751,2017-12-18,0.008146639511201537,0.0020366598778003286,0.1271674706731058,9840.0,64772.163180915464,1492,21511152,20149431,2180256,1198164,7219546,5531907,4151783,3166193,2793948,3824998,2077834,2998478,390260,308385,0,922792,2697525,2198514
256,000752,2017-12-18,0.003154574132492094,0.0039432176656151174,0.6004940590969498,8946.0,51903.673358872664,445,6510710,3765580,381910,510205,2217056,1252061,1335818,476784,1000078,633330,206064,518056,733284,375144,0,0,636500,0
257,000753,2017-12-18,-0.010152284263959421,-0.012690355329949221,0.16424469181733128,5460.0,47238.60247088516,575,8415674,3357504,656189,529335,2612193,1473940,1303094,632448,1247880,721781,1504318,0,0,0,0,0,1092000,0
258,000755,2017-12-18,0.005747126436781658,0.012931034482758674,0.1749940818392464,7788.0,81583.78128439648,1585,24167564,23910949,1977745,1487470,6962549,4847300,3325524,3237812,4270907,3802759,1424221,2115743,2714639,2810835,829840,2237412,2662139,3371618
259,000756,2017-12-18,0.024674434544208257,0.022618231665524346,0.2912851729417199,17964.0,118187.56195445733,2511,56485608,74627969,2084744,1868912,11104264,13599859,9946987,12332502,10504306,15571328,4451287,5703990,3203132,1790840,1769666,405840,13421222,23354698
260,000758,2017-12-18,0.007923930269413848,0.0031695721077655836,0.1528180249258912,6946.5,57328.08216678911,1706,22947354,19062854,1568658,1949369,6108422,5549183,3334013,3965921,5268180,3117367,2761414,1899680,2073954,676847,460375,460375,1372338,1444112
261,000759,2017-12-18,-0.07117117117117111,-0.06126126126126119,0.16557606494001406,42280.0,492986.80046035774,4522,318823356,422027795,1603392,1949869,18473258,20348371,25468635,27282189,33689340,31793032,28856606,30105595,18051318,15234790,20551253,27447270,172129554,267866679
262,000760,2017-12-18,-0.08550724637681173,-0.08260869565217399,0.15326380398464406,14904.0,114337.42841819969,2036,49918546,31025264,893365,2369112,9857295,9473907,9803992,4830100,9411972,6549424,5998542,3446613,3347134,2231263,937929,476193,9668317,1648652
263,000761,2017-12-18,0.009615384615384581,0.0,0.10391274897267015,5160.0,93421.31605044665,2510,37450843,39695201,1080005,2864264,6987449,7600412,5434865,4145491,8176091,8740668,5086839,2746564,1111870,2420887,3142799,1743534,6430925,9433381
264,000762,2017-12-18,-0.005161290322580614,-0.00903225806451613,0.31318368964086507,20033.0,107319.58212021204,2451,76605007,56125003,1571229,2012126,12141509,11099903,12965336,10610915,18737717,11304836,10033428,5058176,3492437,4476422,3119693,3557713,14543658,8004912
265,000767,2017-12-18,0.006711409395973256,0.010067114093959662,0.08912476520205496,4800.0,69246.30402059603,1120,9735650,17911353,535530,1281454,1978627,4522413,917372,2611038,1465020,3317561,1046619,1341573,1076623,1377532,437900,437900,2277959,3021882
266,000768,2017-12-18,0.0011117287381881003,-0.0016675931072817063,0.30614097936858575,26910.0,204281.07936547973,3456,163960577,150466121,2742395,1936390,17114692,12677653,19053423,16787304,27984729,24988154,17824953,18251305,16893912,18687291,11025520,10459314,51320953,46678710
267,000776,2017-12-18,-0.004129793510324498,-0.002949852507374673,0.2564055032042721,16885.0,107705.37175248942,4374,133554369,86348746,5637678,1391281,21475875,11929862,22642401,14915138,29244259,20578900,12646987,10812367,9292869,6581460,6379493,4087275,26234807,16052463
268,000777,2017-12-18,0.0,0.003371544167228624,0.5032014034190452,8922.0,42796.07890108506,868,9870365,9109527,714864,1115276,3996994,3005354,2261038,2201572,936544,1226805,1169537,848680,336414,711840,454974,0,0,0
269,000778,2017-12-18,-0.009225092250922495,-0.009225092250922495,0.09961242964580343,12888.0,132348.201641265,2968,80455258,43425685,2883184,1451231,15686524,7356395,11836158,7010767,15531921,9145493,11258063,6868665,3244656,3113359,1758994,2597835,18255758,5881940
270,000779,2017-12-18,0.002089136490250665,0.0034818941504177747,0.6227024042845263,8616.0,31648.422193888815,531,4477178,4696696,652241,557633,2112394,1454178,1098792,862949,393278,1257303,220473,220473,0,344160,0,0,0,0
271,000780,2017-12-18,0.017964071856287456,0.015968063872255467,0.1641152034704005,8095.0,93888.44806970989,932,9880210,19170546,524173,1188383,2904541,3883686,1513937,2199927,1611471,1829311,2180505,1922891,0,960471,487277,888120,658306,6297757
272,000782,2017-12-18,-0.02609727164887299,-0.02491103202846967,0.35227202970657473,9924.0,60252.854149181876,572,9546995,5919988,329352,753166,2912564,1791399,2586064,1564483,1862681,113850,212334,1039490,0,0,823000,0,821000,657600
273,000783,2017-12-18,-0.009546539379474916,-0.005966587112171906,0.1365613498562599,4160.0,47535.78373186821,3769,44426176,18822538,6801463,1305300,14416901,5513443,7138510,4545175,5255550,3142423,4066042,1556552,1628192,754200,840176,902720,4279342,1102725
274,000785,2017-12-18,-0.03448275862068961,-0.03352490421455934,0.2895022714231859,13169.0,86830.08866938623,1301,33184548,21386297,897459,905376,6342914,4496870,7362594,4874764,7207870,5019060,2139129,916341,1961948,710070,455100,455100,6817534,4008716
275,000786,2017-12-18,-0.0014423076923077982,0.009134615384615241,0.3195627901496866,48633.5,209786.09524274047,4242,216055198,224507453,914835,1432925,14174657,23754219,26426639,34117070,42805908,44259770,29146136,27427168,17433120,17749661,17720124,21138092,67433779,54628548
276,000788,2017-12-18,-0.012087912087912045,-0.014285714285714124,0.31037254999050423,9900.0,68936.31933183833,859,14664112,7490079,1203293,966600,4540175,2783427,2989271,1691186,1835281,1120015,824243,419251,0,0,456449,0,2815400,509600
277,000789,2017-12-18,-0.01051625239005749,-0.00956022944550683,0.16607927604801015,53976.0,256706.84171898154,3981,250120643,251803064,1423348,1319737,14994415,15675264,21427941,21093767,44038065,54113199,40187947,37787329,28464185,19901201,18448127,14889795,81136615,87022772
278,000790,2017-12-18,-0.02839506172839501,-0.02716049382716046,0.1989789657350251,11284.0,86635.44244418023,1659,35050830,21231102,1641965,1491390,7763861,6137807,7177219,4524465,8110361,1719180,3556435,2605597,319902,797000,0,0,6481087,3955663
279,000791,2017-12-18,0.024390243902439046,0.028241335044929317,0.14382883525715534,18446.0,139396.35534257823,2941,75666694,88363056,2190316,2604347,14271313,13799187,11745770,13033606,13227047,15884159,8606146,8975793,3918751,4814294,3122273,3520225,18585078,25731445
280,000792,2017-12-18,-0.02034664657121321,-0.012810851544837965,0.20816122325767766,39660.0,261729.52934094451,4069,268288708,220592700,1913403,1707759,19123598,16082614,26369264,22468450,37020113,35944106,27217054,28013225,19146042,21372073,22628121,14135804,114871113,80868669
281,000793,2017-12-18,0.009954751131221684,-0.013574660633484226,0.18096172507491892,22060.0,331216.3036488776,3735,187091523,115654284,4086857,1154643,24941149,10134784,24312263,11739667,25779584,14176746,16785458,11179935,7809781,5534117,6195343,2274179,77181088,59460213
282,000795,2017-12-18,-0.0050000000000000044,-0.0050000000000000044,0.15052755099922924,8985.0,52836.09682376566,1590,25165836,16700416,1549320,1596792,6733893,6117061,5046475,2469363,5739539,1741951,2346778,2276250,2568559,1975749,0,0,1181272,523250
283,000796,2017-12-18,-0.0022658610271902857,0.005287009063444037,0.36325072721115026,8021.0,48280.70446495,1329,13512731,15289937,1079897,1452089,4721917,5343000,1643850,3357262,1874847,1725939,1400817,1135860,1933007,965912,858396,807000,0,502875
284,000797,2017-12-18,0.010116731517509692,0.017120622568093546,0.22904154923841097,23179.5,168075.50822264323,3154,105179498,110948249,1144150,2950357,9316902,18566057,14022455,15840105,18168580,23838868,12988944,17745815,8976487,9291073,5368310,7692419,35193670,15023555
285,000798,2017-12-18,0.007092198581560183,0.007092198581560183,0.3285938601264673,7632.0,32985.39000305029,663,4325451,8770938,558215,624388,2057870,2858932,403190,1678249,1056010,3609369,250166,0,0,0,0,0,0,0
286,000799,2017-12-18,0.010701107011070077,0.008118081180811698,0.48018738395577243,27360.0,117800.95847169838,3185,94496943,109850001,1709196,2167104,15877829,16562031,16506543,18808857,22204770,21737698,11122774,10370346,8364759,8979102,4422480,8135329,14288592,23089534
287,000800,2017-12-18,-0.00478927203065127,-0.002873563218390718,0.2409873197075719,16624.0,98889.59286902999,1877,49528812,38381364,1578559,1198591,7889781,8437590,8923199,6912234,11424060,7792454,5798535,6916918,3386976,3047357,1676840,2187015,8850862,1889205
288,000801,2017-12-18,0.0049261083743843415,0.0049261083743843415,0.15740171040923673,15782.0,129990.35390252832,1498,31025956,40613265,1272428,1152600,7044606,5882494,6791412,7464730,4366736,8373583,3449406,1876714,3053811,3605761,429800,429800,4617757,11827583
289,000802,2017-12-18,-0.035158891142663906,-0.028397565922920864,0.2690466794755214,23032.0,154845.09715260344,3024,84637981,81552765,1688895,2197401,14118959,15456845,15984069,16228209,19775922,15740433,16557661,10500704,5294936,3249866,3675516,1799905,7542023,16379402
290,000803,2017-12-18,-0.03361344537815125,-0.025630252100840356,1.11373400558284,11810.0,49573.72861243341,456,8284379,4272390,524672,317671,2566854,1322347,2008254,1174154,1470890,784832,956539,0,317250,673386,439920,0,0,0
291,000807,2017-12-18,0.020689655172414056,0.01379310344827589,0.1267095466267211,50976.0,435136.0168529416,4725,448023278,406042039,1162761,1684526,22434213,17597737,29162097,25481735,48853433,41828483,36795345,35744056,22703257,22745594,31534122,21057311,255378050,239902597
292,000809,2017-12-18,0.0,-0.002617801047120394,0.18513044349124874,10395.0,44110.999286733284,425,6708904,4523736,427850,270214,2564862,1517681,973090,1075364,2030526,1328901,0,0,712576,331576,0,0,0,0
293,000810,2017-12-18,-0.007299270072992803,-0.0048661800486619056,0.25580766303635416,4944.0,20271.587843124584,1032,7969053,5185383,1251701,1204458,4067185,2410900,1527968,1039617,1122199,530408,0,0,0,0,0,0,0,0
294,000811,2017-12-18,-0.013647642679900818,-0.008684863523573227,0.2868331243493171,9600.0,78853.21696127742,789,15275600,9175764,698776,764021,2833854,3347172,2270149,1920741,2261209,1769139,1410865,516824,1899669,0,0,0,3901078,857867
295,000813,2017-12-18,-0.012114537444933848,-0.014317180616740144,0.2236563384832269,13230.0,103833.7853473137,1651,43970126,30806863,1684185,1311178,7338233,6427919,7992662,6051555,7157477,4590071,4690175,3507495,4913219,1674993,3592500,3176216,6601675,4067436
296,000815,2017-12-18,0.04353233830845782,0.03233830845771157,0.49595798332670504,8210.0,59704.36662756595,1051,9756004,16435686,852415,1271006,3253099,3934335,2288807,4352836,2212362,2694520,500121,462677,649200,1952593,0,447719,0,1320000
297,000816,2017-12-18,-0.014619883040935644,-0.00877192982456132,0.07641581067773498,6780.0,62302.707154542244,2011,32547717,18668027,2455643,1151350,7609725,6184132,5652762,3556884,6812781,2653631,4022853,2827686,2619516,1323304,872278,0,2502159,971040
298,000818,2017-12-18,-0.004122011541632387,-0.008244023083264773,0.28998183205036837,19392.0,123334.9332917428,1751,62906481,35886686,1172917,1136483,9923190,8747779,9370249,5541136,10459813,4416332,5699273,2831513,6980868,1344207,8558021,5107550,10742150,6761686
299,000819,2017-12-18,0.038552321007080836,0.02124311565696302,0.39228189873171865,12680.0,46562.073339333045,1050,12497256,15647108,810484,866477,4921617,3700234,3231685,3553324,2552033,3654312,666976,2573877,314461,685403,0,0,0,613481
300,000821,2017-12-18,-0.006201550387596955,-0.0046511627906976605,0.38681709326320923,10264.0,50668.83458547516,1112,15545811,12573182,1375205,828316,5082033,3613721,2252910,2457453,3179044,2258620,2736750,2318962,327675,1096110,0,0,592194,0
301,000822,2017-12-18,0.013559322033898313,0.005649717514124353,0.14802504678833553,18543.0,89739.24951733976,3582,102608000,89637963,2266045,3513635,13147147,13921281,15936927,15283085,39599898,26573018,14494366,14130877,3691714,6103779,4825972,2670764,8645931,7441524
302,000823,2017-12-18,-0.012675116744496284,-0.006004002668445585,0.3028853561879783,31605.0,197259.727059201,2455,102980633,103062591,1361470,1384045,9947082,10436172,18575080,13473477,21686144,21660888,9012989,12361608,4754400,9170470,6302777,9565329,31340691,25010602
303,000825,2017-12-18,0.010266940451745254,-0.002053388090349051,0.08204587072375263,7290.0,121721.74460263706,3541,48749375,70133504,2189424,3914157,9004532,13960689,12669609,10648220,8666670,11276816,3535034,8746861,1719340,4973479,1803552,2173260,9161214,14440022
304,000826,2017-12-18,-0.013642960812772276,-0.008417997097242558,0.8034409547935824,17265.0,114856.60508272314,1838,56653716,34294380,988173,1525815,11197386,8119348,8896374,6557568,8279649,6764545,3918376,2492827,5907601,2455628,2756043,1432433,14710114,4946216
305,000828,2017-12-18,-0.015748031496062964,-0.011373578302712128,0.3734800808482504,9088.0,47147.72362827667,936,12766370,7229575,1315725,399850,5093709,2190252,2181480,964504,2899202,1297391,532638,855938,743616,721896,0,0,0,799744
306,000829,2017-12-18,-0.024242424242424288,-0.019191919191919093,0.2225375735781921,8811.0,50509.26886340722,1982,28403729,17781064,2078986,4184319,7079272,5698455,5358890,2848525,5797289,2253781,2777431,1266465,2290911,689501,1860550,840018,1160400,0
307,000830,2017-12-18,-0.0754364089775561,-0.04301745635910226,0.23086325993715026,97472.0,376019.25488689716,4836,532718600,529277444,1428822,1001220,16582899,13481313,34079115,23999632,62514220,65266922,53010016,57488075,40107082,47452981,42704236,37473413,282292210,283113888
308,000831,2017-12-18,0.004344048653345034,0.0,0.26269744553295515,17220.0,72409.87923814046,1920,39889366,41172387,1348639,1353212,9710645,8640986,7702402,8039101,9598776,9000472,5947398,6526002,2052996,2783985,871782,2101921,2656728,2726708
309,000835,2017-12-18,-0.01754385964912286,-0.009356725146198785,0.23935008122529067,11043.5,147684.67696438765,1276,19092697,17270271,1613324,730860,8085932,4324329,1571338,2799551,2571352,1466796,1140826,415248,1396279,718679,0,0,2713646,6814808
310,000836,2017-12-18,-0.015945330296127436,-0.009111617312072884,0.11854027848093568,6976.0,67838.5087838004,1373,25403401,12942945,1209372,977602,5641485,4360042,3333882,3125784,7283277,1880038,1963749,871779,0,0,3123811,0,2847825,1727700
311,000837,2017-12-18,-0.006420545746388395,-0.0032102728731943087,0.1716926723707572,9435.0,61523.10515018282,1317,20215094,15095464,1261363,1458745,5390798,5118320,3229863,3293113,2810981,2693221,3189694,869522,993615,1662543,831254,0,2507526,0
312,000838,2017-12-18,-0.010016694490818101,-0.005008347245409106,0.15082050512364317,7194.0,53312.65982064248,1578,21676367,14528876,1535593,1599419,6608892,5907214,4106472,2640588,3201260,3105987,1063042,482636,1081834,384514,3334118,408518,745156,0
313,000839,2017-12-18,-0.021040974529346612,-0.015503875968992165,0.13584540868034337,42018.0,295908.37395505083,4425,315209166,233758176,2335045,2451533,21123186,19458351,26969939,23296372,45871787,37142814,41041698,25571676,29339669,17191466,26755103,18687719,121772739,89958245
314,000848,2017-12-18,0.007769145394006749,0.009988901220865598,0.18918337617774802,3644.0,36282.441275502475,2269,14411985,22833309,1135052,2821246,5386961,7900550,3155258,5829394,3047090,3727955,867242,426814,0,716830,820382,404060,0,1006460
315,000850,2017-12-18,0.0,0.0,0.27866935463270026,11450.0,26806.14630992148,268,3542892,2694687,307533,215379,1738142,1130723,1364107,954197,133110,394388,0,0,0,0,0,0,0,0
316,000851,2017-12-18,-0.008800880088008833,-0.007700770077007757,0.31538535507344556,9971.5,68651.80555537941,830,15458439,10849735,1058363,766994,5079037,2054910,2926124,2281965,2252262,1710467,1491820,717773,313130,1038730,896257,2278896,1441446,0
317,000852,2017-12-18,-0.019886363636363757,-0.017045454545454475,0.22291169658873683,14700.0,68108.18142289203,2245,53181254,28720980,1929753,1555703,13519404,8674195,12280142,6428105,11387461,4455281,4456678,3711121,3359482,974623,980024,859584,5268310,2062368
318,000856,2017-12-18,-0.01807802093244526,-0.010941960038059029,0.3090776048620411,64588.0,426090.5247442288,4634,395683580,404425365,1044361,1212234,18599348,20231091,25875909,29858694,50827721,52678752,46430072,43601014,32495054,29665099,29665992,28410420,190745123,198768061
319,000858,2017-12-18,0.027733333333333388,0.018266666666666653,1.045750705570728,396760.0,2737620.680908728,5145,2731843076,2322543639,152723,214101,5256812,5302881,16157673,14215056,57013670,53164279,70484542,52649055,67636050,65078791,77936627,70982223,2437204979,2060937253
320,000859,2017-12-18,-0.009280742459396807,-0.006960556844547439,0.18889848875323073,12840.0,42796.399157913176,520,6706947,7620360,445324,340843,2406683,3026917,1399215,2359221,963226,1351395,1492499,541984,0,0,0,0,0,0
321,000860,2017-12-18,-0.0037735849056603765,0.0016172506738543202,0.5114058321506999,12964.0,87665.95568024219,1316,27928182,17393662,1353251,1187379,2872648,4797793,14012211,2066686,2945878,2702022,1880939,1741475,994296,1473336,910479,496079,2958480,2928892
322,000861,2017-12-18,-0.009554140127388644,-0.01273885350318471,0.10870214766848631,4043.0,55400.418098568356,835,8969397,6121492,614509,947762,2669575,2139699,1083040,1183312,1305383,1850719,1047260,0,1067519,0,0,0,1182111,0
323,000862,2017-12-18,-0.01183431952662728,-0.013806706114398493,0.17490554626248614,5070.0,54814.51705756488,840,9172983,9759017,855380,655936,2309632,2334394,2444841,2104312,2053083,1399648,475632,1304968,0,0,426087,1351431,608328,608328
324,000863,2017-12-18,-0.019891500904159143,-0.007233273056057921,0.20791097071936135,4392.0,26548.830855077806,707,5684967,4061884,451006,882961,2025811,1569053,1306125,1173797,1670281,436073,231744,0,0,0,0,0,0,0
325,000868,2017-12-18,0.009320905459387463,0.009320905459387463,0.11710943330421042,24192.0,138735.91379045136,4122,151069437,108328855,3056125,2529945,20844500,18909499,23126795,21849901,30112997,24127226,15746562,13621717,17643233,8000340,10869499,7080076,29669726,12210151
326,000869,2017-12-18,0.001657916551533578,-0.000828958275766789,0.9390884246445157,18200.0,84800.36722025614,1485,35199215,36560694,993501,930050,6530012,8056256,6966722,5735556,8847696,8891075,2521312,1225660,4946958,5079832,2572154,4044828,1820860,2597437
327,000875,2017-12-18,0.004975124378109541,0.0024875621890549926,0.12091130625407198,6503.5,53897.06697231535,1106,12603710,14118484,875692,1326216,3531799,4797028,1244925,2043666,2066302,2506475,2650879,2097095,974563,1348004,0,0,1259550,0
328,000876,2017-12-18,-0.0026631158455392434,-0.0013315579227696217,0.15136764404338274,7560.0,76118.89958607669,2464,42273799,28641076,2172059,2228893,7974310,10746695,7521730,6026414,8260198,4174901,2878653,2163407,2183969,1831037,2774597,926816,8508283,542913
329,000877,2017-12-18,-0.03301886792452824,-0.028301886792452713,0.16976783165650222,28756.0,169609.6563198228,3903,180578214,139210523,1989773,2083059,18172369,18771843,19573514,19797229,33799520,26733797,26647997,18376122,19170215,10888642,8174552,9955432,53050274,32604399
330,000878,2017-12-18,0.0031104199066873672,-0.0015552099533436836,0.24874550239777263,25520.0,178449.42089563783,2674,97017399,90440299,1547794,1394477,13901244,13259338,15286538,13114054,18046690,16948959,11182204,9439445,6856644,5279760,7065970,3603253,23130315,27401013
331,000880,2017-12-18,-0.008733624454148492,-0.008733624454148492,0.4535695959390001,9170.0,34651.29612348034,407,5217437,3769773,243049,547074,2105266,1413360,1209319,559651,1659803,1008910,0,240778,0,0,0,0,0,0
332,000881,2017-12-18,-0.02180936995153482,-0.008077544426494443,0.3459872522376186,6170.0,58503.11849094575,1280,17261503,9939838,1716455,1042722,5256214,3286538,2941300,1974191,3369916,2286004,1288684,948016,718273,0,402367,402367,1568294,0
333,000882,2017-12-18,0.025889967637540368,0.022580645161290214,0.006362653195755705,9300.0,81554.01935043829,1314,27149554,15371230,1366440,1127119,5647019,4595767,4342158,3247208,3038612,2255888,3035842,1463805,1974991,0,2124491,856521,5620001,1824922
334,000883,2017-12-18,0.0021739130434783593,0.0,0.11253465179866849,5060.0,28897.21058798886,1673,11979213,8373168,3059855,846095,2749438,4642850,2103567,784902,2508358,1162569,500939,936752,644000,0,413056,0,0,0
335,000885,2017-12-18,0.004975124378109541,0.006840796019900619,0.30295594579509927,16350.0,69886.94390699312,2819,58983426,49051606,2083630,2740878,14087003,14768944,14318370,12533315,12681608,10168104,3782293,2576566,4213069,933357,494270,923071,7323183,4407371
336,000886,2017-12-18,0.004166666666666652,0.005555555555555536,0.19679594291329416,14260.0,131868.25132928233,1339,45386852,29373153,1616871,857451,6826779,3560497,5711874,5626534,6037238,4803979,4953127,3679558,5900392,5584008,2788672,1432312,11551899,3828814
337,000887,2017-12-18,-0.011709601873536313,-0.01112412177985933,0.45033742017796,15390.0,324547.64798538253,1439,51542903,36723613,749297,1529348,4944611,6911036,4810404,4080040,10393216,4925351,2788476,1769981,2778805,3491342,2349364,3238809,22728730,10777706
338,000888,2017-12-18,-0.020388349514563142,-0.019417475728155442,0.25535678693387864,7091.0,87736.0668006376,1628,33138284,17966743,1678240,1238668,5253257,4286037,7341638,2364318,2819532,2082846,4324046,2730018,1296623,309880,1766191,1766191,8658757,3188785
339,000889,2017-12-18,-0.01716738197424894,-0.024320457796852657,0.45809506275046474,9681.0,125713.52511476378,931,22958104,13604786,967473,744575,4183164,3111331,2691973,1512202,2717919,2078055,2101869,739899,1005196,0,2485497,410157,6805013,5008567
340,000890,2017-12-18,-0.012012012012012074,-0.007507507507507505,0.3089035671120105,7304.0,28635.64782779793,464,4718078,3355054,446203,564844,2040464,1844759,1063690,677583,899853,0,267868,267868,0,0,0,0,0,0
341,000892,2017-12-18,0.0533159947984394,0.050715214564369226,0.16667330996018054,14725.0,64520.04567113234,2131,35461218,37714295,1944574,1742242,10803021,9537816,8122785,9266737,7833915,10097773,1900801,3296047,963178,1337270,878574,1314480,3014370,1121930
342,000895,2017-12-18,-0.0022813688212928174,-0.005703422053232043,0.4321955339665932,18364.5,171469.82569743562,3706,120238475,100617038,2297636,3217055,20242491,15355096,16634875,13090083,20462580,11742111,12713255,9721746,5658091,5222263,5690047,3529713,36539500,38738971
343,000897,2017-12-18,-0.002849002849002802,0.0,0.11850179008982202,5967.0,87284.71361886807,878,10988059,6425504,914402,785396,3412941,2780963,1464924,955046,1401376,715923,0,219648,0,0,424900,424900,3369516,543628
344,000898,2017-12-18,0.009538950715421324,-0.0031796502384738856,0.11601342991027253,13167.0,109281.6308554298,2946,75840800,75095948,2054291,2032708,9306890,10743451,12965950,13712233,21772672,14607804,7974704,9975611,8372127,6584590,4397890,3041062,8996276,14398489
345,000899,2017-12-18,-0.0034071550255537764,-0.006814310051107331,0.1546167229712566,1752.0,16409.581783484373,1442,5268404,2157714,2185989,289595,1272169,924249,902473,436201,582994,507669,0,0,324779,0,0,0,0,0
346,000901,2017-12-18,-0.012360446570972794,-0.02432216905901119,0.4935196041780052,26966.5,115684.63361065324,2584,85265205,59762226,1428460,1489378,12701333,15098951,18314384,13516642,17144673,13824206,7872714,8176137,7267993,2470193,3920536,2378381,16615112,2808338
347,000902,2017-12-18,-0.018701870187018743,-0.012101210121012063,0.23961688130659484,7676.0,40760.96230318438,1440,17371333,8059650,1287583,1075178,10184095,2881756,2088552,1578802,1557551,1854106,201152,669808,0,0,0,0,2052400,0
348,000903,2017-12-18,-0.02127659574468077,-0.013297872340425454,0.0724389717083681,12177.0,168147.67281903187,2709,79990741,48142993,2268367,2327283,12360072,11936500,11132192,9853053,8205556,8927689,5954763,4626346,7691758,1479092,2730893,1408132,29647140,7584898
349,000905,2017-12-18,-0.006255585344057235,-0.007149240393208189,0.3416661847832187,11140.0,41823.052548084765,1072,16788173,9291767,850068,1026331,5324094,4117332,3720506,2239954,4297044,1671770,682600,236380,959472,0,453990,0,500399,0
350,000906,2017-12-18,-0.006605019815059565,-0.005284015852047519,0.30480527391626305,11340.0,36477.7209537015,616,9896617,5037311,616418,510024,3035850,2649089,3116044,1200390,1821881,462918,666092,214890,640332,0,0,0,0,0
351,000908,2017-12-18,0.006568144499178974,0.0049261083743843415,0.25857982302038807,5526.0,47692.47241703583,554,5902069,4383310,539299,496425,1966262,1551996,859814,699041,1131698,308268,424196,503480,0,0,980800,824100,0,0
352,000909,2017-12-18,-0.0026978417266186883,-0.0017985611510791255,0.48449762397301954,10062.0,27854.65559027505,526,6019219,3447668,418224,487392,2357189,1968123,1622113,607166,922393,384987,699300,0,0,0,0,0,0,0
353,000910,2017-12-18,0.0343903528360876,0.01831174631531929,0.4327146304862428,13485.0,116469.92842736798,2680,42220678,58636039,1040445,3280776,10532225,15608389,6550617,5854245,7008056,8500398,3221273,3853483,3368608,3181911,3173311,4899341,7326143,13457496
354,000911,2017-12-18,0.03003003003003002,0.040040040040040026,0.16133482862107704,23100.0,232087.18667845323,3845,124875475,173839306,2822331,2343273,14660197,17224423,15899198,20131563,23787039,28744979,17148775,26510468,11508536,18164854,12470337,10533154,26579062,50186592
355,000912,2017-12-18,0.0,0.0,0.48067733857624406,2590.0,84033.16886699601,236,0,4277940,0,532060,0,562400,0,513560,0,893920,0,0,0,0,0,0,0,1776000
356,000913,2017-12-18,0.014285714285714235,0.02364532019704435,0.455859839855416,19044.0,123263.50573284802,1985,39194033,51989827,1092546,1415424,9504904,10970017,6514084,9664442,8180207,12444210,4662811,6702687,2006612,302526,2609240,2366240,4623629,8124281
357,000915,2017-12-18,-0.010056989607777345,-0.01810258129399933,0.6294522098994303,14690.0,87534.94973577239,2248,48701546,32441858,1260970,1270721,16731673,8013050,5671089,6089457,8913109,5768578,3516412,4064851,1386800,1059870,439500,0,10781993,6175331
358,000917,2017-12-18,0.008988764044943753,0.004474272930648837,0.006777895253316,11726.0,110248.90486070172,1023,24856536,18651427,1124949,1161500,4353253,4229268,4078546,2999224,4259593,4097428,2203756,927522,2765550,1096402,1793617,814878,4277272,3325205
359,000918,2017-12-18,0.007153075822603716,0.0028612303290413976,0.1847958820823,13319.0,63042.02207770837,1431,30660140,18882122,1557104,1209362,7183670,4827135,6068896,3564256,6724950,3465732,4906462,2511346,1434935,2329902,2242776,433042,541347,541347
360,000919,2017-12-18,0.0033936651583710287,0.002262443438914019,0.3551071721517077,10680.0,62419.165004372124,619,9874993,7259748,609688,538343,2911230,3083848,2124344,1819946,1669963,1086456,299930,731155,0,0,0,0,2259838,0
361,000920,2017-12-18,-0.00990099009900991,-0.006930693069306937,0.40701954828269465,10080.0,60643.291139451656,615,11389297,5262239,514118,333600,3763491,2014180,1821563,842801,1970720,893669,1336910,527321,314685,0,904964,0,762846,650668
362,000921,2017-12-18,0.016499282639885315,0.015781922525107683,0.2504170926554578,20034.0,125924.32198945576,3101,72491709,95321988,1603658,2832556,14079724,18046363,12906795,13014718,14057496,21913441,8100273,10443170,4069487,5436530,2743984,6340336,14930292,17294874
363,000922,2017-12-18,0.024009603841536498,0.024009603841536498,0.23006847336605374,13584.0,52514.977162294796,1311,18121941,23932596,1273194,1062215,5901393,6273726,5351975,5459102,3346711,5519652,1229416,3217274,1019252,1322352,0,461820,0,616455
364,000923,2017-12-18,-0.008403361344537785,-0.0025210084033614466,0.46702011978060537,23520.0,112543.12105196751,2599,76749484,59853425,1857980,1840784,15123671,12070537,14938896,9904767,19017280,13038089,10050371,5823495,2354604,4138668,2203237,970224,11203445,12066861
365,000925,2017-12-18,0.015239477503628418,0.014513788098693858,0.4807552781418241,8316.0,44550.66465106439,821,5639389,8283951,648680,1379075,2139445,3472150,1143564,1113358,621836,728746,0,559200,0,301000,0,0,1085864,730422
366,000926,2017-12-18,0.0008278145695364003,-0.0033112582781458233,0.24503487171269628,6030.0,68667.2897577024,2434,39904391,20898790,7609105,2181069,3787867,2566866,4933304,2531894,5559889,4705048,5457473,2986649,5865771,1722919,832464,1808376,5858518,2395969
367,000927,2017-12-18,-0.004376367614879806,-0.010940919037199293,0.09875090769865756,11500.0,113501.72222032872,2149,39886673,44138911,1805907,1826347,9557525,9175342,7252785,8019004,6510800,8015827,4386869,3968524,1350306,1708666,1726184,1311545,7296297,10113656
368,000928,2017-12-18,-0.009787928221859588,-0.009787928221859588,0.1932521577423193,6110.0,62753.51796850042,1006,19406466,8825007,1254114,580753,3866714,2485212,3337702,2796249,3043291,1808645,2700916,813811,1595678,340337,1720051,0,1888000,0
369,000929,2017-12-18,-0.0017211703958691649,-0.0017211703958691649,0.5261738536140198,3498.0,19142.356626178043,487,2168416,2462851,423833,708481,1137535,953287,336598,228675,270450,572408,0,0,0,0,0,0,0,0
370,000931,2017-12-18,-0.013100436681222738,-0.01455604075691419,0.22883052357600447,8184.0,58485.128296090086,901,12282930,8273316,898252,987673,3608788,2740679,1879619,1450089,2216207,1820077,1010530,0,1394736,0,420728,420728,854070,854070
371,000932,2017-12-18,-0.002424242424242329,-0.002424242424242329,0.1426390302289449,32840.0,172189.12647816216,3351,153794677,125513200,2378507,1994267,16294380,13406345,23566641,18222786,31492201,21689708,22259196,17266863,10158811,12409554,10205722,5114610,37439219,35409067
372,000933,2017-12-18,0.02758620689655178,0.009195402298850519,0.1322559271537752,39468.0,347819.69062639674,4335,284531154,264224152,4998134,1513806,19241801,14619383,25692251,23420680,42850094,33308697,32532971,26760967,25215363,27879163,26001160,16829119,107999380,119892337
373,000936,2017-12-18,-0.036437246963562764,-0.02429149797570851,0.14843326725642664,18876.0,104830.90625181363,2496,71690865,57309013,1562121,1884970,13063091,10226743,14343417,10146858,13861087,10071089,7844938,8354770,9988437,5546030,1715886,2649386,9311888,8429167
374,000937,2017-12-18,0.03356890459363959,0.019434628975264934,0.10379277026476916,10792.0,132629.66314402138,2981,67368399,80640416,4310810,1699443,9819488,10376630,10106435,9531224,9732107,14400665,8282519,10597817,3219007,4927516,4066820,3104664,17831213,26002457
375,000938,2017-12-18,-0.03575199879318158,-0.03650626037109683,1.0779023263248861,58752.0,236965.03739761922,3784,287058988,202912768,1196285,1754694,14088947,14151634,26202195,23788185,45148510,40014864,35190579,24580686,30287273,20238908,22494485,15525268,112450714,62858529
376,000948,2017-12-18,-0.006673021925643452,-0.007626310772164024,0.42740911206691035,7273.0,37916.53363674988,602,6167748,5708745,350206,651363,2007146,1555892,1221623,1641140,1673413,1860350,290160,0,625200,0,0,0,0,0
377,000949,2017-12-18,0.011494252873563315,0.0045977011494253706,0.12546778837912198,5681.0,57464.58174227896,1203,15535911,11315485,1528391,908239,4365125,3330375,3166031,1550003,2207486,2041672,2033134,1069370,639162,639162,0,1776664,1596582,0
378,000951,2017-12-18,0.007087628865979356,0.009020618556700999,0.33713717242853514,15600.0,48498.04758179449,2120,36110794,21041023,2483876,1264802,17406353,7339172,5111725,4312692,4197640,4525806,2539854,1223151,1296320,1081534,1827026,1293866,1248000,0
379,000952,2017-12-18,-0.00142348754448407,0.004270462633451766,0.40250227364228397,19915.0,76376.33198985412,1218,28402248,17730098,795777,810868,10622355,4969309,5550209,3740171,2932023,3395188,2067238,2185235,705243,0,0,0,5729403,2629327
380,000953,2017-12-18,-0.00872817955112215,-0.01122194513715713,0.17363789116608155,11820.0,63793.646585332324,2139,37518030,28161267,2099442,1946409,9938240,9293959,7531335,7068700,8452416,4648976,3604513,1322838,1284584,737785,1464500,0,3143000,3142600
381,000955,2017-12-18,-0.0028985507246377384,-0.01594202898550734,0.23509442977429656,10342.5,96756.39849083818,862,17974261,14648652,834837,775270,3195066,4136685,1636184,1617499,3180096,2285620,1662480,234918,2617750,2108275,1770773,413310,3077075,3077075
382,000957,2017-12-18,-0.027124773960217063,-0.016274864376130127,0.2743167728954117,12122.0,71974.38247648449,1626,32816603,22002227,1178398,1518862,8888394,7069306,5768956,3640833,6122634,3790265,2212339,2901711,3429242,2009944,1310882,430882,3905758,640424
383,000958,2017-12-18,0.003809523809523707,0.0,0.12732100362921495,11593.0,85207.60425771149,1702,33172653,28194138,1206444,1526062,8008690,6924638,5329769,5408366,7709704,5330583,4279723,1816044,749931,1380223,904508,1722964,4983884,4085258
384,000959,2017-12-18,0.013582342954159499,0.011884550084889645,0.11450145544623404,6523.0,51129.72933358339,2659,23152683,29120087,3995669,2042801,7897528,7517254,3229855,7799528,3178390,3938657,2888019,1681369,933061,2937965,0,980352,1030161,2222161
385,000960,2017-12-18,0.014729950900163713,0.0073649754500817455,0.24946957058788866,11034.0,86709.37945110747,2400,42970632,46207872,2805632,1257982,10814078,8410332,6959456,7356771,10951606,10520578,3364115,5086292,2689836,3047165,2210966,2183376,3174943,8345376
386,000961,2017-12-18,0.0,0.0,0.18280876854115405,7194.0,377103.4507092239,1070,64806941,39085591,809037,945433,3859580,2537416,3555944,1899570,5054637,2583774,3263981,1062308,368349,1369322,3724293,855014,44171120,27832754
387,000962,2017-12-18,0.020359281437125842,0.008383233532934131,0.2689998777189511,8410.0,26054.959539056304,963,8091600,8979440,1226446,1163402,3842502,4433863,1579618,1944971,1016838,1437204,426196,0,0,0,0,0,0,0
388,000963,2017-12-18,-0.01908475271906418,-0.021136876667350535,0.786919890153181,47660.0,216866.58013377403,3841,234008895,147119052,2631745,1871918,20586276,11848629,40433139,21343225,43429887,27390172,24486544,14782240,11578975,15108464,11132946,15316423,79729383,39457981
389,000965,2017-12-18,0.003502626970227851,0.0,0.18493607395811842,11460.0,46636.95597337082,953,14444260,11838483,966833,715399,5010914,3766683,2855157,2352342,3105639,3518423,1341623,1098392,745714,387244,418380,0,0,0
390,000966,2017-12-18,0.0,0.0,0.15287897831597413,3990.0,45375.272720246634,674,5864758,6383720,544977,785051,1820334,1819605,585373,1376973,1262120,1854325,223278,0,1428676,0,0,0,0,547766
391,000967,2017-12-18,0.02422907488986792,0.013215859030836885,0.28080132223527793,13605.0,46290.89880280315,1045,8925867,19583744,1103487,1047253,3947648,6677948,1997362,4248636,583315,3917742,1294055,1409690,0,1370086,0,912389,0,0
392,000968,2017-12-18,-0.021109770808202533,-0.030759951749095182,0.33088863132726903,21125.0,95759.44387592675,2517,85820659,44145908,1853101,1776166,15211053,8670912,17715145,8484123,27393411,9852207,3021621,1686491,7255461,4909118,2353489,3143756,11017378,5623135
393,000969,2017-12-18,-0.023622047244094557,-0.009842519685039353,0.2196131825097085,16136.0,101773.57600681506,2142,58090976,48093091,1448840,1473675,9483051,8891642,10727617,7576387,11824822,11042811,5934556,4435120,2795217,4977193,2845342,2124848,13031531,7571415
394,000970,2017-12-18,0.01245421245421241,0.00219780219780219,0.2554265766252561,20625.0,116951.10689060873,2857,79100333,91817211,1675637,2166366,13365719,12515237,14208448,11512229,17134190,22746707,10106354,12876614,8262449,6728524,5648488,3571749,8699048,19699785
395,000972,2017-12-18,0.011682242990654235,0.007009345794392274,0.15942831138193037,8640.0,61243.857389149925,721,10185445,11514217,583876,629459,2943817,2606583,2598868,1504402,2313447,2390212,467720,1325299,0,1313700,1277717,1744562,0,0
396,000973,2017-12-18,-0.011128775834658211,-0.0015898251192368873,0.1761039789812166,11932.0,59073.249902463634,1276,21714376,15537202,1286939,987783,6325127,4993695,6243891,2892847,2921885,2097875,1195516,1234574,1743084,671184,851422,407324,1146512,2251920
397,000975,2017-12-18,-0.0073800738007381295,0.0,0.28402725081431895,16314.0,221842.82684417965,2280,96989121,77230626,2478271,1203893,11806516,7942956,10070031,6844849,13531109,9092316,12476747,5138077,7683022,7273234,4574142,494769,34369283,39240532
398,000976,2017-12-18,-0.0011560693641617936,-0.005780346820809301,0.27766358153834403,13020.0,56040.69839090465,970,13362512,13987375,703826,1029199,3170248,5959842,2369186,3260127,2947819,2735523,1523661,250260,1037348,0,858000,0,752424,752424
399,000977,2017-12-18,-0.041940373926225294,-0.03486609398686191,0.29938116168362844,58920.0,322147.5977376664,4374,354843201,309957280,1709276,2094713,16656600,18896769,27400466,26064530,50694130,43720170,49418032,39523372,27679129,25444799,31988753,28164108,149296815,126048819
400,000978,2017-12-18,0.0,-0.0024420024420024333,0.295019728851371,5768.0,31974.502603130393,770,7126932,4940045,941171,763944,2753361,1672286,1630811,1756261,769691,747554,211900,0,0,0,819998,0,0,0
401,000980,2017-12-18,-0.015912897822445538,-0.014237855946398703,0.2250343109102907,19008.0,105410.3324167837,2817,70343693,65601507,1986556,2396666,12571479,15015565,12675259,13303368,17105465,13350673,6276240,7568061,4891792,5112698,2190773,1743566,12646129,7110910
402,000981,2017-12-18,-0.004489337822671247,-0.010101010101010055,0.36721812272798293,7088.0,79545.49528522695,588,14703607,6419297,284821,830354,1211737,1968394,1970479,1100446,3764176,1809490,3885830,201122,611728,0,0,0,2974836,509491
403,000982,2017-12-18,0.025210084033613578,0.01400560224089653,0.08676749048887925,10164.0,85822.76061507255,1699,36529150,27812240,1364555,1029045,7417705,6371746,5320994,3600193,7601646,6300207,4089398,1844693,2352474,3145952,4066977,1722325,4315401,3798079
