,code,date,pchange_whole,pchange,change_std,amount_median,amount_std,length,sumsell,sumbuy,sell_vol_0,buy_vol_0,sell_vol_1,buy_vol_1,sell_vol_2,buy_vol_2,sell_vol_3,buy_vol_3,sell_vol_4,buy_vol_4,sell_vol_5,buy_vol_5,sell_vol_6,buy_vol_6,sell_vol_7,buy_vol_7
0,000001,2017-10-11,0.00435540069686402,0.00435540069686402,0.20542652016960566,43662.0,674467.3506851147,3126,272442683,340634129,739095,2209933,10811779,16868312,16100614,21872819,26249335,27865637,19160873,21775833,13604039,14514980,7878728,9875131,177898220,225651484
1,000002,2017-10-11,0.006744098913450625,0.00112401648557503,0.46359607280719406,82522.0,615761.1074099559,3316,438155386,440280640,441142,925927,9694112,14373144,16767434,22618495,34789784,40736679,25336151,35316168,28213195,24671452,23588601,24759940,299324967,276878835
2,000004,2017-10-11,-0.00393700787401563,-0.010629921259842523,0.8210323087230379,15252.0,140426.87604773667,957,19163707,14659133,721910,671064,5497956,4486944,4440336,3383694,2178956,2262619,1390650,1034392,713861,312420,909851,0,3310187,2508000
3,000005,2017-10-11,0.009784735812133016,-0.001956947162426781,0.16660821955383728,10160.0,58459.042140134894,941,15459713,10633315,839201,876805,4205990,3490906,2774365,2428796,2369261,2033421,2424629,489149,692926,740595,853593,0,1299748,573643
4,000008,2017-10-11,-0.015233949945592906,-0.015233949945592906,0.2627633851257698,9977.0,183825.1927570397,1224,41540302,15657301,2020415,865264,5624157,3355159,3451593,3446325,4310680,1541054,3515225,1419985,2740458,1051740,5400808,1822324,14476966,2155450
5,000009,2017-10-11,-0.02285092491838947,-0.017410228509249226,0.17632139952198125,24354.0,313228.60132084345,2720,166660798,105245743,2334695,1685227,10582072,11800517,14560579,13786389,20339614,16396068,12815018,10513326,12485738,8636032,11317569,5434749,82225513,36993435
6,000010,2017-10-11,0.005484460694698434,0.00365630712979903,0.1428737953139708,14728.5,81779.94301679145,1468,29521518,30807113,1250339,977564,7012370,5651810,5375279,5411034,7171588,7204504,3271996,3234408,1414956,1371049,1762182,2225984,2262808,4730760
7,000011,2017-10-11,0.015593561368209441,0.014587525150905556,0.4337309576532532,35838.0,131355.01406129502,2101,78125018,85835740,1102722,1384240,9804184,9741601,16313711,11817081,17026375,18775397,9533808,16784651,6603799,9558731,3241761,5641945,14498658,12132094
8,000012,2017-10-11,0.0059031877213693296,0.0047225501770955525,0.23155446363617818,16980.0,122804.14908075985,1338,33912570,37305032,988926,1357069,7579735,6443061,5218048,5447034,4667382,3848058,5056158,5115770,5982389,2707569,1704316,2757158,2715616,9629313
9,000014,2017-10-11,0.005941770647653,0.005941770647653,0.7780604312362738,16860.0,81040.12249826985,467,7100959,12228275,315484,383605,1485596,2535551,1986651,3055850,2336130,2373345,219180,973061,0,372827,0,441994,757918,2092042
10,000016,2017-10-11,-0.015254237288135686,-0.006779661016949157,0.19235192721388503,5880.0,66464.43399451631,941,17190476,10073468,448505,813444,4042803,2428985,3470799,2295074,4047791,1166510,2001610,2363700,319872,1005755,0,0,2859096,0
11,000017,2017-10-11,-0.0037453183520598232,0.0012484394506866447,0.34705716900432343,11985.0,41718.52912524285,532,6371327,7348366,633973,489188,2277137,3050072,1171367,743906,2028231,1361297,260619,1363388,0,340515,0,0,0,0
12,000018,2017-10-11,-0.013681592039800905,-0.011194029850746134,0.22039070393028162,15143.0,90374.24128738856,1331,32557934,22772674,1245573,1048536,6611219,6954911,4552229,4220633,5246151,4216882,3808627,4420161,2452857,0,2163974,810527,6477304,1101024
13,000020,2017-10-11,0.0015592515592515177,-0.0005197505197503949,0.7889409781817535,11505.0,56459.492220911845,594,6631330,9758822,455618,924581,1654695,3271893,1787330,2811066,1606120,1493380,260074,0,0,335825,867493,0,0,922077
14,000021,2017-10-11,-0.022727272727272596,-0.017561983471074405,0.2140446312409214,13328.0,143072.8857517886,2047,48221999,39214300,1516874,2617952,9564953,8660480,8287241,6504944,8668594,6220352,4454625,2463826,4585497,1936884,2757917,1381996,8386298,9427866
15,000022,2017-10-11,0.030852294639413858,0.03200925568839197,0.7693840322488814,38820.0,194695.35189438934,1136,45319793,63403840,381959,522133,5377344,6318332,6051165,6180585,9295560,10138541,6935327,7911007,2718321,6389901,1847494,3671695,12712623,22271646
16,000023,2017-10-11,0.001216051884880276,-0.0008107012565871097,1.129727956900528,14862.0,57952.8680609205,476,7280782,7891809,428430,412173,2382417,2470354,1441783,1774375,1400216,1323394,619018,468372,377910,985275,0,457866,631008,0
17,000025,2017-10-11,0.10344827586206895,0.10344827586206895,0.9438408032139002,52668.0,1010238.9510465744,2153,427346877,148820729,2583988,277937,14963676,2845639,14771867,4219298,21557583,13975189,16929820,13470912,13835695,11566295,11737105,13423795,330967143,89041664
18,000026,2017-10-11,-0.004149377593361092,-0.0024896265560166997,0.2656177838562029,2402.0,79224.55677520389,2059,26687792,14688774,2695449,823264,4425210,3154554,3150776,2941320,3639924,2129567,2946110,1299047,2070898,704365,3490064,444070,4269361,3192587
19,000027,2017-10-11,-0.0015313935681471325,-0.0015313935681471325,0.22072508223246995,5224.0,81759.71009448291,875,13584728,7382925,828515,980843,2722813,1942248,2219084,1219493,1670003,1017625,1259294,246964,716600,0,0,860682,4168419,1115070
20,000028,2017-10-11,0.023599247140582147,0.012740697842768434,1.808556770859165,21081.0,215102.26684683881,1458,58364776,73170845,698606,2454632,5659063,6789494,6819878,7366017,8937215,8014604,6329616,9701062,3927739,6859780,1395725,4515132,24596934,27470124
21,000030,2017-10-11,-0.009988901220865709,-0.009988901220865709,0.23191016047106175,7176.0,101306.97153672566,1510,25349922,16872718,1377151,2047379,4609042,4522050,5341264,4174182,4228617,4016765,1233534,1258832,732292,0,866785,0,6961237,853510
22,000032,2017-10-11,-0.008208955223880654,-0.007462686567164201,0.4960875079584569,14652.0,104607.10553155623,729,23029809,5928554,538638,645664,3848034,2511570,6161918,1033800,3325851,754606,1481294,669493,766235,313421,1237004,0,5670835,0
23,000036,2017-10-11,-0.010476190476190417,-0.008571428571428563,0.2657065114025891,20840.0,120620.38750091329,1562,51232876,35006611,957092,923066,8077564,6843890,7431234,7655339,9956646,8766952,5682413,3787630,5696483,1695896,1779009,1294068,11652435,4039770
24,000037,2017-10-11,-0.012127894156560015,-0.007717750826901959,0.3840317585258535,8960.0,41475.41813585182,557,6857058,5059823,848019,402595,2178796,1828453,2284810,999916,1264883,892879,280550,0,0,355500,0,0,0,580480
25,000039,2017-10-11,-0.009994739610731274,-0.011046817464492431,0.3907015429024687,13132.0,194489.535866643,2368,85490479,50874954,3210624,1262557,10811220,8674419,8993761,7181043,13052396,8076196,7003112,6098432,4234437,3983732,2677693,2161884,35507236,13436691
26,000040,2017-10-11,-0.01825293350717072,-0.02346805736636237,0.5063635952005954,17982.0,147703.96199291316,918,38420162,20556314,375206,756536,4414880,3506987,5496218,2795974,7142200,3517930,3653543,1183550,2425370,938312,1849327,1872166,13063418,5984859
27,000042,2017-10-11,-0.0005924170616112834,-0.0035545023696681444,0.5059683420214269,1680.0,16244.038342696773,1113,3097613,3300232,632600,1450189,1076508,582960,789850,712090,394305,554993,204350,0,0,0,0,0,0,0
28,000045,2017-10-11,0.015254237288135464,0.008474576271186418,0.3760901328225425,20085.5,91661.87265714447,984,18962944,25424147,637642,673005,5488718,4872614,4656132,3932751,3729574,5164082,2380182,1851501,1615216,946244,455480,2218490,0,5765460
29,000046,2017-10-11,-0.0024449877750610804,-0.003667481662591565,0.3420827661242535,7344.0,87041.72534367719,571,11553747,4679695,1157021,567968,1268009,1435317,746336,1324178,1209414,722372,1489320,245400,671097,384460,1235755,0,3776795,0
30,000048,2017-10-11,-0.025561580170410547,-0.024012393493415995,1.5894980904732274,12725.0,98390.40474009658,263,7361672,3339539,154657,199878,1034643,1291901,1024703,206695,1214633,143697,2721636,0,0,736440,454500,0,756900,760928
31,000049,2017-10-11,0.005002886280546459,0.006542235905329985,1.1440489265153335,21088.0,138535.34758687209,2063,61109194,65238571,567052,1647754,9757629,12073227,10563062,9363817,12187025,10961120,9403790,7381644,4852868,2662981,3962976,4271790,9814792,16876238
32,000050,2017-10-11,-0.026326786460509788,-0.012954450480568314,0.4383803472756226,83952.0,538471.5757409957,2983,368913310,307937192,643831,636565,10052584,11098676,17019658,22254434,31903462,40022599,37611852,33394858,22330150,24115305,14707474,15951741,234644299,160463014
33,000055,2017-10-11,-0.003821656050955302,-0.005095541401273884,0.22548915143131956,10948.0,126485.44810491547,1212,31862212,18235622,1693421,851786,4814138,4660758,4686607,3341717,5933579,4119997,4103081,909494,648963,2097187,941460,868680,9040963,1386003
34,000056,2017-10-11,0.0007818608287726292,0.0007818608287726292,0.7198846314445622,10200.0,64300.680778194124,315,5507964,2829736,360101,186797,1003941,1145625,1195839,817706,775139,295608,253044,0,768900,384000,0,0,1151000,0
35,000058,2017-10-11,-0.008206330597889666,-0.0023446658851112856,0.18386554956798026,23744.0,106344.2050101863,2155,61719193,53345074,1528338,1686719,10565565,10516491,12886797,12640692,13177719,11550070,9436197,6147872,2662872,2982929,3882461,485826,7579244,7334475
36,000059,2017-10-11,-0.008984725965858198,-0.008984725965858198,0.2713021918688804,22100.0,173997.34766114707,1683,82424068,43383970,1119622,786369,8082806,6924630,11548274,5923007,13974976,9585144,10208428,4419156,4000487,4412613,3944746,1798179,29544729,9534872
37,000060,2017-10-11,-0.015535568274734346,-0.0122649223221587,0.2346582622472086,24200.0,178581.4112328355,2718,119298704,102394043,1449861,1694800,11287711,12776535,15198950,11760768,22166080,18133019,13006112,10436677,9736804,9517634,7093068,8079734,39360118,29994876
38,000061,2017-10-11,-0.003374578177727905,-0.0022497187851520106,0.29907709719348297,17720.0,59566.41041449612,883,17672419,10135960,811892,872633,7824582,2953245,2727707,1715508,2799107,1457084,1314814,1251024,993872,704720,442000,0,758445,1181746
39,000062,2017-10-11,-0.01863585538576218,-0.004845322400298113,0.7895306310098349,23962.5,92715.77703736612,1154,34647855,20225894,626570,716955,5862212,6478620,6388714,4629557,7727365,4317040,4243446,3500087,3312333,0,474448,0,6012767,583635
40,000063,2017-10-11,-0.033132530120481896,-0.018741633199464536,0.5008162362043055,237711.0,1169209.6270101687,3561,1079872232,914817867,222693,226483,5986938,5685468,17976373,15535518,47810954,44044512,47322112,45526026,48678988,54244951,37485867,43425766,874388307,706129143
41,000065,2017-10-11,-0.002613240418118612,-0.002177700348432121,0.6450428052237118,22800.0,84711.04966549976,1267,28114662,25633233,746507,686915,11607288,5122200,4621916,5476867,5458398,4342731,2864730,2679205,1298626,384290,876583,1886892,640614,5054133
42,000068,2017-10-11,-0.019886363636363535,-0.011363636363636354,0.26121425515824326,13940.0,94001.61587871893,726,21046733,6974368,696725,505261,3632816,2547164,4314695,1809709,2754636,984076,857755,770414,2452409,357744,1636311,0,4701386,0
43,000069,2017-10-11,-0.0024009603841536054,0.0,0.16884814926658157,9174.0,143567.60665888753,2440,66509052,47860908,2507877,1703230,8717201,8460170,10773770,6779433,8170289,8875140,6066172,3151260,3701199,1769752,3536320,4460277,23036224,12661646
44,000070,2017-10-11,-0.01927710843373487,-0.013654618473895597,0.2748690936682202,28266.0,155240.23434356172,2053,93063438,66249352,1418253,826983,11455312,9092614,9912522,8904929,18653796,13779785,12880269,9203274,8375619,8515946,6245594,1364931,24122073,14560890
45,000078,2017-10-11,-0.02020202020202011,-0.008658008658008587,0.12312559923193994,34527.0,225808.04021085138,3177,189585005,131365746,2585011,1030403,17036121,9982029,22133440,14227503,31625984,22625739,25524521,17991919,16411905,11511093,12502731,10519875,61765292,43477185
46,000088,2017-10-11,0.02111111111111108,0.026666666666666616,0.23333893414069898,26097.0,214221.23031553152,1488,66048597,87203729,1194936,1180906,6733751,5095885,7165248,4881347,11314314,9940797,7603417,7884978,6527493,7185843,4131209,9977371,21378229,41056602
47,000089,2017-10-11,0.00811123986094997,0.00811123986094997,0.24432230801451685,34500.0,82375.17136844412,1248,27365125,36069750,659757,720565,5891032,14117428,4560963,4914481,5851358,6419579,5296083,2524533,2186606,1068695,2141691,1807535,777635,4496934
48,000090,2017-10-11,0.014585232452142272,0.01731996353691878,0.2772629738767173,20995.0,127405.58399885282,1566,33672017,49397668,759710,1098187,6363559,11585281,6442471,5610468,5470122,6769402,4674084,5520663,2785978,2410936,1356501,1902781,5819592,14499950
49,000096,2017-10-11,0.0049330514446794815,0.008456659619450413,0.5579858031821491,7170.0,36007.66460374994,646,5059319,7711677,837118,567167,2786069,2143509,1184916,1677637,251216,1261205,0,1712950,0,349209,0,0,0,0
50,000100,2017-10-11,-0.013368983957219305,-0.010695187165775444,0.06991147855516061,26640.0,423477.7365766645,2886,179721531,175661333,1401092,2020143,12347825,15746376,12273498,16070852,13534976,19204311,11897251,10735574,8498686,9681701,6050173,5179569,113718030,97022807
51,000150,2017-10-11,-0.011032028469750932,-0.006761565836298944,0.9682436050595585,11356.0,60676.35453682916,843,10776855,11129126,729712,961831,4411080,3274532,2769246,1749683,2399112,1820436,467705,1138896,0,302100,0,0,0,1881648
52,000151,2017-10-11,0.005701254275940704,0.006271379703534752,0.6070793110912991,17700.0,114707.49991100123,834,21889903,24059388,710504,600819,4749643,3724663,3835389,4202365,3695530,4886490,2854662,1799312,2054499,685748,430904,1671884,3558772,6488107
53,000153,2017-10-11,-0.006692160611854736,0.0009560229445506607,0.2465675901680509,20368.0,91174.0762465347,1801,45155233,46015878,823275,1637572,7791946,8219331,8066447,9193522,12650389,11048771,3840199,5767898,3995989,2471018,2581838,1321058,5405150,6356708
54,000156,2017-10-11,-0.0027045300878971723,0.0,0.44764277331958435,10423.0,134173.28671562127,1091,30880149,18065864,980981,984018,4514194,4152785,3514291,2740526,5211081,3509174,3156391,3814366,722736,693852,2303366,983735,10477109,1187408
55,000157,2017-10-11,0.004282655246252709,0.0064239828693790635,0.08676528850827421,18891.5,166217.304293971,2914,89302897,83032596,1932300,1940121,13923863,13385005,12685724,12551537,15128508,18152166,10091208,13515816,2356040,4044735,5927559,4673340,27257695,14769876
56,000158,2017-10-11,-0.012820512820512886,-0.010073260073260037,0.26482454734235067,17344.0,119890.01681133518,1701,52113070,32002275,1376042,1092234,9786034,6736213,7626938,6444653,11092919,6748600,6192358,2843273,1475507,3112520,2290120,1365248,12273152,3659534
57,000159,2017-10-11,0.007288629737609353,0.004373177842565523,0.2432339419655674,13780.0,60815.4927933767,795,12275054,14284568,831883,701851,3612044,4002356,2207226,3025848,2305109,1889098,2973792,2917862,345000,0,0,450492,0,1297061
58,000166,2017-10-11,0.001700680272108901,0.0,0.11949950564750565,8850.0,172719.84378567367,2428,46132063,68257015,1290568,2148866,6154992,10110565,6063601,12349579,5542937,7793418,5755647,5586181,2721174,3101001,2611610,3206718,15991534,23960687
59,000301,2017-10-11,0.0,0.0,0.2799306759098787,9422.0,298263.92825859063,577,22820541,0,1087586,0,4953001,0,2508586,0,2795642,0,471100,0,336500,0,916626,0,9751500,0
60,000333,2017-10-11,0.018378378378378413,0.021189189189189106,0.7762722299893052,195037.0,801299.4382514772,3550,867156479,659234769,308481,270749,7194966,6332510,19118259,17134457,57034808,40421665,53225177,48082801,53483970,47283227,44367295,36281836,632423523,463427524
61,000338,2017-10-11,-0.003973509933774877,-0.0013245033112582183,0.13624015805743037,22590.0,224122.73556622927,3078,122244160,115177648,1720464,2460601,13698205,14209513,18487257,17303904,15656148,17440450,8942323,9840307,6058365,6807115,4697768,6826865,52983630,40288893
62,000400,2017-10-11,-0.009615384615384581,-0.006610576923076872,0.38086057264834383,8300.0,118773.6652095286,1909,52602815,23544362,1763968,2173951,6807271,6594176,6848460,6128749,6942252,3418572,4013055,1163635,4646516,1105434,2776768,849643,18804525,2110202
63,000401,2017-10-11,-0.010253317249698357,-0.00904704463208672,0.3227160118384998,34629.0,234828.4778033392,2640,152691801,107747986,1223152,1478565,13235923,12612496,17916583,15085930,26759413,20962668,16940728,11110832,13089965,9155277,9059636,7771148,54466401,29571070
64,000402,2017-10-11,0.002481389578163684,0.002481389578163684,0.24967018753378323,21753.0,168525.2365750994,2346,82412858,64601878,1805179,1037240,16406121,10602287,11590187,8004284,10588406,9408630,7087635,4514419,6037015,6597905,6273768,2110497,22624547,22326616
65,000403,2017-10-11,0.0026773761713521083,0.0053547523427042165,1.2081918116977064,24264.0,124305.48851433025,611,20272724,14167958,461902,421974,4038761,2418970,2363714,2876982,1453556,3369230,2520571,1229868,1032790,1899219,1321482,1343715,7079948,608000
66,000404,2017-10-11,-0.006273525721455453,-0.008782936010037545,0.24454353018631697,18262.0,146033.06146198878,1062,37392022,26745234,864839,717296,5498105,4108195,6436088,4316650,5125389,4896139,4027081,3485474,3263028,3795155,2167992,882217,10009500,4544108
67,000407,2017-10-11,0.0012360939431397266,-0.0012360939431396156,0.34315853202627317,12944.0,100811.97174710258,555,16684590,7930857,432524,514266,2583511,1684710,2738363,2465189,2116326,1622402,1718555,218430,1077883,1020860,1455636,405000,4561792,0
68,000408,2017-10-11,0.0032804811372335596,0.005467468562055933,0.43463227930205894,36660.0,229976.54217752168,1772,96000433,103758924,899552,901509,9181764,8016721,6727536,12586765,10070008,13196480,8987970,13532734,11211057,9805300,7046206,6515655,41876340,39203760
69,000409,2017-10-11,0.019867549668874274,0.02119205298013238,0.22005061563798672,15500.0,111274.47466131342,1178,28588848,33729220,1105971,791530,5327375,4531167,5300758,4396309,4260828,6055321,3329270,4628918,3774584,3516691,1790519,2793661,3699543,7015623
70,000410,2017-10-11,0.05022321428571419,0.0022321428571427937,0.33427068465545906,10830.0,70557.33625700454,718,13833767,10452501,879595,647468,2932780,2992958,2998762,3072172,1873274,1635589,981600,1199314,332630,0,874871,905000,2960255,0
71,000411,2017-10-11,-0.0022271714922049712,0.0035634743875279096,0.8957760204654546,15686.5,108956.62243739366,628,17066350,14701458,440420,419227,2917045,2111681,2522263,1307374,2475726,5324506,1780577,3745080,1012859,383098,1427540,892024,4489920,518468
72,000413,2017-10-11,0.009725906277630259,0.014146772767462457,0.1895692680350851,245496.0,1475273.1706646804,3563,939858649,1270442272,199515,145133,5903279,6145578,14889286,17388956,50091308,46565431,51882787,52746510,45455377,51286001,40855528,46772086,730581569,1049392577
73,000415,2017-10-11,0.0014880952380953438,0.0014880952380953438,0.14178541140132997,4044.0,82233.99950932979,2252,33229545,32161840,1471755,1724480,5051230,7726047,6080389,5528314,8141502,6992695,3046406,2310702,2362044,2342005,450910,404473,6625309,5133124
74,000416,2017-10-11,0.01134930643127352,0.008827238335435084,0.18446125008483918,1594.0,45695.428764657394,1849,8926356,17618544,387688,2305523,2261214,4009233,1718943,4313655,1540368,2505172,1463778,1154473,312544,1378190,435841,1420854,805980,531444
75,000418,2017-10-11,-0.0008421052631578663,0.0031578947368420263,1.1021421735939354,14452.5,138013.62344902309,1858,33429242,59595324,1210788,3488102,5889896,12554577,4212154,6869448,5300480,5212691,4163770,6665501,2405448,2049567,4343304,6986073,5903402,15769365
76,000419,2017-10-11,0.001404494382022392,-0.001404494382022392,0.34421791681336067,9243.0,63659.53107083102,427,7026557,5888401,316311,503332,1844600,1651291,1556967,887504,2032307,1056330,0,723080,778672,353864,497700,0,0,713000
77,000420,2017-10-11,-0.008547008547008517,0.002849002849002913,0.11055007501745116,2112.0,57199.569263504054,1010,9618549,8733895,626714,708536,2929270,2693492,2299654,1242456,1231695,1520643,766233,278432,1342231,0,422752,0,0,2290336
78,000421,2017-10-11,0.004207573632538653,0.0028050490883591017,0.28780403534736776,8568.0,56543.322567480034,613,9550887,5991965,1125821,396380,2854552,1648478,1507863,1377173,1174954,1530589,945085,208510,661791,394182,0,436653,1280821,0
79,000422,2017-10-11,0.0032948929159801743,0.0049423393739702615,0.18197174981592643,18210.0,131987.6605883261,1113,25514471,39038334,620935,929953,4266102,6692628,4129781,4732057,2800988,7063632,1521003,2663249,1858720,3716235,1808961,2222654,8507981,11017926
80,000423,2017-10-11,0.00963710284595698,0.013702755609094952,1.1782201573708513,74175.0,454995.0562914245,3177,275148312,348267488,1103310,598598,13542583,10282130,21247352,17958661,37542945,33178182,29316618,35304597,28642097,24453280,19298607,21015676,124454800,205476364
81,000425,2017-10-11,-0.0026595744680850686,-0.0026595744680850686,0.0691812802915853,4512.0,78870.92309654618,2983,35770315,36554133,2327224,3580461,6957279,7774355,4789159,4636465,8877730,5975913,2740506,2382884,4028232,4322251,903238,2237324,5146947,5644480
82,000426,2017-10-11,-0.049107142857142794,-0.03571428571428559,0.2465863631013713,18572.5,136113.89750770017,2068,74472349,55945473,1504908,1257866,6718320,8244991,9329282,7699586,18150237,10206254,11352034,9980285,9154807,5794568,5810702,2597470,12452059,10164453
83,000428,2017-10-11,0.004073319755600657,0.004073319755600657,0.20739066996189798,8874.0,90457.87080793404,560,9977834,8607644,422167,659022,2033888,2959207,1414630,422000,1412162,1140662,981603,769572,344400,371687,939720,493000,2429264,1792494
84,000429,2017-10-11,-0.003436426116838587,0.0,0.24179900662473472,13095.0,102132.82506692897,1304,27410116,29821746,1330279,952928,5867730,5903937,3986066,4956048,4757439,6517756,2090286,1967606,2395720,1795033,1268445,843088,5714151,6885350
85,000430,2017-10-11,-0.0009643201542911539,0.0009643201542912649,0.4402356513763031,10390.0,42757.064143871496,554,7851581,6801826,308534,720168,2277660,2703844,1737039,1605736,1964388,1514951,423920,257127,706600,0,433440,0,0,0
86,000488,2017-10-11,-0.03626943005181338,-0.025388601036269498,0.3394644961763025,95548.5,704279.9351412782,3236,510662373,418985344,539397,995662,9151355,13469893,13893550,19843029,37575858,37673155,33518973,40190342,25645172,36731982,25218100,25898064,365119968,244183217
87,000498,2017-10-11,0.0011737089201877549,0.0046948356807512415,0.19085826499254546,5142.0,52180.82567480833,2001,23952826,24797427,2758661,694395,7078347,4285678,4700744,9245123,4890422,7160993,1348333,1625738,730615,738240,873476,429500,1572228,617760
88,000501,2017-10-11,0.0010781671159030282,0.0,0.45396790266051795,22188.0,158686.82607465735,1670,56833931,43345946,1647662,606187,9139708,6056141,7598661,8725567,10605751,11320306,5019817,4946643,3298276,3255344,2640258,2227294,16883798,6208464
89,000502,2017-10-11,0.010833333333333472,0.01333333333333342,0.3832492535635901,14843.0,82429.07703295183,981,21115482,22605137,716951,871579,4266685,4195279,3304022,3463557,5794993,6755769,3108039,2199939,2002444,2179389,1313348,0,609000,2939625
90,000505,2017-10-11,0.07608695652173925,0.07608695652173925,0.24822322830713187,33418.0,554925.1964534227,1986,177411714,113236107,1009656,1093250,7954217,8132429,9554042,8851737,18982813,15873542,11928061,9186874,10273689,9222951,7689484,4463370,110019752,56411954
91,000507,2017-10-11,0.05415860735009681,0.05899419729206956,0.209744935669678,43512.0,462319.560180684,2433,170038333,242063939,1064292,847171,11044129,9447175,10908485,11546968,23388235,17175524,23392457,15766574,15345389,13014504,13983968,14457628,70911378,159808395
92,000510,2017-10-11,-0.03219315895372232,-0.02917505030181078,0.24446793224649171,15472.0,158634.27898206684,1654,51534504,30471442,1248665,2075829,7935649,8434767,6960779,5123014,7430123,5179471,5254330,2462895,2098203,1704735,1870585,2296748,18736170,3193983
93,000513,2017-10-11,0.0010739216037229937,0.0005369608018614969,1.1000087610325389,33660.0,239704.8067908049,2586,146145257,126026694,508907,593210,15025637,17353707,15014298,14872709,15248378,13180509,11352167,11954079,23296653,10951762,9285416,5589497,56413801,51531221
94,000514,2017-10-11,0.006476683937823857,0.006476683937823857,0.24156397216565065,11610.0,59607.956327007494,1021,13707357,16844390,994709,982683,4222611,5133600,2163293,3096186,1899167,3791037,1558828,2345530,1050105,1085379,426344,409975,1392300,0
95,000516,2017-10-11,0.007547169811320753,0.005660377358490676,0.11864799945637515,26800.0,215755.62248588869,2000,66245967,101340118,1044849,1109572,9850650,8664326,8627049,12392483,11192614,13818043,9425619,11980881,7484029,7771170,1884563,6093705,16736594,39509938
96,000517,2017-10-11,0.002336448598130758,0.002336448598130758,0.11693847233473674,3432.0,40934.94404143615,1343,9180417,11359908,1682422,796858,3480513,2290873,1638425,2650200,1541159,2596724,422428,1111215,0,648359,415470,0,0,1265679
97,000518,2017-10-11,0.013227513227513255,0.014550264550264647,0.19258489623632744,13059.5,65694.58160707794,1542,21793048,31480533,1196702,1596260,6171999,7557349,4447820,5607309,3679196,8489058,2132967,3477266,2095425,2615696,473550,499358,1595389,1638237
98,000519,2017-10-11,-0.007149240393208189,-0.005361930294906059,0.2960888269874405,15567.0,84176.53326949754,1428,34544941,23545819,1211346,1012816,8426124,5227432,6005900,4468451,7345454,4497926,4317681,3187162,3079035,1334799,1310185,1364850,2849216,2452383
99,000520,2017-10-11,-0.0037878787878788955,0.0,0.18067773626959283,8448.0,86781.34668849056,854,14553455,12264649,671872,641486,3816915,2497754,1597265,2171128,2048671,2393939,1516515,1806470,0,335280,414217,429019,4488000,1989573
100,000521,2017-10-11,0.001677852348993314,0.003355704697986628,0.1847631295862488,6030.0,75144.20208779241,1041,14813070,14958384,927464,994408,3593521,2643160,2463912,3527879,1587053,2484441,707471,813071,2579449,1620941,1337000,861834,1617200,2012650
101,000523,2017-10-11,-0.005181347150259086,-0.0010362694300517505,0.3632457796087952,9670.0,51054.2585223203,705,9966408,7106140,902121,532927,3220689,2870691,1704624,1511759,1181241,1965724,246330,225039,346680,0,2364723,0,0,0
102,000524,2017-10-11,-0.012158054711246202,-0.00911854103343468,0.47575041982017796,10368.0,108229.82484603196,765,12923707,7680465,605109,1273527,3094683,2774569,2276926,1216560,1757124,1470089,1357239,206223,1080626,305265,0,434232,2752000,0
103,000525,2017-10-11,-0.011307100859339614,-0.010402532790592556,0.6381917519227447,13116.0,109127.6878827254,1200,36301322,19967676,1327506,560807,6036973,4165194,3936541,2640052,6008940,4070640,4826495,3323499,2657982,1148269,3453559,1302937,8053326,2756278
104,000526,2017-10-11,0.01290684624017957,0.017957351290684542,1.6039302294677718,15071.0,88605.25082649736,493,9348471,12051810,459216,308137,2516758,1773329,1222979,2758818,1913601,2433028,470119,1353292,1025055,743800,436439,1786407,1304304,894999
105,000528,2017-10-11,0.005500550055005604,0.002200220022002153,0.1991180046361115,11533.0,75980.94246752316,2087,29356644,33047052,1449761,1801125,10766631,9056003,5908579,6794400,3704038,5908836,3225533,996211,1036501,1639040,0,911000,3265601,5940437
106,000529,2017-10-11,-0.0034965034965034336,0.0011655011655011815,0.2713722754814869,8550.0,52787.24150307424,1000,14224928,9690836,1558487,745468,4177788,3453109,1932750,2042608,2633744,786159,2090416,1304782,341200,361654,925388,472207,565155,524849
107,000530,2017-10-11,-0.0013280212483400833,-0.0013280212483400833,0.24169620448344595,7530.0,92290.94493528007,971,19226344,17484232,705251,1252984,2783374,3283439,2316333,2480374,3538968,2840911,3580374,2349459,2035947,715688,932623,402270,3333474,4159107
108,000531,2017-10-11,0.006818181818181612,0.005681818181818121,0.39245493329636727,8790.0,80879.47880932952,502,8360118,8035804,491669,551205,2444159,1121339,2162802,2010255,838612,1750045,263400,221250,1015076,319646,442000,892979,702400,1169085
109,000532,2017-10-11,0.018867924528301883,0.025399129172714252,0.4254326226330978,20775.0,120114.40216844963,1049,24026115,32837508,788939,729711,4977646,4908097,6025980,5347638,5819199,5446433,3062026,2785735,923420,2048145,1353199,1795688,1075706,9776061
110,000533,2017-10-11,-0.0009727626459143934,-0.0019455252918287869,0.534489402399166,13338.0,80856.53615702332,369,8026536,7091398,219566,278925,1868898,1534678,1611263,1167312,1829629,1305168,436759,1122283,690213,351232,843372,0,526836,1331800
111,000534,2017-10-11,-0.01407506702412864,-0.009383378016085797,0.4489613289492724,5928.0,30235.856899059738,1107,4355788,8844310,337233,4579970,1259912,1464124,528995,1210549,912081,982359,526220,0,300237,607308,491110,0,0,0
112,000536,2017-10-11,-0.01864406779661021,-0.016949152542372947,0.15078125621464458,16155.0,96117.44133474406,1534,50508046,23958856,1533281,776295,9103624,4445025,8909281,4345844,11502445,6868969,6906084,2142411,2741409,983115,1707269,1368113,8104653,3029084
113,000537,2017-10-11,0.0,-0.014559386973180155,0.27944582201715923,30544.0,227802.2324355411,2191,113143239,76727257,1601950,668945,13277467,8128982,13654322,8640247,18672328,12740605,11162009,9857467,7894764,4800343,7591496,7987240,39288903,23903428
114,000538,2017-10-11,0.01654250657318146,0.017418930762489016,1.7001118774509367,46605.0,378466.26881657547,2883,200285383,227818462,1444926,1282117,10086492,16795528,13353893,19048072,25838519,28629604,27589004,22740700,11548023,12211063,9061655,14839746,101362871,112271632
115,000539,2017-10-11,0.005736137667303964,0.005736137667303964,0.20666008237789296,4216.0,56687.76521878359,640,5624587,6828987,290346,1164223,1343379,2046263,638174,1127477,1022527,396546,697148,534480,664512,322964,441840,0,526661,1237034
116,000541,2017-10-11,0.025668449197860932,0.02887700534759352,0.17833142562293186,39628.0,260888.31806914895,2752,127631669,201152654,1745957,1533418,11650962,10789081,14919351,15881065,21685497,28054182,17697521,21975458,12504452,19663690,13245570,16741589,34182359,86514171
117,000543,2017-10-11,0.008928571428571619,0.010714285714285898,0.16595024991640708,11200.0,124680.70163886469,1139,19857644,35164371,778788,738290,3874368,3939994,3140223,4978847,4436011,5396265,2810470,4654478,0,3912366,1745407,904854,3072377,10639277
118,000544,2017-10-11,0.0005727376861395239,-0.003436426116838587,0.41831821160428123,8755.0,81301.29391994543,1742,32627482,19422349,2124916,873731,8855741,5230013,5709119,4798404,4309816,4806990,1673344,1802220,2151782,1408143,401478,0,7401286,502848
119,000545,2017-10-11,-0.019261637239165297,-0.01605136436597121,0.1300460988062859,3085.0,84068.85105529775,2298,34219576,32047015,640126,2590033,4058697,7237440,3884030,7374801,8341890,7843894,3490575,2162142,2975981,2452774,830564,1768314,9997713,617617
120,000546,2017-10-11,0.014765100671140896,0.022147651006711344,0.3598895607208097,12112.0,121671.50183926355,1715,44114719,39132181,1417424,575862,12199145,4677638,4308643,3598585,8401295,7847765,5189678,5096325,1965976,4345146,4860068,5000672,5772490,7990188
121,000547,2017-10-11,-0.025402201524132195,-0.016088060965283812,0.24402616928655677,29200.0,137539.93481173035,2343,108079009,62099179,1280051,1191873,12634038,9885989,18608697,9502682,22845020,13586964,16101474,8310154,9137493,5818305,6542379,2290456,20929857,11512756
122,000548,2017-10-11,-0.0036809815950921143,-0.004907975460122782,0.1809398742967052,4890.0,55633.5295218788,2032,26225699,15982824,2375693,935289,8133158,4982728,4915532,3626016,3890092,2759914,2341723,1066036,1340764,1061661,1744874,441720,1483863,1109460
123,000550,2017-10-11,-0.014571948998178486,-0.012750455373406244,0.5329789865089154,25920.0,195803.1313275741,1699,82718931,49543532,848335,720360,9034015,8473741,8782465,6024114,13417353,10821167,8500154,5884857,5485452,1770538,6378044,3500753,30273113,12348002
124,000551,2017-10-11,0.003141361256544517,0.0020942408376962707,0.358528423996728,17370.0,98781.52654313784,709,17170760,16985516,725190,436290,3341263,3566009,2772340,3509952,2870940,3321236,1461538,1562040,767102,1134078,2826899,885542,2405488,2570369
125,000552,2017-10-11,-0.004987531172069737,0.0,0.0788307318871487,1203.0,60967.06389450779,2598,17095761,22534669,871778,2498312,4245134,7615280,2221691,2540156,3108341,3173862,2104281,1255703,399399,1391145,400388,1300443,3744749,2759768
126,000553,2017-10-11,0.006364922206506307,0.004950495049504955,0.42411993927873937,14220.0,115089.6424694886,1111,25600643,24561103,1664727,929900,4296617,4489052,4189342,3917905,5600943,6084350,3835831,2419803,1025821,1648684,0,883369,4987362,4188040
127,000554,2017-10-11,0.0029761904761904656,0.008928571428571397,0.2289719142458203,22396.0,135424.16244239002,1939,62684745,58303720,1051558,1104620,9285141,9955094,9813762,8671609,12914200,13632045,7855644,5582984,4720803,4381041,3131905,3056099,13911732,11920228
128,000557,2017-10-11,0.013769363166953541,0.010327022375215211,0.1515644136774092,15849.0,76586.49188473827,1471,30585657,32657206,1189055,1170390,6590401,5759706,8126071,6548147,6907212,7643106,2664813,4003919,2086248,4164820,1357247,461768,1664610,2905350
129,000558,2017-10-11,-0.004477611940298498,0.0,0.20038747783379424,13340.0,59892.23083082349,1118,20757646,14909760,1142604,925154,5759226,4756773,4226961,3234165,5668669,2976433,1512308,681126,1049411,657908,0,480669,1398467,1197532
130,000559,2017-10-11,-0.02857142857142858,-0.022040816326530543,0.22971442687724627,47880.0,291472.14364291687,2846,230457351,141863298,1124480,1192313,12550017,12253858,16367010,16908453,33366524,30317333,25304546,16213017,21381621,14288021,13394353,8412870,106968800,42277433
131,000561,2017-10-11,-0.017070979335130354,-0.013477088948787075,0.27076951757546774,17536.0,79477.13301949139,1690,44233503,30451429,1328795,1026015,9029091,7006502,8135155,6351621,10609337,6946946,5599426,2800392,5441450,3042601,1358514,819406,2731735,2457946
132,000563,2017-10-11,-0.0037453183520598232,-0.0018726591760299671,0.14789333094984408,11151.0,198646.17784575987,1305,45514393,31294612,971358,1227401,4811342,4708615,4353009,3578860,6833445,5109055,5754972,3071742,1051240,1382649,2215474,2642629,19523553,9573661
133,000564,2017-10-11,0.0034364261168384758,0.0034364261168384758,0.12344598154293504,16436.0,256698.18071041786,2228,76720248,84648167,1309557,2223016,6126022,12353514,7095323,11573532,6068146,15815194,5494998,8414852,4138152,8087798,2718537,6486730,43769513,19693531
134,000566,2017-10-11,0.0273141122913505,0.03186646433990892,0.3185718877834184,36693.0,237498.52362937786,1713,100504212,114674826,824735,964528,7110761,6573826,9826853,7048743,11995609,14710560,11314181,10732870,6347585,9514511,9247213,12770560,43837275,52359228
135,000567,2017-10-11,-0.01788079470198678,-0.01655629139072845,0.803173285809015,29845.0,192882.73936620355,1416,72745801,56543004,689554,1107194,6621959,6185231,6093356,7030406,11105005,9579337,8043957,6791818,7491131,5817067,1794403,4163452,30906436,15868499
136,000568,2017-10-11,0.029565217391304355,0.028869565217391147,1.0281608039373389,86167.5,505307.87769795797,3130,269884394,423269904,312618,585042,10026846,13427848,15432513,19926268,37017412,35935551,26769438,34019864,25454812,35386174,19833019,23870624,135037736,260118533
137,000570,2017-10-11,-0.005555555555555536,-0.002777777777777879,0.35871231907786677,11854.5,48448.559932849836,402,6139374,4570248,331698,482234,1662014,1531609,1456909,1234371,1149631,961096,746107,0,305575,360938,487440,0,0,0
138,000571,2017-10-11,0.012448132780082943,0.016597510373443924,0.2271567049158246,17544.0,144507.15078950438,1013,29962496,31514670,909247,735360,4579524,4361586,4894723,4052215,3113366,6137004,3299098,4020781,1313808,4303110,2250078,953078,9602652,6951536
139,000572,2017-10-11,0.015360983102918668,0.02457757296466978,0.1112132485592303,99142.0,1946639.019095219,3448,458596141,939420065,641565,1300443,8856716,12807622,12933126,22117878,26546658,42059994,23623633,43813016,31382019,37983798,25754609,35194778,328857815,744142536
140,000573,2017-10-11,0.006644518272425293,0.0033222591362127574,0.17456679440442388,6060.0,45619.68915585833,1190,14057131,12036976,645354,903077,4970366,3975521,3406217,1906802,2567162,3956340,1439532,451479,302500,308356,0,0,726000,535401
141,000576,2017-10-11,-0.004224502112251116,-0.0018105009052504784,0.9412239071645292,9936.0,53721.36349383613,309,5798705,2215046,391962,181992,1639519,919878,1546414,812282,1028986,300894,474074,0,0,0,0,0,717750,0
142,000581,2017-10-11,0.004016064257028162,0.006827309236947965,0.5194195726159474,25110.0,311109.46842736535,2298,85137423,114005609,1161894,1358194,11632898,12852596,10696183,10756610,15608006,15516618,10140544,10092991,6299478,7684085,4416503,1659675,25181917,54084840
143,000582,2017-10-11,0.013445378151260456,0.015966386554621792,0.36303577637466655,18363.0,90607.9196355467,1074,26237803,30941733,641723,848824,4526920,4881560,4447207,4819259,6466936,9047370,3014203,4926651,2333284,2361463,918401,2826068,3889129,1230538
144,000584,2017-10-11,0.009150326797385588,0.0117647058823529,0.3562725269017316,36780.0,181633.1471602593,1846,69942655,77123469,744373,1081407,10367618,8219467,14258545,10534834,16953723,14668658,9688437,7717627,8745533,4340776,3052337,2699367,6132089,27861333
145,000587,2017-10-11,0.003875968992248069,-0.0025839793281654533,0.2545909620804546,27002.5,206064.69658835596,924,34747094,45396137,492784,723227,5458608,1854527,12303953,1140952,5951331,2188122,845608,732031,2548272,2541499,1458220,13103464,5688318,23112315
146,000589,2017-10-11,-0.012323943661971759,-0.008802816901408383,0.2708726196370398,11260.0,63136.64017217121,439,8218103,5183285,333807,412369,1721896,1889061,1842778,1043949,1769584,706502,507100,761329,0,370075,404388,0,1638550,0
147,000590,2017-10-11,0.011801242236024745,0.005590062111801242,0.6287157912604809,16219.0,73771.11017177296,655,11090544,12545611,484687,741646,2693217,4093371,1728012,2388897,3040202,2517876,714048,862209,306628,702551,497250,419062,1626500,819999
148,000591,2017-10-11,0.025723472668810254,0.01768488745980723,0.12129516133011477,26670.0,196141.3181633603,2637,83479761,141842538,1630359,1780214,9956623,13137983,11815834,15337276,13430243,32471701,9280249,12093918,9895207,10646364,3049079,4981174,24422167,51393908
149,000593,2017-10-11,-0.025535420098846795,-0.025535420098846795,0.4965820862609713,11970.0,82232.66703819,597,15890161,8250080,470479,402675,3214135,2153654,2234737,1295227,3838921,2627696,978766,648555,1794245,372645,1410769,0,1948109,749628
150,000595,2017-10-11,0.007575757575757569,0.005681818181818121,0.17619746598942942,10089.0,62819.104313365526,898,12539561,9506567,871278,626670,3992725,3036731,2124731,2671364,1825601,1938361,894052,700909,382320,0,431452,0,2017402,532532
151,000596,2017-10-11,0.052552552552552534,0.04159159159159165,1.2880873094369596,37703.0,234502.43513004822,2688,127263882,149150936,1678228,1159334,13399131,13690765,15608206,16884256,21283533,20375932,14637576,17743076,9008656,10999789,7902134,5956229,43746418,62341555
152,000597,2017-10-11,-0.00692041522491349,-0.007785467128027634,0.3384071840465153,22960.0,106461.8893067665,1167,33493667,31431771,517259,805762,4609509,6759372,6905145,5201291,10628643,6526445,1960708,3698628,1042194,1328103,979236,1756203,6850973,5355967
153,000598,2017-10-11,-0.003436426116838587,-0.001718213058419349,0.15055187196143052,11660.0,178690.37993656134,1496,40834335,39868691,1906705,814185,7311221,4207594,6961684,4380983,6188207,4587418,3688449,3177219,2659379,1744118,834897,1698360,11283793,19258814
154,000599,2017-10-11,-0.001477104874446078,0.004431314623338345,0.216563065535985,13620.0,91267.10343947765,977,19827656,16202492,924062,859026,5377796,3597758,4443042,2572712,3232289,2657662,2642961,695574,2046696,1019598,480810,493086,680000,4307076
155,000600,2017-10-11,-0.01647875108412833,-0.00607111882046818,0.24731993987319306,18320.0,136190.68859226035,2174,72303935,49207470,1076992,1454488,10569579,9423355,10636077,7971531,13010736,9408299,9954978,5932130,6239893,4121513,4094819,1797820,16720861,9098334
156,000601,2017-10-11,-0.005312084993359889,-0.003984063745019917,0.3194405262601866,8988.0,162100.84611612043,555,15369563,7919588,765683,394647,2259313,1675625,3726120,1414640,1729649,1166052,1044656,708124,1089690,307500,479250,0,4275202,2253000
157,000603,2017-10-11,-0.0049610205527994555,-0.0014174344436569397,0.42058776922860147,4227.0,40815.75016079726,1125,10403366,6383413,1909010,980452,3085225,1700781,1759607,1490517,1957113,720693,1375161,244992,317250,392536,0,0,0,853442
158,000605,2017-10-11,-0.03446969696969693,-0.024242424242424176,0.5790024007835722,26240.0,189693.57669868798,2079,97803815,57185672,653185,1315164,10326030,11613860,11386821,10194590,16138714,11188772,8316372,9881944,7199404,4954375,4477112,2184688,39306177,5852279
159,000607,2017-10-11,0.012121212121211977,0.0181818181818183,0.23485990185337635,16820.0,80202.22835749749,1234,26479074,30417038,1200752,966504,6689213,5628940,6027978,4351979,5656526,6974656,5093246,4698537,766015,3215043,498600,486939,546744,4094440
160,000609,2017-10-11,-0.003445899379738049,0.00344589937973816,0.5473291988127031,14560.0,218805.56779430443,702,12211473,27737419,512463,545347,3770649,3194213,2736102,2233769,3211863,1275048,1162596,258420,0,333960,0,1338117,817800,18558545
161,000610,2017-10-11,0.013615733736762392,0.010590015128592922,0.5193973552180152,13350.0,116911.70837523071,647,10201357,15408725,749540,389317,3512591,2215571,1810106,3106460,1151858,2486771,750361,2417699,1423501,1068767,0,431892,803400,3292248
162,000611,2017-10-11,-0.011627906976744096,-0.0046511627906975495,0.3416534554171837,8600.0,45155.25894275898,633,7841630,5728589,403438,963234,2687344,2862805,1718386,1194396,1336347,423630,504539,284524,0,0,480216,0,711360,0
163,000612,2017-10-11,-0.017208413001912226,-0.018164435946462887,0.27644799805505493,20590.0,180787.59109482708,1432,61813378,37664757,672771,1107780,5129602,5703099,10269522,5167272,11562484,4604070,8717906,4563703,2694509,1051721,1425822,1282482,21340762,14184630
164,000613,2017-10-11,0.025793650793650702,0.03373015873015861,0.27252852399915756,18810.0,217469.98136219053,1369,46580711,39567798,1048911,795322,7155853,5290359,6160698,4887978,6333047,6524285,3709101,4022415,3813976,4402779,2286962,4825653,16072163,8819007
165,000616,2017-10-11,0.006493506493506551,0.008658008658008587,0.12506467924121287,18640.0,264329.45714615047,1368,61450965,73966224,1010778,1142987,4555159,5272186,5488967,4376795,10203435,8608437,7284882,9905307,4572222,3311222,5770872,9536879,22564650,31812411
166,000617,2017-10-11,-0.015845070422535135,-0.013497652582159625,0.508740761955917,3388.0,58205.64899444175,1123,12354102,6275476,1224585,1300677,2810475,2558622,1856715,842252,1267868,370940,925123,278685,387387,0,469264,421500,3412685,502800
167,000619,2017-10-11,0.005268703898840821,0.010537407797681642,0.36304884104494073,11508.0,251947.29387630738,683,8995986,19498645,585988,716636,3306735,3525540,2435407,1694394,1520475,2597353,744056,484522,0,0,403325,481500,0,9998700
168,000620,2017-10-11,-0.013986013986014068,-0.013986013986014068,0.193914736363655,5704.0,56621.14371100088,1361,21619144,7807426,2084084,997829,6484651,2867624,2466294,2248768,2576361,1347821,1627916,0,2278447,345384,873032,0,3228359,0
169,000622,2017-10-11,0.023026315789473673,0.021381578947368363,0.18916441521016172,21455.0,48911.9891874582,1034,13973134,23485794,475697,955041,2962696,8499402,3593929,7748415,4370766,4138535,1889646,967305,680400,747128,0,429968,0,0
170,000623,2017-10-11,-0.008257279443720122,-0.003042155584528472,0.4518646512204336,25267.0,276640.708327946,2593,129142175,131192311,3259813,1093636,11829664,9473539,13172482,11317296,19637909,18925706,15116257,12725555,10567458,9477947,6760831,8675745,48797761,59502887
171,000625,2017-10-11,-0.005559416261292527,-0.001389854065323215,0.2644462093693477,47173.5,345067.2362928735,2962,245029864,184185162,1273361,764862,14850110,12493915,19360183,15326942,32292686,27170698,22324882,19438846,18123263,19380490,18737885,12221880,118067494,77387529
172,000626,2017-10-11,-0.01765375854214113,-0.014236902050113853,0.4584005335229447,17280.0,71810.83857250668,1467,34147955,22336844,1287264,1197355,7888116,6503921,7534380,4923732,6984751,5379995,4374974,1933330,3069019,765072,477480,0,2531971,1633439
173,000627,2017-10-11,0.008839779005524795,0.011049723756906049,0.1927690426876913,17759.5,179518.1955052539,2206,64281211,67069079,2656768,1435465,11725116,7577092,11449928,8351476,9425336,11509157,6083963,9542519,3996747,4833354,4508241,3212579,14435112,20607437
174,000628,2017-10-11,0.0009689922480620172,-0.00387596899224818,0.44215452248739395,10300.0,45465.68035964024,544,8242313,5529499,470042,377846,2743495,2060591,1771303,1182681,2126727,1104577,410800,0,719946,369720,0,434084,0,0
175,000630,2017-10-11,-0.006578947368421018,-0.00328947368421062,0.06059068485714978,9966.0,182012.90297743943,2548,78036086,40741682,2340199,1886419,12331567,7747795,8371275,5143572,17440196,6546648,5143451,2966506,3016980,2322602,846506,3716334,28545912,10411806
176,000631,2017-10-11,0.004975124378109541,0.0024875621890549926,0.1726253501448811,10853.0,110768.40992422155,542,10800337,11913485,413820,528872,2589450,2147964,1615682,1314728,1791417,1863520,2323676,420309,0,1656161,401999,1724034,1664293,2257897
177,000632,2017-10-11,-0.005479452054794498,0.00273972602739736,0.2200127391388541,12571.5,167955.59111848485,1102,22915144,32118516,1050356,887253,5344465,3945782,4438366,3521589,4340940,3844745,2877215,3426271,1388335,780296,405711,1779714,3069756,13932866
178,000633,2017-10-11,0.10134310134310143,0.10134310134310143,0.26974777795495813,16670.0,195651.99414508973,926,33395108,21036609,1043374,657392,4669611,3428236,4463853,4083852,4464599,3898880,2204889,2202308,3051326,2447340,1817284,427551,11680172,3891050
179,000635,2017-10-11,0.0010851871947910041,-0.0021703743895821193,0.5806573157723589,18400.0,65469.23147466295,1007,17846221,17480455,803302,924797,5942652,4595101,3189625,3937333,4475487,2729681,1407795,947391,1474160,1808218,0,0,553200,2537934
180,000636,2017-10-11,-0.010162601626016232,-0.009146341463414642,0.21005399933016372,28275.0,152633.97858335622,2196,83237217,70284725,1925642,1631121,12766125,9503785,12953236,10943576,15147752,13531167,11837163,8780333,5570125,3916602,6598745,2634376,16438429,19343765
181,000639,2017-10-11,0.029234338747099686,0.0139211136890951,0.5993402300138405,17248.0,88710.68029668831,1293,22602406,22076874,566135,1435770,9333946,6064940,3846304,4381376,2918838,2792001,1608478,1412860,1059296,1400210,466689,2112346,2802720,2477371
182,000650,2017-10-11,-0.01461038961038963,-0.011363636363636465,0.13549058116050966,12280.0,169304.98811242517,2071,67656067,44490671,3022820,1427691,9264964,7189196,9442232,6320834,8075805,8560566,6736280,4680970,4636671,3008205,2679525,897975,23797770,12405234
183,000651,2017-10-11,0.03256655466528824,0.031015766347893603,0.6448567232423047,549712.5,3271586.0130491327,3600,1831431234,2432734600,23949,15610,1392307,1164680,5651332,6113638,31963456,30370485,48252022,47689258,55586877,52163552,67623287,52387306,1620938004,2242830071
184,000652,2017-10-11,0.0038461538461538325,0.005769230769230749,0.14457013386515907,5210.0,53814.49285882637,1295,12099913,15872461,691593,1370350,3005555,4543451,2840300,2921711,2124158,1894737,1225670,2304297,1376837,1920391,0,917524,835800,0
185,000655,2017-10-11,-0.012835472578763052,-0.008168028004667427,0.2605007716705639,11082.5,104575.41337624032,1082,23747951,17512194,738688,1089116,4173289,5005738,4426707,3418754,4063040,2581661,1455187,1577066,1698220,0,2201807,495233,4991013,3344626
186,000656,2017-10-11,-0.003992015968063756,-0.003992015968063756,0.12219535483549229,9960.0,169866.81281785818,1685,44126598,33760852,1352523,1972990,5560579,7744860,5032032,4552745,3977257,4912948,6197199,3144951,1695192,1434771,1251152,1496000,19060664,8501587
187,000657,2017-10-11,-0.01720578114246385,-0.012388162422574012,0.37896710379614373,17226.0,76707.18407380757,1470,30844120,27603547,1159260,1102522,7487090,8052171,6735718,5357333,7582887,6520873,2793050,2744227,1354388,1038349,905600,1282184,2826127,1505888
188,000659,2017-10-11,0.023376623376623273,0.020779220779220786,0.12620206657675923,11922.5,95949.69665048807,932,17465652,21931177,710331,787764,3660311,3837248,3117284,3114220,3767429,5804595,2149682,2162173,1656460,1697010,456855,827547,1947300,3700620
189,000661,2017-10-11,0.008481262327416195,0.007100591715976323,3.8959026729677553,61208.0,429044.7118623964,1525,139090474,163843882,27695,11376,7334706,7887769,6452178,8301401,12132100,17486142,10188906,14854530,7293148,7464121,10747310,11352133,84914431,96486410
190,000662,2017-10-11,-0.03379953379953393,-0.02505827505827507,0.4646646852742011,19507.0,98377.70339582207,1364,56415338,24384214,1301977,841173,5446775,4725096,7182005,5098267,16120930,4153957,15214579,3036983,4787073,1935446,2262952,1405668,4099047,3187624
191,000663,2017-10-11,0.007284768211920589,0.009271523178808083,0.5858384148209013,15205.0,56630.13342543668,664,12284116,12025052,258528,929823,2317884,3070669,2649442,2780812,4401087,3532718,1721729,997526,331360,713504,0,0,604086,0
192,000665,2017-10-11,-0.012386457473162582,-0.009083402146985886,0.36763195518829367,24000.0,263707.39743924583,1085,68537095,44452926,812164,600827,3354192,4501201,4664071,5480344,7525060,8308153,2620162,4330974,3162308,6672457,3679210,3624539,42719928,10934431
193,000666,2017-10-11,0.0051960321209258975,0.01558809636277747,0.4956008736206698,23595.0,150528.7533844857,1825,45441121,84985233,1002603,1275181,7109932,8679352,4677462,8463144,11315245,23889142,4791317,7498340,2757336,4635864,2232549,7924198,11554677,22620012
194,000667,2017-10-11,0.0029239766081872176,-0.0029239766081871066,0.09041070956929302,2736.0,123731.69462506127,1436,26844696,9256781,1319428,870670,4672661,1859829,1459720,1867778,2169012,1947432,2082482,461016,685052,0,945593,0,13510748,2250056
195,000668,2017-10-11,0.0029069767441860517,0.0023255813953488857,0.8920557958108372,8665.0,37878.075671510866,371,4012138,3955396,344185,309735,1145880,1380500,1226733,602220,1061659,1034141,233681,628800,0,0,0,0,0,0
196,000669,2017-10-11,0.0018610421836227076,0.004342431761786614,0.4956403299152274,16149.0,64201.18914541699,1057,19424242,20117232,900477,1134736,4027493,5799906,4353660,5271522,3791749,4587257,1433742,1834869,3136970,1031898,969651,457044,810500,0
197,000670,2017-10-11,-0.03645833333333326,-0.02473958333333326,0.13721854079625345,39884.0,182210.25923448458,3140,160403210,124835358,1159965,1832027,14687742,15549819,18641992,19298832,31492892,30938022,22868134,17292719,15482936,16066459,15097588,5852317,40971961,18005163
198,000671,2017-10-11,-0.03013698630136985,-0.024657534246575352,0.13892925932650077,26880.5,205710.78887723948,2772,131676545,113228476,1001018,1244586,19171920,11687117,14269013,11496191,19420184,15527981,14064290,15338010,16490871,8869937,9333715,6682986,37925534,42381668
199,000672,2017-10-11,-0.00982318271119842,-0.00982318271119842,0.22512398995192223,17153.0,92485.18330921352,2046,56410512,32304437,1429519,1041351,11483015,8465576,10400869,8208872,11122387,5503743,5398474,3505541,5977855,2299107,3447048,1338455,7151345,1941792
200,000673,2017-10-11,-0.008525149190110826,-0.007672634271099765,0.425291423630727,17512.5,100930.81727651742,760,24028087,16406677,402142,700541,3108993,4112169,2657574,3288927,3887985,3049987,3984417,2660671,4321122,1022283,842312,870732,4823542,701367
201,000676,2017-10-11,-0.0028149190710767824,0.0007037297677692234,0.44835555799567484,14110.0,82922.92082022759,1004,17706649,17160423,782040,893216,4752080,4064804,3527679,3239916,3003347,1778807,1716729,2663981,0,1711469,423600,402143,3501174,2406087
202,000678,2017-10-11,0.0,0.0,0.4280492357467429,10860.0,175364.87419080507,446,22999533,0,1127720,0,3536740,0,2800975,0,3255285,0,2283088,0,1452525,0,884185,0,7659015,0
203,000679,2017-10-11,0.004439511653718142,0.0011098779134295356,0.43106491129256197,15274.5,52087.11630583087,436,7500987,4624961,344238,526617,2170731,2446306,1992391,1245341,1568329,406697,216240,0,0,0,458327,0,750731,0
204,000681,2017-10-11,0.06621480709071959,0.06882168925964538,0.3752971202350875,24695.0,271110.69572818204,2618,98009030,146573175,784484,2554636,11100089,11054026,12758133,12466375,13606129,18374375,10079111,12787719,10182078,11523802,5261561,6114616,34237445,71697626
205,000683,2017-10-11,-0.018404907975460016,-0.021472392638036797,0.06588759015693266,16473.0,224437.9078259889,2472,113551827,76113350,2273648,1620264,10851209,7999928,9639353,10704400,19318748,13494179,11401156,10643090,11270664,5029861,3617736,4001889,45179313,22619739
206,000685,2017-10-11,0.0009149130832570851,0.0018298261665141702,0.33547059389001976,10980.0,104886.82179053246,1061,20805574,23801586,760048,612758,3767813,4767008,4378715,2893106,4500763,4691321,1897447,1997257,2663168,1057520,1772442,2256316,1065178,5526300
207,000686,2017-10-11,-0.006685768863419317,-0.002865329512894088,0.24544522609863847,11506.0,169557.53794354104,1820,51946095,50608855,1062335,1449916,5710287,8965065,4766925,5569525,8188401,8837880,5494094,3602196,2647282,1709311,3996243,1800083,20080528,18674879
208,000687,2017-10-11,0.0126050420168069,0.009803921568627416,0.3309772386440251,29060.0,133501.80997329458,1862,68041153,69049466,1018447,932404,9364503,8361285,11671994,10113781,14730164,13361309,7212531,10012331,7304890,6675026,3550997,3699201,13187627,15894129
209,000690,2017-10-11,-0.023199023199023117,-0.008547008547008628,0.23914701706649438,10595.0,70302.25194053809,1173,18655766,15445888,993910,2098599,5412082,4783177,3727079,3023044,1823718,2048217,1679494,244800,660157,0,1252520,407000,3106806,2841051
210,000691,2017-10-11,0.008097165991902688,0.020242914979756943,0.33906450760705775,14079.0,62864.56650294222,477,6499831,8926813,332587,373332,2038070,2733265,1233760,1585734,2081036,1893204,0,508351,0,1393514,0,439413,814378,0
211,000692,2017-10-11,-0.0014306151645206988,0.0,0.33292182510648266,13214.5,63794.46203154543,440,6889143,7624175,260076,518759,1542409,2456880,1185873,1570462,1411365,885294,968151,910950,1078497,747730,442772,0,0,534100
212,000697,2017-10-11,-0.03349460364719026,-0.024190547078526303,0.5799213891629528,41984.0,211451.24210282313,2148,145004492,90903707,894739,995499,9157588,9371705,13026802,12888171,21349507,18416623,20094930,11059283,13570861,8639966,6824177,6268388,60085888,23264072
213,000698,2017-10-11,-0.0014727540500736325,-0.0014727540500736325,0.28524548892102286,13620.0,93523.49258155248,566,12589381,11927747,442213,444778,2710899,2672910,2157428,1447335,2798057,1625056,1410275,697014,743415,1954386,0,2204868,2327094,881400
214,000700,2017-10-11,0.011080332409972415,0.01939058171745156,0.1783610509203883,18350.0,213706.95289246642,1640,40238333,73995237,1201056,1258547,6946085,8121028,6136758,6913645,5225833,12669810,4274851,6900902,5468773,5952727,1345561,1845798,9639416,30332780
215,000701,2017-10-11,-0.006240249609984372,-0.0070202808112324044,0.41667971375025964,16562.0,88823.33777584245,946,26635495,14328632,575513,520367,6132131,3473738,3453231,2606477,5833038,3718942,1908697,2009043,1803293,664510,2187522,492780,4742070,842775
216,000702,2017-10-11,-0.0077605321507761005,-0.003325942350332567,0.2922705322290075,9905.5,61443.67429650003,952,14135785,11278986,1223410,1237454,4031044,4187426,3660972,2151257,2095587,1820446,1148316,484547,360000,365016,0,0,1616456,1032840
217,000703,2017-10-11,-0.02704363859864778,-0.01290719114935468,0.3872694394198871,8045.0,67276.64308142688,1771,24730371,20329427,1369213,3691770,5172747,5311624,3157055,3886408,3957489,2846229,2773935,1432093,2662676,1446146,1302104,899685,4335152,815472
218,000705,2017-10-11,-0.010309278350515427,-0.004686035613870709,0.29191652042048394,9742.5,53675.504892488825,1336,20463617,17340180,1409913,936745,5472297,4536666,4081136,3688254,5584158,3662497,2422781,1639359,656972,1647151,836360,0,0,1229508
219,000707,2017-10-11,-0.0028288543140029265,0.0014144271570013522,0.29138932689895514,12780.0,56081.44506180594,588,9450295,9279445,483106,484901,2535298,2247907,2120412,1634388,1876502,3535646,1387617,1376603,332280,0,0,0,715080,0
220,000708,2017-10-11,0.004411764705882337,0.00808823529411784,0.41720790759085663,17862.0,99523.18974785635,1062,29743175,22561232,1002832,623416,5936315,4988772,4615763,4069457,6454759,5413278,2409948,3401524,2084426,1757520,1841452,810445,5397680,1496820
221,000709,2017-10-11,0.0,0.002277904328018332,0.079710947457469,21168.0,345710.3455998301,3053,141815219,157150567,1478090,2090135,13379084,14650438,13457005,14765377,15186823,20207944,10305255,10010089,6142096,8127516,6725820,7664643,75141046,79634425
222,000710,2017-10-11,-0.018826297984997797,-0.018679217531989978,1.3793855285819185,54220.0,212091.82464044655,2432,161749379,136574111,964409,1068177,9567900,10737567,14108524,12491334,27452187,23942075,25690099,13564555,17318400,13383737,20074833,15649819,46573027,45736847
223,000711,2017-10-11,-0.0013793103448275223,-0.0075862068965516505,0.5133914172109431,14440.0,67807.15810739125,797,17137708,10545916,446570,721961,4556598,3527374,3557775,1877104,3226588,2139627,1714366,1699050,783605,0,1328290,0,1523916,580800
224,000712,2017-10-11,-0.023977433004231163,-0.016925246826516194,0.46969409320768024,23122.0,202800.3059005883,2051,104299165,71503700,875953,1536068,7711792,11053234,10466960,8119845,13597115,12245797,10544262,9901246,7308833,5152205,8810776,6692369,44983474,16802936
225,000713,2017-10-11,0.001175088131609936,0.001175088131609936,0.3310552790640005,11108.0,52242.40494160673,660,7985501,10253546,580952,826982,2593311,3113008,2292057,1961263,1919433,1450253,268784,757045,330964,752424,0,860374,0,532197
226,000715,2017-10-11,0.01098901098901095,0.008241758241758212,0.40180798229600945,5490.0,57520.46872443851,738,5252898,8912632,412109,1018124,2216836,1942689,1352383,1499194,573810,1775839,697760,784383,0,693403,0,0,0,1199000
227,000716,2017-10-11,-0.0030911901081915882,0.0030911901081918103,0.17799190667192077,12940.0,79148.06355095966,1322,25386881,25330665,1195090,1367732,4918010,6079177,3515761,5047476,3697666,5829012,9157706,1345937,1840901,1376070,414002,1313889,647745,2971372
228,000717,2017-10-11,-0.01520912547528519,-0.0038022813688212143,0.14907264803635054,42900.0,254808.241774345,2807,178478235,185364911,1248657,1360968,12126826,10795039,16901561,16318808,27935205,25682778,21399321,15145762,15614307,13520005,13147399,13171927,70104959,89369624
229,000718,2017-10-11,0.0,0.0,0.13353952520429796,2240.0,70602.39640087173,1762,20934942,17113264,1543581,1074615,4380537,2393928,2819593,1677489,3626000,3005241,2718137,3228989,1596606,1695085,1930189,1316230,2320299,2721687
230,000719,2017-10-11,-0.0037523452157599557,-0.0028142589118198558,0.3519803384135766,5325.0,57255.089952656155,917,13672066,8418668,916361,711334,2715553,2471830,3500079,1180887,3710112,1444869,486203,797456,669738,309140,465405,418427,1208615,1084725
231,000721,2017-10-11,0.00917431192660545,-0.001310615989515096,0.2523280492357995,11452.5,70340.17435443665,914,18119303,11704990,842766,879761,4431680,3757490,3244064,2617509,3251435,2434674,1673285,911646,1774234,701046,411965,402864,2489874,0
232,000722,2017-10-11,0.0024390243902439046,0.004878048780487809,0.3584629277332923,17318.0,77709.97670239715,1177,26444166,22571889,1014513,926035,6582771,5654815,5581069,5594019,5982150,4491251,1680832,697596,1665660,1339003,411822,894278,3525349,2974892
233,000723,2017-10-11,-0.01363636363636378,-0.012500000000000178,0.22168888665000328,26130.0,213502.1033126255,1579,68460206,63544296,1146381,989268,6645965,7731411,8353535,8560230,12366674,10823669,7494190,6492316,4704305,4931430,4904333,4060452,22844823,19955520
234,000725,2017-10-11,-0.012526096033402823,-0.0020876826722338038,0.08014208942788772,361080.0,1878556.8788161033,3597,1738229313,1564082748,70305,71733,4716980,4360436,13253519,12471418,36597306,37824983,56087731,43137767,53159812,55317316,44673252,54125962,1529670408,1356773133
235,000726,2017-10-11,0.008203445447087843,-0.001640689089417502,0.3088645782171636,7284.0,44424.66950207095,1558,20387819,12744669,1615340,1084003,6797738,4205674,4657636,3252392,3773165,2382589,1816661,533960,691160,642843,403104,0,633015,643208
236,000727,2017-10-11,0.0,0.010273972602739878,0.060114061713646895,13024.0,241498.78864788506,2383,73713263,104861139,1473246,1781918,8586063,9763423,6203211,9156643,9025265,13424524,5368795,8478666,4360440,9037434,2582295,4526113,36113948,48692418
237,000728,2017-10-11,-0.007779349363507881,-0.0028288543140029265,0.28261261364459983,29694.0,128859.15633253321,2504,95238675,91895981,909218,1958114,11510551,12200075,12579409,15904380,18346143,18296760,13914899,12791529,10860548,8102374,8489306,5254119,18628601,17388630
238,000729,2017-10-11,0.010719754977029039,0.007656967840734996,0.13514223004913858,6580.0,154335.59164301635,2338,31936405,77028616,808118,3550706,4020266,8100848,4890845,11501375,5076300,8750883,2797897,5268393,6244842,6558657,2191825,4038163,5906312,29259591
239,000731,2017-10-11,-0.005847953216374324,0.0,0.30426509335221197,14500.0,78145.25325131537,789,20360775,12054032,764785,621379,4592499,2694735,3849695,3124956,4027220,2233434,1394380,917221,1614185,926208,2609971,854499,1508040,681600
240,000732,2017-10-11,-0.026726057906458767,-0.020044543429844075,0.4510301303302659,15947.0,121525.29761145468,1586,40213374,23446192,1276044,1224487,10804836,4709707,6774030,4147435,7152359,6674593,3613017,1184471,693834,985567,430110,0,9469144,4519932
241,000733,2017-10-11,-0.007602339181286721,-0.0011695906432750425,0.47221460650461394,17050.0,138711.4896713847,1311,40169118,40265314,643881,1930305,5765377,6485918,5356722,3915564,9651519,8251600,4248661,3206562,3224498,2036524,935888,0,10342572,14438841
242,000735,2017-10-11,0.029487179487179382,0.026923076923076827,0.13642219358938867,70476.0,1181971.9461022739,3282,540722807,386589313,1059469,1226387,12152318,12559984,17556853,19146145,30243981,35102482,28038717,27069602,24966516,19329059,25254084,28302891,401450869,243852763
243,000736,2017-10-11,-0.022031823745410017,-0.008567931456548328,0.43195378192924805,17820.0,57850.12628221003,1431,31007646,21552380,1176927,1345748,7449970,7236540,7240843,6597625,8248363,2781251,2780149,2096675,1378949,0,2218995,421313,513450,1073228
244,000737,2017-10-11,0.014858841010401136,0.007429420505200568,0.17715113570302363,14007.0,61459.73145467004,1444,25117272,25597766,1171030,1316783,7552952,7035259,4793418,6057575,5386130,5080365,1913743,2586429,2096745,1718297,914508,1300054,1288746,503004
245,000738,2017-10-11,0.0009955201592832807,0.0034843205574912606,0.48212380804635613,20100.0,153311.4369380214,1736,54051141,60292788,1213811,925341,8249501,8692608,7690337,6641332,7795219,10423980,10913246,5609242,5216081,2946464,5195966,4343582,7776980,20710239
246,000739,2017-10-11,-0.0013192612137202797,0.003957783641161061,0.18072699123883404,4578.0,108026.67439950562,1761,18735872,26238105,1058102,3000422,4543089,5940438,3456480,5293085,2409989,4362223,1176484,1375655,683522,983789,494424,1795047,4913782,3487446
247,000750,2017-10-11,-0.006711409395973145,-0.001677852348993203,0.13931675306108376,6545.0,92296.35601102914,1833,24034770,32350616,1000775,2048599,4605145,9293612,3378189,4504511,4375242,4464641,1555599,1795795,731841,2052158,1694339,1281622,6693640,6909678
248,000751,2017-10-11,-0.011345218800648316,-0.00648298217179899,0.13815438105386216,20229.0,136337.34385803962,1998,65424181,55748130,1431084,1438812,9026080,9033558,12121897,8931695,12466756,12010403,5126341,4591782,4819255,5175376,5354480,1293813,15078288,13272691
249,000752,2017-10-11,0.0006798096532971698,0.0047586675730795225,0.4275534379258709,21802.5,114928.84656181218,1184,28985072,39351483,763534,834939,4948741,5469895,7217226,5984843,6020472,7110633,4013689,5427154,2117960,3625026,2252460,1810792,1650990,9088201
250,000753,2017-10-11,0.008733624454148492,0.008733624454148492,0.16005851517575295,12012.0,69229.35175704343,819,12436404,15099643,686926,756364,4148899,3414612,2004139,3341265,2089717,2623957,1462680,1893179,678295,632896,1365748,963641,0,1473729
251,000755,2017-10-11,0.06313993174061427,0.04436860068259385,0.13340479319103143,14676.0,390872.7981551385,1938,42962662,63586606,1438818,1673769,8403922,8097285,8472283,7803283,9971435,8779140,4749603,3836791,2806647,2715278,834972,0,6284982,30681060
252,000756,2017-10-11,-0.00909090909090915,0.002272727272727204,0.3593709076894349,22984.0,235488.90456847672,2405,108152606,112775279,1951851,1732522,8815682,11258472,9327382,11475172,15158299,14502830,11071288,11812250,8919904,10987248,5316917,6593674,47591283,44413111
253,000757,2017-10-11,0.03360215053763449,0.018817204301075252,0.2073516662689124,19262.0,76398.10366653552,1288,22114024,35925758,934907,1245012,5018453,7296970,6336336,7171247,3958926,7145442,2288698,5312133,1903424,4032418,442800,2145356,1230480,1577180
254,000758,2017-10-11,-0.0013262599469495706,-0.0013262599469495706,0.17074819144295017,8250.0,73078.9979894368,1952,30031622,26004919,1410997,2640027,7373979,7090966,5949606,4875315,5332697,4501620,2771474,2509457,2451890,2956693,948697,405114,3792282,1025727
255,000759,2017-10-11,0.019459459459459483,0.018378378378378413,0.3002848925399764,16776.0,87168.20083180712,949,11130947,25841887,766240,816409,3795515,6391464,2589442,2953781,2244117,4375792,972512,1251208,361845,2101665,401276,3722381,0,4229187
256,000760,2017-10-11,0.0050864699898272026,0.00915564598168861,0.32473464046279454,7387.0,104367.40040366976,916,12101600,18775860,1145549,530884,3315517,2900234,2814678,2843351,1725974,1330186,575412,742590,772846,1362237,409339,430220,1342285,8636158
257,000761,2017-10-11,-0.016528925619834656,-0.01157024793388417,0.13027065112079475,14900.0,125404.07477836625,2163,65826071,41405745,2069522,1420022,11052160,8740323,9592039,9719026,10307932,6559436,2756844,3776103,5281333,2772527,2216207,843794,22550034,7574514
258,000762,2017-10-11,0.0024962556165750716,0.017973040439341004,0.35529921854680785,65769.0,267439.58041960397,3180,231459522,260869234,1077937,844826,12525358,12882558,15227262,19956479,33801314,41968000,31475817,32097955,21246859,26107293,18099740,18086994,98005235,108925129
259,000767,2017-10-11,0.0028409090909089496,0.005681818181818121,0.11953039195122193,3168.0,82765.75318988695,868,8069685,16800731,272159,861183,1176002,3076266,852287,3259079,996948,4560211,1040130,1458239,0,680180,0,944997,3732159,1960576
260,000768,2017-10-11,-0.005232862375719405,-0.007849293563579218,0.41232379768969984,28545.0,183969.1241105535,2148,99892483,74721258,1286594,1350112,12978914,9882739,13625340,10717238,15692359,14602277,10777539,6848055,8255494,8478545,9017497,2731704,28258746,20110588
261,000776,2017-10-11,-0.0036534446764091566,0.0005219206680584509,0.36070196795905574,36271.0,235212.96093086485,2822,140528228,160871550,1134573,2622076,9545294,14856602,14369626,15304428,23310883,29711186,13278867,18342646,15030389,12601555,11259636,8912447,52598960,58520610
262,000777,2017-10-11,-0.001734104046242857,0.0011560693641619046,0.5682516904679308,15552.0,94606.99505400774,926,23015911,16236374,848520,924985,3782032,3759490,4244630,3335177,4498185,3986759,2685187,1455287,1316885,1833579,866229,419698,4774243,521399
263,000778,2017-10-11,-0.00940438871473348,-0.0031347962382444194,0.13595980924781523,12103.0,143357.96575416808,2206,56019864,51382488,1431560,1936149,8513192,9282449,7685296,7873668,8877659,7370655,4256677,4644959,1423242,3130980,2166419,1270003,21665819,15873625
264,000779,2017-10-11,0.01965757767913745,0.0069752694990488084,0.49787782925315444,15580.0,62783.992592685456,1003,19762013,15550169,898530,789442,5232726,4147396,3765166,3490228,4355973,5296955,1945082,933666,1324896,364320,1345290,0,894350,528162
265,000780,2017-10-11,0.0,0.0037878787878786735,0.22921440897774922,10680.0,85435.5637860594,530,10730985,8953325,429835,371152,2226166,1905232,1302731,1784855,1192985,1215988,2215099,1800590,715169,395032,0,0,2649000,1480476
266,000782,2017-10-11,0.012961116650049842,0.016949152542372836,0.31231355371324915,20240.0,86877.1661380383,1031,20576926,26450049,538914,661995,4815625,5574659,3941330,5157110,4064013,5855830,2958425,3309357,1304083,1642911,0,828048,2954536,3420139
267,000783,2017-10-11,-0.003054989816700715,-0.0020366598778003286,0.2161010596346327,10780.0,174312.62437702148,2066,50682323,53452107,957872,2537952,5576116,10311969,5516820,11253009,5991198,6649180,4133327,2994794,2019036,1486801,1366963,3155892,25120991,15062510
268,000785,2017-10-11,0.003451251078516071,0.00690250215703192,0.43919667113762034,15158.0,70092.5558523668,696,12145617,15072174,507544,408904,3053421,2960559,1550780,3618687,3531515,4110141,972134,2060891,641160,1397752,0,0,1889063,515240
269,000786,2017-10-11,-0.016820401519262007,-0.013564839934888773,0.33428488808200346,63210.0,309163.03487661114,3046,271054752,209730804,953477,832981,13677657,10492656,19930018,16406261,41675412,27013525,37243818,19522740,28883347,20017134,17295447,15750956,111395576,99694551
270,000788,2017-10-11,-0.00956022944550683,-0.002868068833652093,0.23120267925153745,7357.0,84814.17227842975,2048,38999580,34938533,1722777,973949,7061504,5821853,7072039,5947061,9626627,7234305,4086614,3619004,3738061,3287977,2609510,2147477,3082448,5906907
271,000789,2017-10-11,-0.02383654937570956,-0.022701475595913845,0.17929729888618692,25085.0,108345.96766898326,2419,99843914,44729844,2043937,1142788,14320403,8273082,20217260,6705065,27710055,10344049,12937410,5523532,5533482,2028210,7466153,1342660,9615214,9370458
272,000791,2017-10-11,0.11164465786314515,0.11164465786314515,0.16277476980635192,38675.0,421956.0683988867,2624,192858190,147115931,2336869,699680,14461320,7370920,17418191,11632548,27372656,21136873,16472757,15844124,11569315,14009442,12665356,7635480,90561726,68786864
273,000792,2017-10-11,-0.004079254079254135,0.011655011655011593,0.2883740652843172,187807.0,1188730.7117980302,3545,820008748,893841277,297195,336509,7614169,8389979,17890198,19376172,44954208,42626337,39317473,47926496,33746975,38442122,44657075,48200648,631531455,688543014
274,000793,2017-10-11,0.0029325513196480912,0.008797653958944274,0.2679275144671005,10780.0,328441.25478720735,1458,51071731,37457158,725055,1632000,4723211,6684348,4244868,5636731,4816271,7844446,2584821,3548868,2679562,4879180,865471,951393,30432472,6280192
275,000796,2017-10-11,-0.01935038009675194,-0.011748445058742174,0.33885116898544015,15746.5,92873.84164402095,1824,41190700,31832925,1102733,2223135,8614965,10396540,7969064,5002568,8400612,5208772,4198673,3135840,2778560,0,2116460,445160,6009633,5420910
276,000797,2017-10-11,0.021600000000000064,0.009599999999999831,0.3129490360589586,24990.0,152491.12821988855,1596,48928220,63166196,1022132,828393,6794769,7655992,7258951,9194424,8573961,12554431,7878841,6788935,5250259,4727480,1295961,2132327,10853346,19284214
277,000798,2017-10-11,0.00849256900212314,0.011677282377919207,0.3310824977493449,11460.0,40757.860890271615,809,9158695,11884120,866280,830210,3476005,4249382,2286548,3264496,1703835,2194465,506437,215264,319590,699913,0,430390,0,0
278,000799,2017-10-11,0.045203588681849594,0.052795031055900665,0.4992280964750189,118525.0,470457.3390095784,3374,367747996,496443993,485864,778598,10013891,10133538,17566395,20065468,41336599,44517044,34468584,40892364,35224370,38270472,35590018,32413003,193062275,309373506
279,000800,2017-10-11,-0.02351313969571245,-0.02766251728907332,0.25410660036554367,85156.0,424601.7039523337,3243,370052052,307571335,856404,893805,11110827,11925571,19402608,17753660,41555240,42621376,39435354,33727966,29406012,23949959,31787236,21474434,196498371,155224564
280,000801,2017-10-11,-0.024054982817869552,-0.01718213058419249,0.2153459011870897,17390.0,86361.68177154829,1644,51733704,23362938,1681544,1241476,9539527,6395758,10753585,4376978,9836258,6121543,6759670,2643923,4991197,1692548,1332664,890712,6839259,0
281,000802,2017-10-11,-0.009310986964618184,-0.004345127250155234,0.41223233996162484,16100.0,110420.20329155744,1527,41070217,24121895,1345903,1388356,8005988,6630918,8800831,5361184,7578174,4579426,3859062,1369335,697541,1734808,1687040,412672,9095678,2645196
282,000809,2017-10-11,-0.011235955056179692,0.006741573033707926,0.12514051061151302,13795.0,205948.10081052996,1266,42636565,37260510,953673,1048576,4841637,6245108,4157034,4941281,6339698,5184741,3581405,2517412,1417237,668404,2714242,918262,18631639,15736726
283,000810,2017-10-11,-0.006306306306306353,-0.0018018018018017834,0.3970173830469738,11040.0,43897.7305060557,781,11504979,6186160,973427,687539,3798773,2595970,2330791,1643914,1580959,820292,902679,438445,1294590,0,0,0,623760,0
284,000811,2017-10-11,0.013443640124095158,0.014477766287487093,0.29309681399385934,22183.5,114611.93335586801,1088,27469950,35429131,1049885,802687,6396646,4859108,5397331,5253683,5372235,7229862,2045120,4772881,1367918,3598480,2157721,4533026,3683094,4379404
285,000812,2017-10-11,0.003416856492027387,0.004555808656036442,0.3234988403907629,15903.0,182614.56817299704,736,14046256,17522719,732241,697805,4242516,3259062,2486257,2395871,2535295,1903864,713848,1145086,324576,0,1683181,400011,1328342,7721020
286,000813,2017-10-11,-0.009803921568627416,0.004901960784313708,0.17817244315868205,1655.0,42265.81738901826,2100,18422994,8917067,3404210,991703,4595954,3042597,2833771,1462470,1778369,1548789,2009840,735055,756294,670635,1720382,465818,1324174,0
287,000815,2017-10-11,-0.0385831752055662,-0.024667931688804545,0.5553560184874502,15520.0,76869.25593556368,810,21882190,8290084,680614,718191,4139094,3799669,3513194,1484953,4472875,1385736,2473282,444074,2411908,0,997214,457461,3194009,0
288,000816,2017-10-11,-0.02037617554858928,-0.014106583072100332,0.1389664640054342,24414.0,256117.4113803053,2113,107406135,94676221,783928,2072514,5215930,11009594,7200740,12334969,14670679,17792856,7230696,11462955,12047172,6111673,6674011,4859344,53582979,29032316
289,000818,2017-10-11,0.024638912489379772,0.01954120645709434,0.25623793741382944,22249.0,127637.22102873186,2111,68677423,63232593,1395722,1426217,10704167,9085748,10357164,8673833,14956836,16245735,6384721,8194971,5248781,3747757,4049888,3542830,15580144,12315502
290,000819,2017-10-11,-0.02034084661902147,-0.004947773501924102,0.5835925224828679,18100.0,115008.44758757924,971,19988326,23253710,947554,777453,5363963,4384156,4527278,3405075,4561195,5152034,2710640,1226965,977696,2449996,0,452500,900000,5405531
291,000821,2017-10-11,-0.0022321428571427937,0.0029761904761904656,0.3700812732077326,18620.0,76290.3959375957,1319,24764333,24000403,1325847,951596,8951741,6343269,5135524,4106975,4252950,3875926,1822834,3702216,1037890,316240,400200,2253571,1837347,2450610
292,000822,2017-10-11,-0.026050420168067245,-0.026890756302521024,0.24299307817645066,30160.0,211654.03254927188,2400,121749574,84008824,986111,1485076,11623228,11438087,13193930,13185173,18566305,17763338,13479515,10788211,10820381,8897118,6820568,5261480,46259536,15190341
293,000823,2017-10-11,-0.02200000000000002,-0.01200000000000001,0.28047418511185335,41524.0,206533.53583872947,2873,154160508,77332840,827098,429619,23595754,13187062,34875651,16079300,23479870,18504431,7814813,6628719,9100491,7639089,5312787,3124454,49154044,11740166
294,000825,2017-10-11,-0.006000000000000005,-0.0020000000000000018,0.10540543954821902,16682.0,213977.35621916427,2258,88992832,67402360,1265994,2507100,10513213,9691374,9823802,7438638,11182453,8678778,8510840,7865724,6408290,5312675,4128489,2693851,37159751,23214220
295,000826,2017-10-11,-0.003304874690168158,0.0022032497934452167,0.8915324964722142,36170.0,329004.0234289216,1659,111538683,80811688,689029,793979,9233904,7090510,8623034,7540470,14484618,12730625,5544480,6983504,9617132,8168576,3573613,4113137,59772873,33390887
296,000828,2017-10-11,-0.007800312012480437,-0.005460218408736339,0.4408785182584536,15300.0,95948.26191753274,845,18651590,14657573,635910,570734,2551085,5026979,2473092,1924604,3606577,2677626,2025579,1157313,1652660,1375711,1750192,890118,3956495,1034488
297,000829,2017-10-11,0.0027297543221109777,0.017288444040036266,0.22049451532892933,25162.0,214826.51439457393,2489,103752251,109500252,2463265,982518,12140643,9348851,13534287,12381080,18405297,17772293,12332369,9207437,7882890,7219427,4918503,5899989,32074997,46688657
298,000830,2017-10-11,-0.02436823104693142,-0.01534296028880866,0.20356993356694747,39636.0,331810.25424503593,2966,238994836,159600922,1275533,1550403,12171929,13477968,15407455,15427311,30226319,23606280,24872471,18667923,20965655,13063664,13577073,10263699,120498401,63543674
299,000831,2017-10-11,0.012413793103448256,0.010344827586207028,0.2906521279898169,37466.0,193795.16355752258,2491,111216452,124918408,932015,1289157,11234664,11730883,13462719,16978781,23111525,22797819,11038371,14537153,11616262,10520769,10658456,7831768,29162440,39232078
300,000833,2017-10-11,0.026410564225690436,0.03241296518607428,0.210012118358872,17200.0,99897.17952013791,1574,27272322,49733249,1230768,1371231,6646887,8288752,5783063,8535745,5635603,11246076,2544410,4427052,1978425,3471897,2258352,4076885,1194814,8315611
301,000835,2017-10-11,-0.0041407867494824835,-0.0041407867494824835,0.3603428189708187,14497.5,143408.48044571406,718,19918447,10314298,781909,838660,3376915,3683205,3319820,2017205,1433052,2286488,2109804,1171564,2002582,317176,1824454,0,5069911,0
302,000837,2017-10-11,0.002614379084967311,0.0013071895424836555,0.23974479285980346,11871.5,67927.53723574447,1018,19295025,16296264,951622,1095103,4197650,4422466,4689877,3433440,3970142,3022968,2594498,1147530,623871,1004727,889365,876494,1378000,1293536
303,000838,2017-10-11,-0.0357142857142857,-0.02571428571428569,0.14864335915994703,13760.0,93540.44390598183,2221,55990782,30938480,1852223,2178406,12508659,9377384,10481359,5597045,9600438,4790579,3813237,4124053,4959238,358104,2197475,2194444,10578153,2318465
304,000839,2017-10-11,-0.03056768558951961,-0.03056768558951961,0.1971719771066489,116655.0,954622.6409396764,3377,711995241,591662980,680151,792476,9209745,11858360,14860521,18434949,33160625,44900334,34362325,36087252,30971256,36393097,30549747,29551045,558200871,413645467
305,000848,2017-10-11,0.002868068833651982,0.01338432122370925,0.20648352699421765,24081.0,170488.7050925363,2569,104940684,93898597,1893568,993693,13055942,9859413,13104133,9984380,22020936,16642073,15047063,14960269,6252018,7544219,3556911,5409630,30010113,28504920
306,000850,2017-10-11,-0.0018761726078798668,-0.0018761726078798668,0.24967317944511977,5330.0,77018.68499438897,455,8454530,4805088,258018,289222,1559616,1527112,1449462,927645,1403065,513608,744832,0,1365576,0,1673961,0,0,1547501
307,000851,2017-10-11,-0.0034217279726260763,0.0034217279726262984,0.33001782424772336,35400.0,137365.8541810648,1255,42487350,46112450,513687,652679,5734803,5011991,9098198,6608792,15658330,10872397,5239321,5885799,1690558,4783088,1744747,1803193,2807706,10494511
308,000852,2017-10-11,0.0014760147601475815,0.01033210332103307,0.2995701537497452,23273.0,100936.67648723013,2046,60613666,54370437,1571438,1117606,11682141,10028859,9639229,11048572,12574780,12157034,6238018,6393132,5043510,3586407,3653243,3901304,10211307,6137523
309,000856,2017-10-11,-0.022277227722772408,-0.014497878359264527,0.5632060695040818,36153.0,234278.36372188054,2522,135848710,96292564,1013778,1213957,12340625,11947263,16217768,15598702,22099168,20570077,15843392,11679470,10040607,6538062,10703562,5282891,47589810,23462142
310,000858,2017-10-11,0.0337952010814464,0.03244339303818866,0.9964591795453157,209746.0,835734.1948944239,3529,629392673,911763316,165101,170367,6180263,7391391,14293621,18137277,45722341,45270348,40023939,55698982,43579133,49409420,36567106,49715846,442861169,685969685
311,000859,2017-10-11,-0.005747126436781436,-0.005747126436781436,0.2072358797093009,11722.5,68683.39334837899,634,13941153,9138351,499679,560130,2637020,2546332,2529900,1704105,3203903,2349927,1843161,1343569,989171,634288,944559,0,1293760,0
312,000860,2017-10-11,0.012444001991040343,0.016426082628173244,0.41918615881163684,40760.0,421816.9696177928,2298,176480795,166037400,896760,841327,12059574,8674172,13323262,10930877,20093600,15158221,17129453,16962371,10446709,10514818,9356355,9653354,93175082,93302260
313,000861,2017-10-11,0.013227513227513255,0.013227513227513255,0.10886354817915783,11165.0,136468.18602601523,1223,21402350,26752967,1075150,1308564,4927608,5200572,3989028,3533419,3490966,5579261,2476265,1314886,3722301,2445817,451620,0,1269412,7370448
314,000863,2017-10-11,-0.008379888268156499,-0.006983240223463638,0.29066238422906554,4991.0,161484.89603354537,606,12429212,4896048,500949,352423,2651955,1598036,1607451,976703,1038241,801632,906800,265949,767744,320210,462024,0,4494048,581095
315,000868,2017-10-11,-0.04700854700854695,-0.04529914529914525,0.19599285156269006,162725.0,991624.6240183584,3580,735687107,629854576,211985,285227,8383264,8227316,21710439,20436979,50887422,47853939,49132647,48323235,42138951,46531321,37908248,34169082,525314151,424027477
316,000875,2017-10-11,0.006000000000000005,0.006000000000000005,0.1571322585716594,9980.0,89268.52415963262,1013,16184683,20869882,615171,1141221,2621434,4523361,2332467,4029108,2449372,4957161,1271500,1768305,0,302400,422802,1809337,6471937,2338989
317,000877,2017-10-11,0.012019230769230838,0.020032051282051322,0.22537734683212962,43180.0,253395.56763177848,3069,173693904,196743033,1264928,952352,15690493,14016706,19795833,17005724,30307054,27191746,20819980,22405742,15768031,19032232,10970035,13871796,59077550,82266735
318,000878,2017-10-11,-0.015331010452961591,-0.009756097560975507,0.2860987129184039,32637.0,147334.46431214074,2517,115093679,85263089,1237012,923699,21389359,11061540,17890604,10458810,21402973,17190379,11614110,13766590,7957860,7154521,10796600,3070939,22805161,21636611
319,000880,2017-10-11,0.010563380281690238,0.007042253521126751,0.4758834050928077,11470.0,64568.92454363245,569,7995819,8947353,534424,417186,2847138,2028542,1776251,1349384,1832608,1955402,682646,429100,322752,384915,0,941584,0,1441240
320,000881,2017-10-11,-0.003618817852834688,-0.00603136308805774,0.6601703773918435,13172.0,93483.7637734673,630,10303275,10192676,670648,602627,2541698,2755154,2793429,1586642,1768878,784867,940698,1156596,0,0,980550,826430,607374,2480360
321,000882,2017-10-11,0.005555555555555536,0.008333333333333304,0.11024495907354663,10950.0,220227.66760683965,1069,27530649,44775683,928348,861766,3753367,4233044,3088116,3560339,3215991,6073199,1760038,4211209,3915925,3253743,888522,4260463,9980342,18321920
322,000883,2017-10-11,0.005976095617529875,0.005976095617529875,0.13938849070078047,5533.0,93062.63378583579,1299,14114898,20019023,1880733,722964,3929837,3016100,2342091,2694857,1900164,2879616,1584266,1732684,0,1684806,496184,1312724,1981623,5975272
323,000885,2017-10-11,0.017875383043922444,0.011746680286006228,0.4064444348022614,27496.0,129303.24525193841,2321,75971343,76185584,1589678,1657851,12120752,11594497,14458159,13091419,18425990,15704565,10036789,9278404,7694148,6747837,1707302,2185962,9938525,15925049
324,000886,2017-10-11,0.03966005665722383,0.055240793201133176,0.15025838330637156,33300.0,261569.38491513286,2218,94376155,146168347,1000662,1580844,6485453,9654966,9144722,16349286,17349342,21229164,9415554,12757913,9952020,14824971,5555051,7595267,35473351,62175936
325,000887,2017-10-11,-0.00890764181903414,-0.0046882325363336586,0.4990585577909803,21390.0,159532.63855852227,1827,58934153,51529761,708991,2029421,7482162,14239786,5827032,5911330,8126420,6565266,4548972,3598686,3490276,1293498,5190990,4313428,23559310,13578346
326,000888,2017-10-11,0.0035211267605634866,-0.005281690140845008,0.29146193235137063,3408.0,63488.41486331273,1519,18788877,11010405,3076035,892641,3061203,3356183,2400276,2862971,1814431,1790664,1942319,974946,2603182,0,920756,0,2970675,1133000
327,000890,2017-10-11,0.0025284450063209896,0.0025284450063209896,0.2756666296406416,12704.0,133193.9401123019,823,21665020,16100044,743207,854574,3090619,4140442,2543709,2301425,2020268,4940779,485305,1954814,1481530,683700,413454,404430,10886928,819880
328,000892,2017-10-11,0.008403361344537785,0.010804321728691502,0.2794540239058168,10783.0,120435.6726675116,888,15450140,17579305,995538,655883,4128661,3463222,2497451,3252366,1553878,2311455,1363022,1582035,648330,734764,420500,1766388,3842760,3813192
329,000893,2017-10-11,0.03879310344827602,0.028017241379310276,0.23536051252222948,18700.0,71730.81564819241,1557,28281573,34727033,1329596,1304817,6570265,7955889,5890110,8442712,6152523,5818231,4078075,4531816,1235934,2463842,858766,2256932,2166304,1952794
330,000895,2017-10-11,0.016413130504403517,0.014811849479583694,0.48752925179821677,29928.0,225853.6354021148,2629,115062596,131883993,1518296,1135004,12364913,14346097,13302194,13858804,18481351,15312544,11919446,12652288,7089055,9248345,4984073,6258688,45403268,59072223
331,000897,2017-10-11,0.0,0.0023255813953488857,0.14236445592873737,6895.0,130329.99326968323,913,16449535,14270457,1113739,866047,2790064,2984183,1693538,1714649,1972110,2492029,1461441,3680446,646499,1039836,1325044,928202,5447100,565065
332,000898,2017-10-11,0.0015624999999999112,0.0015624999999999112,0.128375273752487,14146.0,180655.11043747043,2491,79356715,85490150,1313753,2232549,9798196,10326327,9548235,9313494,9023391,12618270,8662747,7378994,5628173,5828050,5294726,5781421,30087494,32011045
333,000899,2017-10-11,0.03901170351105332,0.05591677503250958,0.15394172758520538,22852.0,165301.74703177618,2501,51996141,96241350,2009418,1531312,11954012,13677237,10407154,15210959,11112748,18005192,4984407,12290180,3157330,4548179,1748936,6596136,6622136,24382155
334,000900,2017-10-11,-0.004878048780487809,-0.003252032520325243,0.16578316324240744,9210.0,50919.504246821714,1378,17192263,13573651,912346,1693179,7901791,3760926,3440947,2751737,1796584,1270574,791824,1000028,345168,623096,1374467,1860111,629136,614000
335,000901,2017-10-11,-0.010529891304347894,-0.005434782608695676,0.7986920873453947,20566.0,82488.69750783715,1358,39123932,26244896,1471014,714951,8399927,6107416,7165336,4156540,9262303,7683406,5018365,3680557,2133194,1343810,1827080,882428,3846713,1675788
336,000902,2017-10-11,0.011776251226693013,0.01079489695780178,0.2545650797218975,11286.0,112447.4947219936,1603,23701699,41269805,547726,2941718,3800072,10471937,3993872,4377416,5754202,5705718,3389542,3867873,1715099,3151331,423488,411827,4077698,10341985
337,000903,2017-10-11,0.004901960784313708,0.002450980392156854,0.11136884947174967,9020.0,113828.43097421089,1345,23833862,32629902,1306578,1238023,4045683,6728377,3028617,4406916,3420676,4866740,1148888,5420466,0,1070632,1653562,2534302,9229858,6364446
338,000905,2017-10-11,-0.006531204644412147,-0.0014513788098693414,0.3076179932778914,23171.0,101121.92928252244,2007,62641297,47980463,1285148,1394103,10548515,10180042,11434207,11495091,11638964,10876080,8051587,3330077,6441972,2870822,3018940,1294279,10221964,6539969
339,000906,2017-10-11,0.009761388286334105,0.0032537960954446277,0.34489405787374694,8293.5,38477.827593756534,714,7799147,8828865,1187845,579513,2336114,2789196,1349638,2447196,2438440,2008036,487110,699674,0,305250,0,0,0,0
340,000908,2017-10-11,0.0,-0.002621231979030081,0.2472701121519533,9210.0,97397.71584617681,952,15741410,15352195,1551228,741200,3842905,3847105,3559095,2477018,3117432,2234733,1694307,1431086,0,690226,1245343,0,731100,3930827
341,000909,2017-10-11,-0.01711840228245365,0.010699001426533572,0.37685743039701447,20300.0,132372.11868566432,1386,47436708,38652044,885812,1035526,6525401,6653027,5707517,4983388,9948403,7433209,5840896,4331068,2732385,2398953,4547493,4801506,11248801,7015367
342,000910,2017-10-11,0.020427112349117982,0.03064066852367686,0.47453718324969907,8788.0,110682.32739220305,2065,29742507,43862400,3357693,785103,6725849,11925871,3081978,7432371,4671782,4505884,4571959,3733151,1066554,1447683,896828,2238331,5369864,11794006
343,000911,2017-10-11,0.027918781725888353,0.025380710659898442,0.30236314558365435,20655.0,128743.27467459805,1528,35003200,47578299,969242,1136098,7144518,7766669,6866312,9655208,6632939,9715523,4381671,4619953,3323407,3749257,2234023,856632,3451088,10078959
344,000912,2017-10-11,0.03297872340425534,0.04042553191489362,0.18669397140648544,24450.0,110493.22752916951,2539,63985059,88630573,2342209,1850362,11405138,13022084,12161850,15383175,13814122,17886689,9672684,10804982,3702833,7337107,3714796,7530944,7171427,14815230
345,000913,2017-10-11,0.005571030640668662,0.008356545961002881,0.8137366250565501,16123.5,80469.83520408512,486,8823548,9171174,506420,412249,2586246,2168697,1813243,1327660,1060873,1432706,747672,1267595,359000,342657,0,407250,1750094,1812360
346,000915,2017-10-11,0.03287197231833905,0.038638985005767124,0.8162417391089023,36020.0,301750.7078551825,1807,94162746,132994744,1159957,709457,8144273,6868053,7010697,7515106,16209928,13157505,9637040,9575969,12077845,27777966,4872106,8181445,35050900,59209243
347,000917,2017-10-11,-0.006445672191528584,-0.004604051565377465,0.29850943917444017,19512.0,223234.8476140938,1324,77009937,41967092,1045796,725817,5286612,5854386,3809902,4702336,7949617,9504994,6337811,5112807,3308221,3398236,3012983,2693861,46258995,9974655
348,000918,2017-10-11,-0.008403361344537785,-0.008403361344537785,0.27779993593900176,12146.5,107766.0321439945,660,20617656,7384739,571431,613681,3100636,2684614,2532505,1383923,2600603,1613106,3835705,223965,642250,0,3074334,865450,4260192,0
349,000919,2017-10-11,-0.01011029411764719,-0.01194852941176483,0.25713359602322267,27550.0,124375.22319159645,1791,71123648,53612378,769256,882157,8913966,9769382,9112256,7696038,16728472,12618944,9549211,8362312,7523723,4282782,5061582,2298285,13465182,7702478
350,000920,2017-10-11,-0.010690789473684292,-0.009868421052631637,0.32741995704680066,20536.0,116277.05199804604,1379,47000962,22761384,940998,908564,7649915,6344660,8430237,4203608,9022944,7913781,5131634,1710135,5605878,696940,820905,430316,9398451,553380
351,000922,2017-10-11,0.0023696682464455776,0.005924170616113722,0.2743728296925352,16045.5,94740.8747489066,946,20926987,21126840,872924,843674,4127716,4532996,3456185,3906747,3390234,5065353,2037982,2785469,955750,2612384,1676468,846929,4409728,533288
352,000923,2017-10-11,0.004515456755818104,0.007294199374783039,0.6862414758085048,26149.5,89708.74120353184,1760,47221394,45759411,1065499,1147995,9250587,10334471,8348796,9120450,12810147,11637411,5095068,5145686,3749539,3459709,2192011,1337971,4709747,3575718
353,000925,2017-10-11,0.02521489971346713,0.002292263610315093,0.6499814513913283,15714.0,107453.92276748207,720,13304081,19128528,449509,1087520,3012455,3462956,1917402,2890802,2122437,2576598,951246,2013650,664680,1811676,417772,438000,3768580,4847326
354,000926,2017-10-11,0.00241740531829171,0.0,0.36604710298117066,6215.0,126075.808870225,1149,24044567,16538500,1392051,914705,3892241,2850715,3059836,3716108,4429248,2771440,2560551,1460874,1759156,1426840,449182,427592,6502302,2970226
355,000928,2017-10-11,0.011848341232227444,0.01540284360189581,0.21136732506954514,17180.0,127221.8909280774,1595,39484033,48009429,1508239,1288883,7561697,6816620,7942855,8355010,8035418,8201285,4293965,3954719,1705392,3128392,3543590,3942635,4892877,12321885
356,000929,2017-10-11,-0.03594080338266381,-0.03453136011275548,0.4153360441179351,13745.0,423892.6450401465,1168,25296252,36765558,817876,1140898,4179151,6002631,4095932,4416125,4376362,4067110,3450075,2304494,2291749,913485,427752,492660,5657355,17428155
357,000930,2017-10-11,-0.0174825174825175,-0.006993006993007089,0.26333746088565285,49700.0,231801.2200761603,2951,200100180,159327460,1137066,1181565,13369570,13921530,19194077,18195568,34093926,31305751,20493354,18110952,18246997,16767867,16134619,12016936,77430571,47827291
358,000931,2017-10-11,-0.006485084306095956,-0.0012970168612191912,0.2627000387324625,11550.0,65577.36300616238,861,15705650,11510342,989050,836080,4231501,3444707,3854853,2002953,2940474,2482750,945294,1443041,1015644,376451,0,924360,1728834,0
359,000932,2017-10-11,-0.03767123287671237,-0.02168949771689488,0.16822022636458853,41650.0,445660.947889105,2727,204951060,237705662,1387830,1188095,10461788,9973093,13331774,13800362,20859263,29534533,15478230,19219418,18455483,13519887,18264201,12996927,106712491,137473347
360,000933,2017-10-11,-0.024215246636771215,-0.022421524663677084,0.20099229651275194,57881.5,586310.2413518976,3088,335862157,355638777,656896,1846578,8841404,13498541,13049704,17036203,32967237,30801330,22265764,26661473,20341398,19731707,20938805,17630061,216800949,228432884
361,000935,2017-10-11,0.03348623853211019,0.03944954128440359,0.3896907640641639,49933.0,280150.7771915079,3133,198416225,202865906,1186538,1120200,14050414,14806564,20039023,21307159,31161139,29983430,22063619,21313684,16511331,12670870,10690222,16313107,82713939,85350892
362,000936,2017-10-11,-0.0027932960893854997,-0.0027932960893854997,0.26365561864081993,7865.0,65760.7966667739,737,13387591,9998137,522071,573838,2477543,2571742,3503841,1845434,3249803,1415794,1149513,1673765,358000,1002758,430800,914806,1696020,0
363,000937,2017-10-11,0.0,0.004379562043795637,0.13399111306298356,8256.0,144403.0646110426,2619,37915567,64997312,2466174,2858126,6507264,9384754,4562430,7111071,5647433,8342277,3955643,5132003,3434104,4137066,2721992,4471039,8620527,23560976
364,000938,2017-10-11,-0.017857142857142905,-0.013941102756892199,1.331562956416185,55476.5,228805.9293998822,2300,164049695,126219424,900638,1128978,8972038,7762971,15805227,12636420,26705305,22398852,19431500,14161059,18483561,11868369,10879981,10104131,62871445,46158644
365,000939,2017-10-11,-0.005347593582887722,-0.0035650623885918886,0.138562019709536,13937.5,149694.72556137101,1642,42256059,43277824,1147640,1297859,6562295,8266717,4578189,5784635,6408088,7705870,5356285,4852653,3649837,1995706,2246512,2539259,12307213,10835125
366,000948,2017-10-11,-0.023112480739599484,-0.017719568567026278,0.40721361795621014,12780.0,100799.18884547171,1016,24602158,13205275,829169,718259,5060495,4516257,3555507,2087067,3945233,1983881,2341591,633020,1344480,1084473,836121,0,6689562,2182318
367,000949,2017-10-11,0.004415011037527394,0.002207505518763808,0.1999152912350157,9080.0,99409.83237276139,513,9778725,7544582,392862,716351,1769781,2220443,1054388,1373018,1294210,1617352,1199499,925708,702498,691710,872918,0,2492569,0
368,000951,2017-10-11,-0.0413514876449822,-0.023197175995965602,0.40551001190268954,17694.0,116248.08822083929,2397,76672731,46193998,2280926,1860038,10130226,10511630,11319544,8587431,18044773,10504485,9673304,3778331,5169729,3549735,7170152,2147626,12884077,5254722
369,000952,2017-10-11,-0.004892966360856343,-0.007951070336391641,0.45842237799705116,18040.0,104196.94055055581,1272,38479718,24535206,701128,1447751,5623363,7241576,5930500,5724578,8649312,4022383,3216966,1671104,3324281,2814710,2773111,0,8261057,1613104
370,000955,2017-10-11,0.00877192982456143,0.01023391812865504,0.232045420460788,18724.5,90128.60843311028,870,14380356,18777170,551713,770560,2593472,6065869,2977941,2572055,3449732,3707469,1836766,1222859,1068851,991702,415026,956256,1486855,2490400
371,000957,2017-10-11,-0.030069930069930195,-0.02657342657342665,0.2629640932085971,42510.0,312186.7884377487,2960,221964781,170562828,1202256,1364381,13074451,14404666,17155065,18609839,29269097,22747868,21481492,23702170,15168008,13836828,17361555,10648052,107252857,65249024
372,000958,2017-10-11,-0.009271523178807861,-0.0066225165562913135,0.16898425696651728,22138.0,131692.46371115767,1998,67391114,50568915,1424590,1669709,10529821,9199052,11419054,9352266,12206238,10970184,5042941,5925817,4530838,3339926,4003595,2660935,18234037,7451026
373,000959,2017-10-11,-0.012949640287769792,-0.01151079136690647,0.15870143318046517,4816.0,69636.36981877679,1923,29599188,21370892,1605054,1772217,5155307,4554400,7815364,3189319,7351680,7217293,1997483,789450,1764723,716927,836036,852840,3073541,2278446
374,000960,2017-10-11,-0.005825242718446644,-0.001941747572815511,0.3011674295728917,54250.0,267271.61986200523,2633,195524829,182428692,957916,1363223,8475112,10164129,15046635,15344204,26668259,28785137,20901443,20656674,17811910,16928999,15947554,10667361,89716000,78518965
375,000961,2017-10-11,-0.007763975155279601,-0.0015527950310559868,0.16251208444600276,13524.0,108818.42678894222,1572,43091925,34277647,1628408,873436,5186671,6696709,9737530,5221339,9537230,7546899,4098927,3427038,4805313,3150578,488442,1785669,7609404,5575979
376,000962,2017-10-11,-0.03652173913043477,-0.022608695652173938,0.23879668066842713,26520.0,176556.28120596276,2323,100770319,73541050,1002475,1313391,10340550,12072063,12025017,12906481,16674267,14945865,13055437,8755033,9004905,7225696,8481801,2237600,30185867,14084921
377,000963,2017-10-11,0.05584158415841589,0.053069306930693116,1.023912782823946,52950.0,383310.60833269084,2436,159788204,258210279,539409,1080945,7554283,10525939,11772996,14989103,25130031,25673873,18829143,23159415,8737689,15022645,8453918,12524236,78770735,155234123
378,000965,2017-10-11,-0.001404494382022392,0.001404494382022392,0.2323110740793772,14220.0,62506.766780819045,939,14811540,15063767,809528,988996,4934329,4406066,3334484,2631463,3169631,2648340,911804,1157301,355500,1340484,0,0,1296264,1891117
379,000966,2017-10-11,0.006382978723404209,0.010638297872340496,0.17406048043292877,10340.0,93012.26239978155,729,11094404,17567756,755773,809641,2805598,3952306,1098190,2297598,1196189,3943287,510272,1890755,1040601,619870,1238837,904212,2448944,3150087
380,000967,2017-10-11,0.010362694300518172,0.013471502590673534,0.27140592817051434,19480.0,132363.27756423736,1264,22983254,44698926,1048548,1533514,4718887,9067918,5446457,4805542,5783357,4386602,1781702,1967187,978689,2192395,2157629,1932906,1067985,18812862
381,000968,2017-10-11,-0.006432748538011901,-0.007017543859649145,0.4347819119958268,15408.0,93970.39672893872,1547,30081314,32811202,846569,1571439,5939490,7728917,6173088,7647272,6391724,5421161,2260394,2671973,1979016,1747226,1762113,1262914,4728920,4760300
382,000969,2017-10-11,-0.018761726078799223,-0.012195121951219634,0.25928611542235397,21040.0,203535.0672889784,1691,77420434,44557726,1009097,1121904,7208374,7940827,8305430,5694813,12335369,9188574,7501017,5334450,6210717,2287162,6050825,843597,28799605,12146399
383,000970,2017-10-11,-0.017937219730941756,-0.013452914798206206,0.32292254387069197,77242.0,442757.6401396556,3054,284388236,268042632,823899,1043352,9415565,12436367,16990662,21273089,43748501,43550385,26552266,25873935,23723751,27276580,18796123,16729601,144337469,119859323
384,000971,2017-10-11,-0.010588235294117676,-0.005882352941176561,0.6716017867463855,11844.0,47673.41052023734,640,8489663,8087656,414906,726495,2915012,2922175,2402417,1564972,1180355,986805,780694,736736,307580,746152,488699,404321,0,0
385,000972,2017-10-11,0.004683840749414525,0.007025761124121788,0.1873492909832049,8620.0,66614.25265035385,519,6135576,9616480,444369,625728,1834452,2080588,1126558,1640752,1767528,1120028,962669,1678611,0,673375,0,956806,0,840592
386,000973,2017-10-11,0.013496932515337345,0.01840490797546024,0.18273687942057437,24869.0,250077.9648842078,1991,92529568,99492502,1528357,1458555,10306390,8648820,9825051,8471326,13117926,9637739,11186558,11305733,6957813,6211350,7267512,8891521,32339961,44867458
387,000975,2017-10-11,0.02863278453829632,0.024337866857551793,0.35773800478632745,27623.5,179296.92004442483,1526,46494454,72360881,702762,1344566,5659097,6837063,13833956,7410989,8172744,9802790,3145859,8306346,2050724,4120093,1262773,2537045,11666539,32001989
388,000976,2017-10-11,-0.008537886872998945,-0.022411953041622135,0.31490361077930035,13815.0,123778.08281134555,885,33362960,16065023,743983,897199,3915028,3152324,4530307,2864846,5423696,2804782,4317386,696833,4439560,379785,4495003,1348766,5497997,3920488
