,code,date,pchange_whole,pchange,change_std,amount_median,amount_std,length,sumsell,sumbuy,sell_vol_0,buy_vol_0,sell_vol_1,buy_vol_1,sell_vol_2,buy_vol_2,sell_vol_3,buy_vol_3,sell_vol_4,buy_vol_4,sell_vol_5,buy_vol_5,sell_vol_6,buy_vol_6,sell_vol_7,buy_vol_7
0,000001,2017-10-18,0.013876843018213458,0.005203816131829964,0.2205832591887764,49751.0,489278.2376089211,2734,274390570,256260466,1191360,867064,12848959,7880368,15248464,14499165,30523157,24998818,21383982,18928752,15537317,8937834,12429860,12063987,165227471,168084478
1,000002,2017-10-18,0.008393742846241947,-0.01220908050362457,0.45572585590870845,56716.0,344034.68474217685,3308,271535187,238901920,723801,1190755,12046439,17338352,18989332,22787002,33832094,34470694,24489523,32848635,21512143,24151529,17247655,12112202,142694200,94002751
2,000004,2017-10-18,0.004788507581803714,0.009577015163607427,1.4259806214807376,12605.0,53476.35920515135,308,5210917,3506119,321103,155206,1773346,830312,828807,574406,1536251,1019260,240350,493450,0,0,0,433485,511060,0
3,000005,2017-10-18,-0.02385685884691846,0.001988071570576455,0.18526937294211035,6060.0,58634.69768769481,737,9737814,7124561,629695,734703,2650512,2141798,1673327,1487490,1075836,770900,1114848,1276718,715176,308952,0,404000,1878420,0
4,000008,2017-10-18,0.0,-0.0010845986984815426,0.2876495520425716,10175.0,98507.53769848666,1027,19688447,19810844,1453413,688866,5759802,2872948,4493453,2916869,4780088,4651223,915636,2275166,951921,1407267,1334134,905854,0,4092651
5,000009,2017-10-18,-0.016184971098266,-0.0046242774566475076,0.20795179227122185,14653.0,130984.44111885341,1731,49516699,40959210,1319812,1690540,7292333,7929793,6251031,5641844,8198200,5653164,4406188,3529264,2796792,2502955,2168440,3598536,17083903,10413114
6,000010,2017-10-18,0.10200364298724951,0.09836065573770503,0.11382172713597216,26414.0,360259.1549121359,2333,166732531,68332434,1344157,1071757,11496056,12645232,15345024,9124832,18515026,9210788,13523584,4458014,11660687,3100160,5232437,2683441,89615560,26038210
7,000011,2017-10-18,-0.023243801652892526,-0.004132231404958553,0.581539965194665,19340.0,74954.63023217274,1108,27414779,15969242,1005166,1046699,6255267,5611099,5132932,3846152,5440946,3284754,3110667,1016459,2705589,0,0,403579,3764212,760500
8,000012,2017-10-18,-0.01916167664670665,-0.0059880239520956335,0.2841444922611857,9984.0,190663.9233531606,863,19147494,14569485,1144328,791371,4537775,2643224,2961687,2130283,2406875,1772740,1631062,1364502,382720,0,1363463,1294768,4719584,4572597
9,000014,2017-10-18,-0.0119760479041916,-0.004790419161676551,1.016423029585717,16690.0,59237.24910203359,269,5649558,3724860,204819,178371,1710378,1474073,961199,545497,1212659,1072679,729003,0,354219,0,477281,454240,0,0
10,000016,2017-10-18,0.020905923344947785,0.029616724738676048,0.14637751276711183,17430.0,202782.46984787803,1540,36526251,61351288,993644,1209694,5324879,7202531,5361942,7647354,6807942,13256563,3900682,6478141,2075786,4749825,1801100,4119194,10260276,16687986
11,000017,2017-10-18,-0.0038910505836575737,0.0077821011673151474,0.24557724744109866,7790.0,51980.18908738798,986,10868451,8727872,1398766,1051178,4524932,3143548,2084923,701021,847200,1700755,930103,529296,666297,0,416230,461058,0,1141016
12,000018,2017-10-18,-0.023631840796019876,-0.008706467661691475,0.24529683263612398,12022.5,85916.29420081772,1074,29941808,12810181,1195590,783878,5753875,3412180,4690270,2385780,5314690,3494376,4375110,1721023,2034062,1012944,2152413,0,4425798,0
13,000020,2017-10-18,0.006889242183359734,0.007419183889772141,0.7425188858039196,9495.0,62024.525918435465,645,11606861,4302784,1261347,482661,2664847,1439610,1351740,1009083,3419543,854482,917115,516948,314160,0,0,0,1678109,0
14,000021,2017-10-18,-0.008510638297872353,0.004255319148936065,0.23418211854593782,9495.0,98803.37699029616,1612,22478781,30604468,1459895,1831597,8030395,5583990,5375151,3700851,3539918,5945219,1268298,2631670,988662,1973776,473500,2289254,1342962,6648111
15,000022,2017-10-18,-0.028787878787878696,-0.007575757575757569,0.8240651594995776,23634.0,103619.38240917557,1026,29344084,28021792,425545,755572,4390685,5846770,4469787,4769841,6816144,5203791,5627631,3219803,1702912,1402697,1410048,917322,4501332,5905996
16,000023,2017-10-18,-0.011555922410235286,-0.0016508460586049933,1.4134487875765547,12100.0,158930.1186843163,293,9312584,2186845,229954,254484,1732258,939465,723788,106788,887931,583608,500840,0,338800,302500,493476,0,4405537,0
17,000025,2017-10-18,-0.012888888888888839,-0.002888888888888941,0.9699609475546196,27036.0,169364.48484525108,2154,85440168,69579693,1902679,1417710,10719994,10225789,10614194,11217067,18125598,15355309,9380366,8090655,6373983,5228566,6111976,3685481,22211378,14359116
18,000026,2017-10-18,0.015993265993266004,0.02020202020202011,0.43977344642161775,13266.0,85917.43834425889,729,9705585,15979312,532450,544267,3724164,3716963,2466029,3113717,2358080,2232391,230728,491271,394134,712241,0,1399040,0,3769422
19,000027,2017-10-18,-0.007704160246533087,0.0,0.24329101809121362,11700.0,69945.1397205891,711,12151512,8689100,662260,456575,3568783,2557403,2213492,1909491,1160780,757132,590768,2546999,1723336,0,0,461500,2232093,0
20,000028,2017-10-18,0.005772005772005873,0.0007215007215006786,3.2968195971094856,13802.0,154070.9880316246,441,15420170,9426031,739963,277277,1994343,1177442,869773,1514807,2085615,2120165,1561337,248400,628830,1101722,890659,1708018,6649650,1278200
21,000032,2017-10-18,-0.01950078003120126,-0.0070202808112324044,0.5452198830232031,12795.0,42765.80793162983,552,10994257,4816103,370745,392312,3236225,1758900,2529543,1770842,3020788,894049,1836956,0,0,0,0,0,0,0
22,000036,2017-10-18,-0.01855670103092777,-0.01134020618556697,0.2431386723726166,15375.5,139663.92448760316,1592,55037905,28988979,1443660,1433278,7452438,6145510,7422428,6916542,8041327,6807338,6587766,2315823,2114351,1673399,3157036,1385038,18818899,2312051
23,000037,2017-10-18,0.003432494279176135,0.003432494279176135,0.6150251734370619,7016.0,44360.800675070706,201,2664109,1307041,187851,349602,902361,331352,394062,366783,465835,259304,253750,0,0,0,460250,0,0,0
24,000039,2017-10-18,-0.010770059235325702,0.001077005923532548,0.40168998650791954,11178.0,102513.39999768528,2138,32031951,45805478,1588050,2893650,6493105,13443749,4292516,6161838,4503162,6298409,3929378,2800388,4141021,2803028,924684,1423843,6160035,9980573
25,000040,2017-10-18,-0.03678929765886285,-0.024080267558528434,0.5648127410469593,10815.0,150995.61108676533,700,30022469,9757741,595367,562971,3027015,2031994,2664456,1686721,2966000,1361713,3623708,2045932,2888639,0,2176067,1330910,12081217,737500
26,000042,2017-10-18,-0.010125074449076732,-0.003573555687909402,0.9631990171920962,3334.0,35103.904899248824,303,1677953,2596140,316296,435227,865685,585189,327908,334640,168064,603391,0,234764,0,0,0,402929,0,0
27,000043,2017-10-18,-0.01476377952755914,-0.01476377952755914,0.47799035798490463,13117.0,93274.16667174928,451,12974607,6501934,148155,376187,1738100,1838698,1885426,1699222,2601211,1895147,1156070,692680,2209756,0,0,0,3235889,0
28,000045,2017-10-18,-0.0017730496453900457,0.0035460992907803135,0.38631459321646394,18392.0,105569.52270435615,852,15443178,21067965,594063,570805,4373596,4367350,2990653,3395682,2727428,4496064,2077287,1879638,2152316,301835,0,861444,527835,5195147
29,000046,2017-10-18,0.0,0.002457002457002311,0.3594612668198759,3247.0,84365.82024301564,512,8397976,7676884,265493,430024,1190310,1360565,1615585,683211,2402569,1954667,1273850,732950,0,397067,850104,0,800065,2118400
30,000048,2017-10-18,-0.011698265429608723,-0.008067769261799085,1.6949401122677508,4950.0,34855.864124659776,213,2131829,1165731,170058,303671,1015405,505638,362618,108922,341688,0,242060,247500,0,0,0,0,0,0
31,000049,2017-10-18,-0.035776783978222704,-0.028193661287186478,1.099180773778604,30714.0,195579.47187729285,2189,102054952,69429883,719533,1395699,11206416,13050496,11520560,13101087,16913680,13601248,12983208,8514607,6440100,4164565,5673845,3193169,36597610,12409012
32,000050,2017-10-18,-0.00570264765784112,0.0004073319755599769,0.44655972245589354,88146.0,430890.75236902345,3024,342513817,322808040,640672,830368,8702006,12341080,17868639,18867273,37308064,36711987,32461440,33890737,31100705,24421322,26056521,21126725,188375770,174618548
33,000055,2017-10-18,-0.013106159895150626,0.002621231979030192,0.20008843122387815,2292.0,37608.43763985411,1455,11081751,9794773,827163,1842376,3231607,3604454,2339202,1253831,2091857,1881090,670526,448022,1459176,765000,462220,0,0,0
34,000056,2017-10-18,0.00766283524904221,0.021455938697317878,0.37994968659717204,20370.0,108088.88527386384,1181,23383755,35480176,895449,762926,6088272,6530836,4616550,5937241,4286053,5230304,2643109,2894835,1967131,2974827,961216,1262491,1925975,9886716
35,000058,2017-10-18,-0.020706455542022106,-0.006090133982947665,0.2727023338184871,11452.0,56423.4107217517,906,16000625,8853981,1057940,876440,5316948,3439823,2843837,2077911,2837074,975730,1706194,422048,652754,613511,0,448518,1585878,0
36,000059,2017-10-18,-0.02378686964795429,-0.004757373929590747,0.3008530472395524,20026.0,211908.60803688856,1220,44864136,29014511,519737,896143,5847139,5425399,6758114,5078386,5851326,6453617,5578971,3734721,1043433,934621,3285159,499800,15980257,5991824
37,000060,2017-10-18,-0.006896551724137945,0.0008620689655172153,0.23525650262893646,16464.0,147821.465312003,2433,62761098,73581374,1507675,2020764,8525704,13105373,8369430,12679578,10567341,16485894,4653734,7144930,3733353,5746615,2293370,2705680,23110491,13692540
38,000061,2017-10-18,0.02771362586605086,0.009237875288683695,0.2981759215507058,8740.0,72225.02361025388,843,11432559,14633597,815864,875215,3248101,3209558,2338103,2896749,1764271,2491610,994866,1989270,1010460,1036827,419144,0,841750,2134368
39,000062,2017-10-18,-0.0007812500000000666,0.009765625,0.7816617620061311,10346.0,120456.94771161811,1072,19061781,22496982,762948,1129155,4164641,4460226,2510188,2849334,2925948,3042745,1387311,2077299,743920,334880,472290,904055,6094535,7699288
40,000063,2017-10-18,0.012227362855254276,-0.0023132848645076587,0.5132438198854835,154708.5,720076.5177604179,3478,651237719,572929763,342513,396864,9497785,8636403,20105407,18198681,47559509,44571864,47054679,39756560,52111908,39270352,40892823,36495466,433673095,385603573
41,000065,2017-10-18,0.03308207705192645,0.055276381909547645,0.434965743629233,45018.0,211366.59846616388,3017,108915940,192616742,905877,1712384,12107484,15376765,18003214,24853531,25795001,36191056,18107599,19958991,8827151,15947105,6716450,11644756,18453164,66932154
42,000066,2017-10-18,-0.01286549707602358,-0.0035087719298246833,0.1925052490076614,13728.0,175142.9648098778,1974,65174584,52858091,1509841,1739248,7674460,8083499,9225180,7846227,9441089,7875619,5249216,4310397,2343934,3893257,3450960,3898426,26279904,15211418
43,000068,2017-10-18,-0.027859237536656978,-0.0029325513196482023,0.2764458027461363,7513.0,83858.39363160805,608,11076796,5229347,366206,640452,2358409,2129169,2001862,1021163,906981,622610,203167,471953,1683669,344000,898394,0,2658108,0
44,000069,2017-10-18,0.010778443113772518,0.0011976047904191933,0.1992910345367862,8350.0,157986.02519517555,1757,44462622,33456084,1545047,1357005,7274771,4961130,3724432,3087169,9038371,3994252,4617860,4379198,1707800,363978,2307379,3137734,14246962,12175618
45,000070,2017-10-18,-0.02857142857142858,-0.013445378151260567,0.2970730802669003,17760.0,100618.98169973263,1605,45328260,24740922,1063617,1126204,9902245,7340888,8750125,4805475,8915082,4946509,2560614,3463337,2783480,1351354,2093531,0,9259566,1707155
46,000078,2017-10-18,0.012326656394453073,0.015408320493066174,0.1373536307224174,17160.0,134933.61932574073,2237,63281462,70426186,2275303,1542080,10075174,9975578,8238479,9267105,9118399,11856177,4645902,8669572,6963412,9581371,5705106,4459276,16259687,15075027
47,000088,2017-10-18,-0.011123470522803047,0.0022246941045604984,0.272758820817918,18130.0,109267.74923066399,1086,29392696,31781483,931332,1140113,4002296,5334916,4227970,3919757,6063766,6889812,5166341,4379764,1735230,3817959,1813126,892360,5452635,5406802
48,000089,2017-10-18,-0.0011723329425556983,0.0023446658851116187,0.2513309069717891,11101.0,51420.11893391302,1152,23492412,11865544,1235678,500454,5020978,4055432,11031779,2876021,2932538,1393229,2221999,1243193,624149,1039685,425291,0,0,757530
49,000090,2017-10-18,-0.011648745519713288,-0.008064516129032251,0.29938779044206754,11080.0,119800.80270913255,1390,33634278,29110734,1225859,1191569,5954002,5373931,3258283,4159330,5999316,4469807,4326608,3775882,3457329,1823106,481980,2178169,8930901,6138940
50,000096,2017-10-18,-0.004255319148936176,0.004964539007092261,0.9359077121978583,8478.0,36568.686356262486,226,2419818,1905752,264921,189935,980197,656652,202823,528107,617877,531058,0,0,354000,0,0,0,0,0
51,000100,2017-10-18,0.04987531172069826,0.05985037406483795,0.06726591549912016,180576.0,1398157.1773692558,3585,1017663646,1231250458,388520,404589,7926270,10115181,16938312,20468439,39668101,44655185,40263220,38973834,44499249,36861149,35572931,35207082,832407043,1044564999
52,000150,2017-10-18,0.014254385964912242,0.016812865497076057,0.8981115687412065,21688.0,125708.1848652438,931,25862062,35165718,715240,505557,4625651,2829632,3553820,3531005,5602594,5961447,4009057,6146112,2307470,3466493,842240,1753054,4205990,10972418
53,000151,2017-10-18,-0.006399069226294518,-0.0005817335660268652,0.7144830876529655,17180.0,149508.930553058,578,14979941,14423109,321018,563379,3088197,2696055,2154406,2074436,3429562,2769033,907363,1034513,1113316,339234,1285934,0,2680145,4946459
54,000153,2017-10-18,-0.009842519685039353,0.0009842519685039353,0.4473209728878928,10180.0,48411.41342448006,515,8665463,5678393,559954,366386,2102219,2410986,1748943,1623449,2059327,1277572,911686,0,672534,0,0,0,610800,0
55,000156,2017-10-18,-0.008253094910591452,-0.0013755158184318717,0.5528119027574928,4362.0,64768.662175504054,691,8654192,8994893,403097,892332,1827871,1789023,1278441,1346490,1473652,1738152,1397451,2916286,375550,312610,0,0,1898130,0
56,000158,2017-10-18,-0.02083333333333337,-0.009469696969696906,0.29760427641773646,10570.0,103872.18108961055,1259,24309402,15896747,887070,1120335,5148394,5261701,4968410,2952418,3924631,3011580,2054978,664734,996477,971847,0,0,6329442,1914132
57,000159,2017-10-18,-0.016742770167427756,-0.010654490106544956,0.2820269542039626,13160.0,69496.15133192725,542,13262514,6356325,509925,471195,2685454,1989075,2876206,2031435,2584406,1292028,918088,246092,1268004,326500,412674,0,2007757,0
58,000166,2017-10-18,0.005154639175257714,0.0017182130584192379,0.14904068129641226,8760.0,162579.75185446022,1527,35239364,32371339,1674633,1196259,5413886,4894303,4417961,4227558,5009562,2653911,2313379,1485031,2596948,1907996,2721231,467200,11091764,15539081
59,000301,2017-10-18,-0.05815831987075937,-0.043618739903069526,0.11411487178032088,35518.0,280505.7874003964,2951,200925482,132294403,1377975,1552329,13251577,12399537,17834675,17487465,25767646,23815695,21686161,13979654,18870831,12710853,9847091,8835522,92289526,41513348
60,000333,2017-10-18,0.015208333333333268,0.001875000000000071,0.8378236221100934,62426.0,441725.75819821225,3283,292862252,286420175,1930525,1293452,12106722,12371609,22296767,21688298,32451611,36334790,23923967,23307466,19577206,25848380,17402317,17011175,163173137,148565005
61,000338,2017-10-18,0.0025542784163472554,0.003831417624521105,0.14021466593724172,21208.5,246211.05193731576,3126,125124207,119509621,2815355,1805898,10908088,14606685,16059103,19442213,17849664,17927549,7645406,11332398,8721849,11901118,8485605,5692374,52639137,36801386
62,000400,2017-10-18,-0.005555555555555536,-0.0006172839506171091,0.36884490239653134,9738.0,66087.7878724135,1929,31126551,18564275,3693079,1418553,10925308,6349944,3147788,3388250,4325512,2605512,2000125,1336651,656896,981319,2696022,477605,3681821,2006441
63,000401,2017-10-18,-0.023514851485148536,-0.0018564356435644136,0.3369812145510525,30627.5,134555.68107043055,2300,84926352,79388037,1350708,1460105,11716325,11243231,14226413,12448399,22546748,16106110,8208775,11674242,6437560,5866924,5023658,3984337,15416165,16604689
64,000403,2017-10-18,-0.004676018704074858,-0.002338009352037429,1.9168329777704491,17910.0,68163.23335913544,243,6030487,3611070,248318,168433,1310393,748302,1542210,712937,1384582,704898,917504,293020,627480,0,0,444740,0,538740
65,000404,2017-10-18,-0.0014104372355430161,0.0028208744710860323,0.2099861232938801,14260.0,146164.6603470978,1140,32445943,34078492,1111220,877133,4480757,4450272,5966461,4235307,4506464,4303598,2952141,4228112,2283589,3655177,2682444,2732803,8462867,9596090
66,000408,2017-10-18,0.025966532025389677,0.030005770340450377,0.36006305423926516,32193.0,240495.65490403547,2318,107483069,127896452,1190114,1165048,12382174,9217017,11081185,12439401,18181322,19683862,14324930,18378709,11789858,11832034,6298173,4580590,32235313,50599791
67,000409,2017-10-18,-0.023004059539918797,-0.004059539918809141,0.32353146034553093,9746.0,49985.79564520433,521,8905582,4683311,500697,568149,2163210,2081278,1858773,876124,1910891,916843,1134545,240917,392692,0,944774,0,0,0
68,000411,2017-10-18,0.0,0.003202195791399909,1.3207857445068694,6588.0,39216.456444492025,273,3002593,2391647,312113,200412,662409,796642,811811,701810,627386,490475,588874,202308,0,0,0,0,0,0
69,000413,2017-10-18,0.0018518518518517713,0.008333333333333304,0.189415572377654,67039.0,474849.363053573,3254,308422695,356092725,918375,828616,13688206,13168706,19044929,19464132,38603699,39452199,27242883,30650745,24757172,23106325,19710732,20971009,164456699,208450993
70,000415,2017-10-18,0.0015267175572519776,0.004580152671755711,0.13688546788286735,5940.0,119755.13797862717,2294,23586826,34227257,2152375,2527894,8479750,6570568,3863865,3605529,2649038,4771705,1093650,1579339,322080,2382213,0,838148,5026068,11951861
71,000416,2017-10-18,-0.005201560468140465,-0.002600780234070288,0.31776822650161096,2307.0,49382.14709533271,585,7352852,3236598,370093,423469,1739328,1483385,2136335,353091,578541,730978,990720,245675,0,0,877448,0,660387,0
72,000417,2017-10-18,-0.01505376344086029,-0.004301075268817289,0.2965360709672945,6496.0,62055.64292367719,983,17278260,9214234,1078403,568760,4415861,2332151,3921487,2182061,2461031,2267735,1932266,1089840,1046716,308760,911331,464927,1511165,0
73,000418,2017-10-18,-0.0004080799836767568,0.0028565598857375196,1.3763812769424522,9772.0,56231.77397800374,1269,22704384,15517679,2821636,751936,5069093,4464580,5606360,3474759,6743432,2675901,1058578,2230099,394065,936107,488500,0,522720,984297
74,000419,2017-10-18,-0.015492957746478742,-0.008450704225352101,0.2401417710652361,7040.0,66527.16082891896,874,14469992,8664900,691278,1182862,2974363,2465654,1714178,1752234,3452369,1593867,2814038,945561,634500,724722,478062,0,1711204,0
75,000420,2017-10-18,-0.011627906976744207,-0.005813953488372103,0.11593729822781576,2744.0,66294.88833405015,881,9677689,3853973,1271138,359648,2488611,1081811,1299217,513939,2292183,434464,0,0,764968,0,0,927127,1561572,536984
76,000421,2017-10-18,-0.00712250712250706,0.0,0.2920636905793279,6327.0,29071.247930375823,577,5677296,2656363,1075590,300948,1494147,1066162,1183290,1083390,1196962,205863,727307,0,0,0,0,0,0,0
77,000422,2017-10-18,-0.01834862385321112,-0.00917431192660545,0.1454732014836212,15316.0,148374.7943465233,1405,46489107,26181112,1017011,968348,5806840,6785099,5430355,5127593,5329293,5467998,7363085,3191726,4045431,2073385,852333,1318128,16644759,1248835
78,000423,2017-10-18,0.02674772036474171,0.023708206686930078,1.2122467149215232,86755.0,465773.80715806055,2946,270659124,372639940,786503,686371,9781034,11277662,15040233,20307953,33996516,36106830,26457891,30558624,25170085,26359926,19798172,24918037,139628690,222424537
79,000425,2017-10-18,-0.008042895442359144,0.0,0.07393377727515477,4092.0,99833.095002012,2566,35216854,29018442,2269733,1821926,8189297,7229523,5703329,4780991,4419180,4637478,2247133,1322704,1424504,1414381,1344313,1811184,9619365,6000255
80,000426,2017-10-18,-0.012333965844402162,-0.006641366223908762,0.264633743294453,6288.0,80966.89627351309,1587,25717166,20443124,1249712,1736204,4427175,4422309,4340969,3438152,4364312,3971463,1163883,2189041,4747095,2435757,914965,424000,4509055,1826198
81,000428,2017-10-18,-0.004149377593361092,0.0020746887966804906,0.27559897096621216,5796.0,48932.928876377286,305,3710445,3185277,194053,358429,1102448,1435853,776460,228804,845327,598136,792157,0,0,0,0,0,0,564055
82,000429,2017-10-18,-0.008177570093457986,-0.005841121495327228,0.3202381626168875,7659.0,96113.57214400877,714,14900569,4024571,1523130,647277,2660870,1957434,1760427,588317,635824,831543,1300659,0,673592,0,1282617,0,5063450,0
83,000430,2017-10-18,-0.004008016032064243,0.002004008016031955,0.5743179519408427,10010.0,35754.946915642424,301,4172208,2696881,227426,318127,1384812,1009099,1178617,609030,860353,760625,521000,0,0,0,0,0,0,0
84,000488,2017-10-18,-0.03239740820734327,-0.03347732181425489,0.3260977311902035,55552.0,356125.343361259,3227,285066370,204350197,701595,1116423,13862010,15504824,22500552,22228186,33016386,37328155,25597692,24471740,21912728,18173489,13921050,11539651,153554357,73987729
85,000498,2017-10-18,-0.03284671532846717,-0.007299270072992803,0.21603824776087516,4105.0,56210.526443493996,1448,15673856,7207160,2291555,950018,4625207,2354096,2190140,1812950,1871204,342206,755274,236691,310022,0,1377793,438699,2252661,1072500
86,000501,2017-10-18,-0.020744680851063846,-0.01010638297872346,0.5211193057951572,18670.0,169519.2725949016,1301,54000088,32963320,1191461,807558,7080742,4559758,5978146,5782712,7628338,4805796,4115785,3556988,5797967,3543768,3142319,480963,19065330,9425777
87,000502,2017-10-18,0.0008460236886631556,0.004230118443316222,0.4162399485002719,5942.5,57467.89106973336,806,9825013,8568104,672129,851495,2890550,2546866,1442268,1449188,1500960,1659002,1498454,748314,928572,719776,0,0,892080,593463
88,000505,2017-10-18,-0.02249134948096887,-0.011245674740484546,0.37872148126837085,15946.0,133974.0108516189,932,29397404,19332528,631715,699923,3282398,4288274,4349588,3587432,5760082,5037334,3431479,1734190,1795977,1273648,1836809,840580,8309356,1871147
89,000507,2017-10-18,-0.024367385192127444,0.0,0.21752841926494643,27677.0,182614.85482123695,2408,92953285,110495823,1299909,1236611,11456103,11365675,11327823,13689558,17360959,16804335,12874217,13370357,8686104,8061329,7899804,6651533,22048366,39316425
90,000510,2017-10-18,0.011714589989350266,0.011714589989350266,0.3247406868589296,13188.0,97096.25092987162,836,17554593,17538499,894328,706644,4897724,3258201,3070433,1875897,3242887,3228235,1176106,1637538,723344,332500,2199341,1825800,1350430,4673684
91,000513,2017-10-18,0.0019672131147541183,-0.0026229508196721207,1.2455768486934529,37380.0,195721.23304304952,2403,134373806,117323753,851976,1252913,10327910,10611255,15151214,12376609,28703800,20070661,14721827,14613864,11197710,10400748,8839926,10921734,44579443,37075969
92,000514,2017-10-18,-0.012820512820512775,-0.00512820512820511,0.226784829462997,15640.0,92073.44508406743,1183,22327328,28493083,898718,1188710,5529076,6402905,3987177,5167975,4511356,4340630,1482981,2385498,2352316,1015898,1315017,1356689,2250687,6634778
93,000516,2017-10-18,0.00189753320683117,0.00379506641366234,0.1357885816309274,20397.0,163721.12590577375,1509,57138108,48533810,1208483,912378,7520289,4800136,8091402,4773864,11669875,7529147,7407515,4396436,4323605,6773937,2723175,1731285,14193764,17616627
94,000517,2017-10-18,-0.00704225352112664,-0.0023474178403755097,0.14318338740208633,8094.0,39419.020526752654,886,9667039,6873104,1306083,490905,4397045,1290877,1758611,2628882,912658,1016325,696242,710823,0,308293,0,426999,596400,0
95,000518,2017-10-18,-0.0026845637583893245,0.0,0.386337064870893,7470.0,33637.860847913755,371,4238391,2647845,460896,373856,1740187,1469666,720855,331935,631250,172788,685203,299600,0,0,0,0,0,0
96,000519,2017-10-18,-0.003593890386343279,0.008086253369272267,0.25802348221440324,22200.0,149319.76502335013,1861,64533958,60487525,1306696,1106464,9314256,8399388,9307303,7453920,10210217,13026301,7093124,7181302,5835121,8580786,3897977,3138154,17569264,11601210
97,000520,2017-10-18,-0.027472527472527486,-0.014652014652014711,0.17763279109220634,9774.0,107398.82189996568,945,22222716,10913597,1061210,713978,4377200,2870448,3407615,1503680,3111882,1913846,2596746,1197922,1406356,665454,1799428,409215,4462279,1639054
98,000521,2017-10-18,0.020689655172413834,0.02758620689655178,0.14296879461072667,12379.5,105766.39391622385,1648,31200607,44903781,1508867,1180796,7312153,6155537,5199373,6385603,5464299,7504060,1656218,6774320,2444935,4140788,2189968,2589638,5424794,10173039
99,000523,2017-10-18,-0.010582010582010581,-0.005291005291005124,0.42916610959036305,12207.0,72958.61007733623,484,10205251,7216790,468625,530223,2149037,2107358,1649884,896900,2568082,1761551,887382,504952,1321862,383642,410780,408394,749599,623770
100,000524,2017-10-18,-0.005498821681068411,0.0015710919088767206,0.4963824513833313,5104.0,19894.619142334563,657,4414711,3178231,488570,860679,2670168,1384746,624477,672414,340112,260392,291384,0,0,0,0,0,0,0
101,000525,2017-10-18,-0.03441945846718675,-0.01606241395135377,0.5833841973981403,8644.0,63224.363858980454,1395,29938745,13369204,1730885,1092512,6230594,3488402,4242913,3075555,6991422,3680264,5262527,1470441,1286384,0,2282137,0,1911883,562030
102,000528,2017-10-18,-0.023809523809523836,-0.01406926406926412,0.17519009367816943,7368.0,75762.07917853136,2786,48872511,32992523,3092859,2390998,9823401,8427053,10184911,7399323,9554900,4308538,3756481,2285959,1941375,2431432,3632060,2253710,6886524,3495510
103,000529,2017-10-18,-0.006090133982947665,0.004872107186357999,0.3285248338795589,2486.0,39398.14049771821,624,4019770,4145257,406436,734804,1142536,2183560,679668,346529,411450,339442,266004,0,655801,0,457875,0,0,540922
104,000530,2017-10-18,-0.01810584958217265,-0.01671309192200554,0.23122283404581234,13642.0,98525.1270438891,964,24883181,17398008,615070,1103173,2853771,5159472,2428593,4728201,3811068,2648976,2644458,1502482,2810085,1074810,3113486,486374,6606650,694520
105,000531,2017-10-18,-0.010489510489510523,0.0,0.355177167642995,1718.0,32097.917480938653,583,3776094,4254012,490209,521714,1680886,955181,749710,773241,855289,1170956,0,832920,0,0,0,0,0,0
106,000532,2017-10-18,-0.01646706586826341,0.002245508982035904,0.598755166249408,10680.0,57601.72047493105,497,6211013,7377377,292529,651606,1883835,2114130,1181352,1258228,1454772,1342932,913677,920275,0,351866,484848,0,0,738340
107,000533,2017-10-18,-0.0019550342130987275,-0.006842619745845546,0.593671765442827,11247.5,168467.82581054975,296,11232949,4084701,305543,129220,1335129,1194699,1221186,851930,767426,1239369,1353967,0,398038,669483,0,0,5851660,0
108,000534,2017-10-18,0.0033333333333334103,0.006666666666666599,0.5141573464568262,7540.0,55478.50911401754,851,9998050,9290825,1232017,1327301,2751392,2761726,891968,1598475,1944398,2233823,808038,660120,980027,709380,402840,0,987370,0
109,000536,2017-10-18,0.007017543859649145,0.007017543859649145,0.1967547492859779,11380.0,134173.43713709214,839,17164604,21828895,924326,540329,2585276,3666970,2397820,3542701,2841996,3093551,3150504,2078457,973786,346200,813057,1342722,3477839,7217965
110,000537,2017-10-18,0.011673151750972721,0.012451361867704236,0.3088083971885659,26500.0,181295.51695313776,1733,63868282,80421363,864228,1135228,7816249,6838739,9838579,8543220,14876511,12274375,7727454,6909611,3834965,7488678,2251379,8411578,16658917,28819934
111,000538,2017-10-18,0.05428881650380024,0.039087947882736174,1.7771346258188487,66563.0,438383.5493045312,2686,163030618,308465689,1689545,1640128,11618618,9725397,14556667,17439049,23893149,41411769,18232150,26564763,13422523,19038060,16138127,20934733,63479839,171711790
112,000539,2017-10-18,0.007677543186180413,0.0038387715930903177,0.1844894619632283,4707.0,44504.509378945935,797,5739033,8764665,158685,1277291,865614,4174868,696380,999381,1388277,1011710,1448959,502562,705526,350175,475592,448678,0,0
113,000541,2017-10-18,-0.007534983853605848,-0.0043057050592033574,0.2838375965976749,9260.0,96722.15830724908,1071,21625939,11237720,1634453,1136268,4324451,3544499,3763447,2347691,2503898,2600227,944626,1222059,1690256,386976,831137,0,5933671,0
114,000543,2017-10-18,-0.003558718861210064,-0.001779359430604921,0.18438219831038238,2815.0,136141.8642909294,929,13145999,9188978,861511,490105,1639211,3328216,1319962,1763486,1488725,1203990,224400,979701,996685,722880,0,0,6615505,700600
115,000544,2017-10-18,-0.008004574042309698,0.002858776443682043,0.4876821497126331,17580.0,63452.199043141714,1286,25663545,23523389,1285186,1057371,5657615,6453346,5885611,5073275,5691295,5172267,2862436,2827264,3462502,329034,818900,954125,0,1656707
116,000545,2017-10-18,-0.02833333333333332,-0.009999999999999898,0.16570826142844092,5950.0,70471.61502296517,1312,24251683,11223826,930394,1204760,4616774,3521245,3486015,2571172,4532680,1432699,3349313,790876,3074924,301665,881172,0,3380411,1401409
117,000546,2017-10-18,-0.0069752694990488084,-0.014584654407102104,0.5183921915817002,14035.5,65969.24065522623,926,15258674,14510876,1013687,528648,4649639,3686802,4103634,2970758,2513431,2286554,1156541,839282,1356742,1255070,465000,856656,0,2087106
118,000547,2017-10-18,-0.014272970561998277,0.004460303300624302,0.2782053774293811,13512.0,85984.233054068,1624,29715014,35443608,1047251,1199819,6837486,9760862,4839263,5471739,7548162,7840685,3533376,3055978,1044174,1388998,445220,2232579,4420082,4492948
119,000548,2017-10-18,-0.00766283524904221,0.0025542784163472554,0.2010304571666776,788.0,30750.61292796355,1518,5386238,6499574,759357,1682667,1479349,2411306,1199178,1314709,633114,1090892,0,0,392500,0,0,0,922740,0
120,000550,2017-10-18,-0.004784688995215225,0.0052631578947370805,0.6129595963665603,20589.0,73514.33633435826,1162,23461539,24896342,361136,845322,7702432,5279469,4119169,4309514,4758872,7106878,2821938,3044803,1443866,1373019,462553,839399,1791573,2097938
121,000551,2017-10-18,-0.017801047120418856,0.0020942408376962707,0.3662938171502126,19220.0,69220.98324057418,679,13888778,11856503,517646,608973,3923582,3956238,3294839,3737112,2013235,2314492,1448398,1239688,986428,0,424020,0,1280630,0
122,000552,2017-10-18,-0.020356234096692183,-0.010178117048346036,0.116434157843145,3519.0,56575.48735465153,1141,14750248,7595922,1321155,638125,3616769,2479113,3808539,1206086,2793173,1556394,647469,879182,754733,333450,0,0,1808410,503572
123,000553,2017-10-18,-0.002054794520547909,0.00136986301369868,0.32890485373703243,16192.0,156846.68763142885,1972,59495796,44530545,1455385,1623195,10165145,7769628,10888267,6858490,11238351,7666530,5541542,3587651,3040460,3969084,2213102,2262281,14953544,10793686
124,000554,2017-10-18,-0.03143418467583503,-0.005893909626719096,0.273653562943388,20160.0,94609.41156870435,1384,39367268,28085172,848510,873237,7600286,6255937,5999513,5282598,8182668,5563389,7034187,3279317,3020194,2044142,904019,1729756,5777891,3056796
125,000557,2017-10-18,-0.005281690140845008,-0.0017605633802816323,0.21758753240564765,9673.0,54184.531685878246,681,12615600,6467848,642509,573174,2964925,2008442,2709488,1265452,2746347,1141172,2001711,707793,1056196,342029,494424,429786,0,0
126,000558,2017-10-18,0.039453717754172946,0.01062215477996964,0.20385226485113805,14028.0,70220.21420128336,1045,16860154,22259996,851670,960623,5464848,4521386,3143008,3463692,3661846,6299781,2093243,2711370,330500,1631422,1315039,0,0,2671722
127,000559,2017-10-18,0.006044905008635526,0.003454231433505983,0.23287561485675215,23560.0,142537.19636042323,2474,70334041,97775113,1464944,1215505,11489565,13118794,11806858,12665972,18146905,18069114,8758557,13068584,4521960,8582438,3090650,6515197,11054602,24539509
128,000560,2017-10-18,-0.008163265306122436,0.03673469387755102,0.2103284372354531,143355.0,934314.5081786888,3416,541278716,645932324,497870,547817,7218696,9648268,16025278,22173951,35949033,49337696,36250766,47906951,34432553,38011987,28177390,39182422,382727130,439123232
129,000561,2017-10-18,-0.01642512077294689,0.005797101449275477,0.2790994437782981,10460.0,56629.249136365885,1375,19920487,22857583,1023304,1495048,5379745,5970937,4931034,4947048,4686538,5120134,1944258,2946985,355640,1548981,0,0,1599968,828450
130,000563,2017-10-18,-0.009487666034155517,-0.003795066413662118,0.16700896618557462,12635.5,134565.15273756377,996,27753576,17879480,890191,703223,5807876,2682922,4282817,3694104,4188799,2651309,2626015,2278172,1670665,730920,434478,825518,7852735,4313312
131,000564,2017-10-18,-0.013698630136986356,-0.005136986301369939,0.16202927980705492,10467.0,94246.18306431001,1300,24539210,21391985,1316941,1390170,5342543,5464387,3016622,3378224,4349931,3530740,3466133,2841030,1767106,1072686,2118276,460192,3161658,3254556
132,000565,2017-10-18,-0.005482456140350811,0.0010964912280704286,0.3813780798886216,9130.0,48725.41796568497,571,8007591,7152859,800478,516447,2243873,1921593,1631674,1063947,1926092,1521543,1405474,1812964,0,316365,0,0,0,0
133,000566,2017-10-18,-0.0007692307692307443,0.0007692307692308553,0.5584620993043748,15564.0,177666.68852745928,541,14258850,21700485,508373,263583,2449509,2660832,1761270,1721246,4179535,840399,1670915,1309207,0,1125356,442340,861431,3246908,12918431
134,000567,2017-10-18,-0.03114186851211065,-0.01799307958477503,0.9480656302203396,17148.0,94467.72809119885,929,24613323,14335642,596844,771520,6194322,3396622,3431281,3419504,4995444,1841800,3795367,2451090,672631,300510,415224,463320,4512210,1691276
135,000568,2017-10-18,0.02687510978394525,0.007026172492534677,1.144697344140906,39858.0,280802.77605851664,2474,161173338,139718881,692373,820091,7690117,13128156,15220193,13908362,30212895,16440328,15772588,18392968,11452288,8162655,7986588,6748419,72146296,62117902
136,000570,2017-10-18,-0.0028694404591104172,0.004304160688665792,0.3769366608480947,8352.0,43907.03912649719,341,3527708,4562648,244200,449002,1150828,1521145,969355,1263481,613752,355244,235226,0,314347,973776,0,0,0,0
137,000571,2017-10-18,-0.0331890331890331,0.0,0.2620214006095216,9716.0,97531.72080329461,699,15185213,10947056,638575,735567,2729701,2088198,2853429,2799607,1914865,2150392,809836,1245900,1443740,704247,939840,0,3855227,1223145
138,000572,2017-10-18,-0.029824561403508754,-0.019298245614035148,0.1103463951886273,22074.0,141181.2660260563,2677,113053948,72885486,1925065,1809968,12869563,9417489,15696136,13069259,21139219,13913696,9739461,8904199,8603814,6384002,7636128,4360050,35444562,15026823
139,000573,2017-10-18,0.001700680272108901,0.003401360544217802,0.19462231502397434,4712.0,50188.22467586096,913,8732284,5472792,1307396,558659,2505183,1999987,1298805,854628,1851349,467378,533634,0,353917,0,0,404740,882000,1187400
140,000576,2017-10-18,-0.0053956834532373765,-0.004796163069544224,1.1402925476698595,14949.0,51344.30811636863,213,4073170,1632349,188107,189814,1663800,792295,881397,483340,701675,166900,0,0,0,0,0,0,638191,0
141,000581,2017-10-18,-0.0087301587301587,0.0031746031746031633,0.517857429328797,25150.0,147959.19545789636,2368,89737666,71573132,1396357,1478167,13153122,9347779,14871443,9347917,13314298,9981842,9751524,8195847,4287393,8053912,6797558,3173663,26165971,21994005
142,000582,2017-10-18,-0.004975124378109541,0.0,0.3936824438369587,12080.0,84775.41955302845,938,17184580,15440051,857489,758619,4784081,3889351,2976996,2727133,3281157,2724387,2168398,1749230,1363422,752136,483600,418297,1269437,2420898
143,000584,2017-10-18,-0.025242718446601864,-0.014886731391585695,0.4711220778112503,23055.0,145056.6579438769,1075,43159892,18590736,622692,829203,7308570,4717348,6161178,4476322,9130232,5355080,3323728,669969,1636525,396804,2291935,816470,12685032,1329540
144,000586,2017-10-18,-0.013775510204081742,-0.009183673469387754,1.343457688200771,19335.0,63975.55253085758,212,6004219,2643173,154023,180628,460206,884646,2234398,585239,1744032,781745,0,210915,965500,0,446060,0,0,0
145,000587,2017-10-18,-0.002590673575129432,-0.002590673575129432,0.27284722717117726,11919.0,343724.5502451697,800,18378551,62650893,988453,700055,3835911,2237900,2859735,2022744,3972693,2088053,1318904,2062133,1658969,323749,1444561,432178,2299325,52784081
146,000589,2017-10-18,-0.014787430683918634,-0.009242144177449174,0.22890855752690403,5400.0,130225.85159020251,558,12621207,6793635,340003,418420,1709597,1452538,2141488,1256875,2460986,2092573,704780,667029,1051790,319780,444373,0,3768190,586420
147,000590,2017-10-18,-0.011031797534068799,-0.004542504866969499,0.7401106994761338,13770.0,46971.3985649327,433,7157819,5064081,243966,456932,2105284,1795936,1442402,1569740,2077466,1241473,412341,0,320250,0,0,0,556110,0
148,000591,2017-10-18,-0.0016501650165016146,0.0033003300330034513,0.15847086480308756,6080.0,86214.04852529551,1465,26582220,17905524,2172300,1016683,4036493,3241138,8291723,2439652,4346452,2524462,2112937,1199859,615710,2641175,456000,943118,4550605,3899437
149,000593,2017-10-18,0.0,0.0008298755186721962,0.4691290747607019,13233.0,74473.32173434287,659,11923135,11873859,331865,768030,3146474,3008639,2381725,1790046,3336827,1409920,438084,2049782,1735700,663252,0,0,552460,2184190
150,000595,2017-10-18,-0.023550724637681153,-0.010869565217391242,0.14337379003504566,12604.0,79440.64824614089,1485,31579501,21446770,1346151,1102498,8027557,5078143,6523795,4650081,7062495,4906469,2684424,2306245,2308738,1017126,436800,0,3189541,2386208
151,000597,2017-10-18,-0.020627062706270682,-0.011551155115511413,0.31548062438265034,20366.0,96974.75612991773,1476,43819176,31504787,1175548,845403,8262457,6208358,8581501,6804794,10332940,6967175,6182049,2059429,2762543,1988600,907270,1360187,5614868,5270841
152,000598,2017-10-18,-0.005119453924914752,0.0017064846416381396,0.13244403417899608,18912.0,170734.84971647913,1961,64001034,74374164,1650860,1322330,7428229,8656667,8093191,9673053,12645695,13132273,6507284,7440624,4782191,4837695,3533623,3183459,19359961,26128063
153,000600,2017-10-18,0.01333333333333342,0.0019047619047618536,0.27193000043619814,14826.0,85915.86063680825,1491,36039809,26752108,947454,1213749,7085000,7228824,5165140,5114012,7887777,5971742,4120035,2734213,2617786,1661958,1809672,441408,6406945,2386202
154,000601,2017-10-18,-0.005347593582887722,-0.002673796791443861,0.38581375725716277,7470.0,57257.69875635591,375,6012606,4905183,367309,189624,1604518,769071,1252178,2031801,1460051,862827,955550,0,373000,0,0,0,0,1051860
155,000603,2017-10-18,-0.021005251312828155,-0.009752438109527417,0.4696505279236047,10624.0,80477.10979077416,805,17963047,8664858,620533,776901,3198571,3427108,2060271,1931401,3990487,1887422,2178499,642026,1074428,0,1321138,0,3519120,0
156,000605,2017-10-18,-0.0038593481989708245,0.0,0.5844580463335606,23280.0,99321.23383130977,1592,40500729,34879903,968675,1374964,10872572,7744498,8234137,6571272,8725421,6372295,4364479,3859509,2370389,2353913,0,1304471,4965056,5298981
157,000607,2017-10-18,-0.03349875930521096,-0.008684863523573227,0.26066803792672527,12880.0,125147.1495915871,956,29030969,15447741,898245,1059962,3918426,4016086,4391284,2941041,3001347,2533176,3447818,751628,1872091,1368244,2141146,1684976,9360612,1092628
158,000609,2017-10-18,-0.017569546120058566,-0.007320644216691097,0.6363931564115144,13670.0,86850.8818947396,460,12822301,4591357,300932,424009,2437952,1637481,1866162,753730,1440269,1243153,1278000,532984,1758916,0,494570,0,3245500,0
159,000610,2017-10-18,0.007547169811320753,0.018867924528301883,0.6702110121364424,13450.0,130704.95980684963,390,7337958,14069989,401327,202813,1623208,1763624,794705,1003195,1553904,2441588,1420984,2753461,399900,0,477930,429760,666000,5475548
160,000611,2017-10-18,0.0036674816625918982,0.008557457212714059,0.41216215396746747,8250.0,36118.60846474618,393,3879005,4179425,392553,364894,1486440,1632861,1319601,1075254,680411,459056,0,218360,0,0,0,429000,0,0
161,000612,2017-10-18,0.002938295788442735,-0.0019588638589619345,0.3367115371662319,10250.0,55035.18366435866,919,16909227,10720970,921472,630693,4865468,2664538,4601669,1583685,2266788,2611767,2071310,1606907,1633530,713829,0,909551,548990,0
162,000613,2017-10-18,-0.02678571428571419,-0.012896825396825462,0.41610692409151856,10967.0,44101.15905665193,586,11190724,5070606,590796,593607,3207879,1947209,3466971,1386259,1603701,506371,1609604,637160,711773,0,0,0,0,0
163,000616,2017-10-18,-0.006593406593406681,0.00659340659340657,0.12118241093766165,14528.0,184209.3112663433,1413,50398462,48998372,1058585,1172355,4898401,7090798,4912619,6009161,4795161,7043049,5491200,6284583,3395216,3618338,3086114,4058458,22761166,13721630
164,000617,2017-10-18,-0.005810575246949501,-0.0011621150493899002,0.549206600001563,8610.0,47319.22678949498,982,13618750,9345290,864381,792934,4075505,4121708,3467818,1335759,1982810,1759706,2010087,692808,305374,0,912775,0,0,642375
165,000619,2017-10-18,-0.005399568034557101,-0.002159827213822796,0.4801585309246438,9240.0,48144.854613129304,371,5552907,3365769,480723,321944,2054391,1054554,1265208,372271,1282619,656040,469966,0,0,0,0,420420,0,540540
166,000620,2017-10-18,-0.02034883720930225,-0.021802325581395277,0.1715623049610751,4725.0,106056.50352048731,1612,27645972,12382713,1865124,1623751,5495279,3442473,1804015,3692965,1838237,1744352,1460255,1134333,637116,744839,493722,0,14052224,0
167,000622,2017-10-18,-0.030844155844155896,-0.012987012987012991,0.1689465005778711,1851.0,50701.39809217952,1331,18219187,8773033,1939885,496175,3908787,2153788,3934914,2957838,4357385,1289111,522862,1046682,1404770,324360,872848,0,1277736,505079
168,000623,2017-10-18,0.006172839506172867,0.0022045855379189128,0.5552236981155741,22730.0,145739.8357885721,1668,54541452,62788224,1056539,1029353,7959519,7757189,8809972,7830942,9899830,11974441,8687397,8632904,4092288,3177022,2647871,4549879,11388036,17836494
169,000625,2017-10-18,-0.004252303330970819,0.0014174344436570507,0.30651928426218666,24021.0,152903.16925955558,2119,76302147,69278706,1499286,1322476,11344917,9669614,11259247,9851779,13616280,13840683,8512878,6317381,4388205,4832761,4053558,4457320,21627776,18986692
170,000626,2017-10-18,-0.040167865707433914,-0.014988009592326157,0.5483144369898911,13191.0,108093.81419183036,925,25412140,15029575,664276,1204827,3600177,4669432,2396692,2749123,4163304,2068210,2303079,1662405,1982810,716320,1896650,445795,8405152,1513463
171,000627,2017-10-18,-0.014380530973451267,-0.011061946902654829,0.224231976742591,14352.0,113605.48955834273,1626,46695184,22652812,1785350,1358360,8699685,6052046,7983247,4460836,7654652,4524784,3986091,2442092,2455047,1346912,874148,891746,13256964,1576036
172,000628,2017-10-18,-0.028084252758274975,-0.006018054162487463,0.43688811776109043,9940.0,44897.446985358954,520,6954766,5693890,368604,919172,1922790,2348884,1696807,1159104,1495161,1055519,208110,211211,314942,0,409696,0,538656,0
173,000631,2017-10-18,-0.004950495049505066,-0.0024752475247524774,0.17880022315443816,3627.0,195758.4020847418,510,10972280,6211669,708708,212436,1949559,561556,1133943,431770,819447,404100,525747,983644,1086662,0,427180,0,4321034,3618163
174,000632,2017-10-18,-0.010973936899862813,0.00137174211248281,0.24676963954822725,14660.0,130864.0920380664,873,18887030,28350567,799529,687894,3249348,3624786,3011127,4023974,3133265,6499173,1227715,3267023,2080303,3913203,0,1322114,5385743,5012400
175,000633,2017-10-18,-0.0011185682326622093,0.01118568232662187,0.2991737154869425,9878.0,47745.55574762093,893,13442501,9290783,1022661,834320,4443414,3016173,3450594,2433832,3158113,1623594,294590,465926,0,359388,445145,0,627984,557550
176,000635,2017-10-18,-0.016797312430011258,-0.0050391937290032995,0.636718840675462,14187.5,103199.63788124068,786,11912399,10613272,723752,817993,3884898,3596015,3083406,1972119,3061228,1246227,790955,244950,368160,0,0,0,0,2735968
177,000636,2017-10-18,-0.02391304347826073,-0.018478260869565166,0.21355542170324368,15623.0,118283.43236808419,1857,54708811,36961386,1736787,1878342,9250623,7803521,8458594,6294827,8652969,8945963,6226988,4190839,3383960,2774406,2756405,1788120,14242485,3285368
178,000637,2017-10-18,-0.016129032258064613,-0.004398826979472137,0.20314080269149176,2052.0,46565.30820493257,1127,9973794,6069874,1585878,332148,3057993,1492690,1394520,1472656,1857594,711281,407777,760113,778552,359941,0,941045,891480,0
179,000639,2017-10-18,0.0037771482530690736,0.01794145420207749,0.722440459288236,14952.0,66288.34276469903,859,11725944,17466011,803066,511598,3399780,5853031,1504636,2553478,3183423,3187009,1592656,651973,324450,2350617,917933,862089,0,1496216
180,000650,2017-10-18,0.0,0.006688963210702115,0.17525773139139753,6000.0,80762.84201190382,1165,15691685,22427036,1593576,1061986,2732357,3354545,2333884,4298792,1903837,4681150,2015742,3316887,1259934,1308764,904331,422100,2948024,3982812
181,000651,2017-10-18,0.012039312039311856,0.008353808353808168,0.682035133721978,214968.0,1857398.7394613172,3561,934293405,1078208392,235351,148351,7384780,6204467,16639300,15964242,53233721,50592525,50241795,50489447,44227133,39480260,42034912,50129668,720296413,865199432
182,000652,2017-10-18,-0.017013232514177634,-0.009451795841209809,0.1427613319193504,2108.0,73195.5396550407,1374,20447683,10784930,1330171,528082,3619638,1891040,3207451,2533473,3083932,2404392,1655754,268224,1758731,751234,1249637,1794845,4542369,613640
183,000655,2017-10-18,-0.021791767554479424,-0.00363196125907983,0.31184343695041794,8290.0,54739.62830897383,701,12383657,7439918,688695,590304,3425722,2182786,3744381,1446139,1790756,1384033,889084,217525,1007011,714499,838008,904632,0,0
184,000656,2017-10-18,-0.022312373225152005,-0.0040567951318457585,0.13518367225598651,8364.0,91566.90802160691,1332,30374286,11721873,1720475,1195305,7003149,3610618,3487083,1843414,4598233,1605499,4630737,692310,2822482,314240,961378,0,5150749,2460487
185,000657,2017-10-18,-0.026372059871703435,-0.013542409123307175,0.42292237374591096,13960.0,66169.53325324127,1100,22001078,16078478,822213,930535,5568123,5082984,5485693,3155586,5438733,3971792,3166792,511900,393624,1437313,0,0,1125900,988368
186,000659,2017-10-18,-0.022613065326633097,-0.012562814070351758,0.19986420722955073,11288.0,75183.13743839067,396,9762279,5622900,279315,324280,1717424,1609799,1489259,663508,2707473,1473279,1765819,253736,770833,341479,495180,428278,536976,528541
187,000661,2017-10-18,0.04111675126903558,0.020304568527918843,4.264172620334663,47790.0,285838.7596719658,1366,68426944,83421527,16547,28631,7129579,8716740,6527492,7830732,15257304,21787221,4726586,8595371,6288909,5228533,3168144,5542841,25312383,25691458
188,000663,2017-10-18,0.011191573403555033,0.01382488479262678,0.541349968084855,15300.0,80248.07019760227,787,12390842,18319359,856767,651479,2781867,3566590,2820281,3526856,2130060,4390712,1208587,2273768,645392,1040012,478007,1336972,1469881,1532970
189,000665,2017-10-18,-0.011945392491467643,-0.0017064846416383617,0.5049055961318291,5860.0,67762.78693164549,538,10352596,4315116,673454,488791,1530035,1158084,1377550,792455,3427909,906126,669554,0,391280,0,0,969660,2282814,0
190,000666,2017-10-18,-0.008924377642085424,-0.0032879286049788403,0.5691119799245317,14966.0,114774.51940305713,1399,30628717,31569144,1026954,1087284,5392679,6956329,6410121,5147753,7040773,7088491,3934281,3364568,1442900,1038765,1766627,403370,3614382,6482584
191,000667,2017-10-18,-0.008875739644970349,-0.00591715976331364,0.09678819469766715,3380.0,47578.99140385655,1224,13043107,8369227,791624,1248529,3901606,2629374,2718579,1653397,2199268,1205387,734660,0,1077389,1113710,947981,0,672000,518830
192,000668,2017-10-18,-0.004171632896305177,0.0,0.5107747725755498,1677.0,15727.384922510531,1079,767945,3407911,99377,1793724,229515,522593,182313,406198,256740,315576,0,0,0,369820,0,0,0,0
193,000669,2017-10-18,-0.010545905707196157,-0.004342431761786614,0.5035750462499685,9663.0,77964.55988253684,1024,22542709,12908934,1284073,738499,4749085,3336207,3620430,2982840,4657619,2987688,2474490,422490,626595,978746,1286936,423302,3843481,1039162
194,000670,2017-10-18,0.006006006006006093,0.018018018018018056,0.13760271417839567,20550.0,100088.31538642655,2348,54387162,66357773,1589476,1675443,11723516,11376641,10660923,11833995,11195574,15812011,6672950,9578060,4144315,3816200,3097991,5854342,5302417,6411081
195,000671,2017-10-18,0.0,-0.0029985007496251548,0.154441776942298,20100.0,192471.05602099161,1868,81983557,68916648,1843938,1025783,8291760,8083126,7766389,6932903,9679341,11292580,10136382,5562395,4367777,6805673,4345947,3034066,35552023,26180122
196,000672,2017-10-18,-0.017137096774193505,-0.006048387096774244,0.24090346497200854,11868.0,77962.39997829203,1696,41582445,21126349,1908792,2166395,7977992,6484012,6929021,5123496,9638918,3246922,4308902,1177016,3495662,1058006,2622596,406310,4700562,1464192
197,000673,2017-10-18,-0.0060344827586207295,-0.0060344827586207295,0.469413942423502,13841.5,121574.57743249746,610,16558675,6780582,619326,352070,3188267,2295867,3257279,1767912,3696554,880734,1878171,1483999,1024384,0,445443,0,2449251,0
198,000676,2017-10-18,-0.001434720229555153,0.004304160688665792,0.45817228921374115,12645.0,50632.90871461504,925,13847760,12393592,809495,626392,3900046,4319313,2849834,3119933,3333438,3019109,1495504,899945,344040,0,497730,408900,617673,0
199,000678,2017-10-18,-0.018890200708382543,-0.009445100354191216,0.3031798436359412,9207.0,42569.34051563763,780,12440816,5607410,857548,835215,3880859,2526773,2078091,1272078,2470080,552691,2076531,420653,664080,0,413627,0,0,0
200,000679,2017-10-18,-0.027964205816554788,-0.01230425055928408,0.4253020795813745,10620.0,41344.64111694487,441,6574822,4313107,320252,638036,1953524,1848932,2063622,931154,1171284,302671,702756,240176,363384,352138,0,0,0,0
201,000680,2017-10-18,-0.021126760563380254,-0.0017605633802816323,0.15879228838288698,7358.0,61186.29701884627,1281,19975113,12818092,1073770,1518656,5128517,3651576,3548289,2137756,3488967,2282698,1794623,1878624,2392365,310750,452000,468032,2096582,570000
202,000681,2017-10-18,-0.01228249744114629,-0.016888433981576134,0.6156120480919156,7720.0,45453.935469818854,1007,14211490,6140191,1441184,875201,5339210,2450781,2599514,1468270,1833202,656584,667916,230760,708624,0,480250,458595,1141590,0
203,000682,2017-10-18,-0.005660377358490565,0.0018867924528300772,0.21141320722801046,5330.0,71025.68222742665,628,8001216,9316385,411578,732537,1792377,1814744,1365393,1274004,1669249,1024272,1250280,754180,979339,1446157,0,416273,533000,1854218
204,000683,2017-10-18,-0.006230529595015577,-0.0031152647975076775,0.08283101374684136,7975.0,139874.45990082956,1509,32887112,27074829,1545736,1103208,6788692,3976799,5403935,2054798,5480187,2453605,3166114,1413217,2971382,2761242,2210745,908909,5320321,12403051
205,000685,2017-10-18,-0.0073260073260073,-0.005494505494505586,0.3551018874437481,6540.0,77222.04162774658,945,18277148,13311997,952207,573375,3519026,2345490,3231955,1819057,4188195,2238919,2347411,950451,1401466,2155139,853027,872400,1783861,2357166
206,000687,2017-10-18,-0.017068864037669162,-0.017068864037669162,0.30485251219182663,92620.0,2651280.846594587,3111,726603016,788896491,699122,1113038,8458404,10986775,13220999,17876716,30096194,32209370,28852037,30313956,19927661,27312600,20666174,31837294,604682425,637246742
207,000690,2017-10-18,-0.02777777777777779,-0.011363636363636354,0.246777634263984,10270.0,66752.7796127623,1030,21486277,11138664,1131795,631662,4352779,4127177,3610630,3135074,3403966,1661003,2130117,1176108,3591140,0,1226960,407640,2038890,0
208,000691,2017-10-18,-0.002673796791443861,-0.0013368983957220415,0.6536151673440944,11235.0,47539.506535962704,130,1575536,2066545,168992,55562,475415,293581,670612,666016,260517,296604,0,754782,0,0,0,0,0,0
209,000697,2017-10-18,-0.029503105590062195,-0.010869565217391353,0.7017411887628144,25700.0,105794.94139797219,1347,45891820,33153124,670040,838639,7862587,6286318,7892845,5651553,8369126,9233069,6185535,5211256,5174362,3799356,3204584,828494,6532741,1304439
210,000698,2017-10-18,-0.012307692307692353,0.0,0.30614851556107037,12369.0,122892.50209325092,450,10642409,7232404,305980,560247,1562418,1926563,2011062,1138904,1265797,1185047,688481,474193,0,1348800,0,0,4808671,598650
211,000700,2017-10-18,0.0,0.007204610951008661,0.2850573853064185,10477.5,48970.029168860056,592,8431545,7900844,491628,681511,2160621,2554098,2292542,1522888,1443827,1711327,912483,1130020,678244,301000,452200,0,0,0
212,000701,2017-10-18,-0.016976556184316816,-0.003233629749393674,0.4508504580435193,6205.0,42017.80015258773,752,7691634,8008704,372418,968968,2883102,3157723,1765754,1460692,1644057,1377793,691618,0,334685,0,0,425528,0,618000
213,000702,2017-10-18,-0.018369690011481032,-0.0022962112514353095,0.3652154224402859,11736.0,32337.993716116827,568,6255562,7406359,538979,452330,2600689,2969186,2053498,2107086,1062396,1358322,0,519435,0,0,0,0,0,0
214,000703,2017-10-18,-0.0158629441624365,-0.022208121827411165,0.34772118059099627,10815.0,32181.69283438151,2056,28213472,12018351,3825904,1158209,12539387,4729577,6157658,3508377,3331366,2155486,751333,466702,612402,0,474622,0,520800,0
215,000705,2017-10-18,0.0066539923954371805,0.015209125475285079,0.2302680143565855,2136.0,28710.83708334505,2088,5189695,14421327,716010,4417348,1806564,3322724,851804,1910994,563057,2021767,786834,1803158,0,945336,465426,0,0,0
216,000707,2017-10-18,-0.010463378176382654,-0.002989536621823663,0.23914812802960259,5352.0,27972.292247800382,782,4005270,7864387,331754,1704223,1691804,1864108,1557937,2154968,423775,1419089,0,421839,0,300160,0,0,0,0
217,000708,2017-10-18,-0.034638554216867457,-0.01957831325301207,0.3787919927824897,7992.0,110064.2610737358,1229,30215200,15640943,854271,1466228,4227702,4134049,3219438,2550665,6786927,2393157,2568235,1710796,1716617,685223,1338665,0,9503345,2700825
218,000709,2017-10-18,-0.01598173515981738,-0.006849315068493178,0.08578216168894849,14388.0,196236.37578075103,2620,101347023,61352599,2256669,1678193,14371874,8925227,12015764,6714919,13026403,7366763,11948831,6998089,8244845,2279883,4984939,4864831,34497698,22524694
219,000710,2017-10-18,-0.010258915486077158,0.00618791727731649,1.8028656110039554,24812.0,116049.09983735782,1160,32669891,37735293,643715,618522,6417585,6604939,4335915,6815852,5660400,8046050,4276666,4477882,3400352,3732928,1837863,1369475,6097395,6069645
220,000712,2017-10-18,-0.021393034825870627,-0.0034825870646766344,0.631948977122545,20080.0,121318.4755001098,1011,31287124,19282002,764985,592440,6318098,3978509,4839589,3036472,4666659,4232741,4551781,3897792,1859939,999314,1691628,1269872,6594445,1274862
221,000713,2017-10-18,-0.002421307506053183,0.006053268765133346,0.29703548242565664,16500.0,54960.94116553301,774,15217637,12763157,712854,504159,3762019,3396430,4000275,3167975,4072935,2813274,2347228,1647509,322326,665970,0,0,0,567840
222,000715,2017-10-18,-0.03371783496007086,-0.024844720496894346,0.39309701379273926,9972.0,362861.6730451268,822,20846534,25508214,698089,547233,2642366,2853058,3106602,2417417,2823496,2051571,2312584,760266,1055016,1307042,1346701,864640,6861680,14706987
223,000716,2017-10-18,-0.02398800599700157,-0.010494752623688153,0.1624898501522247,13320.0,160012.21593601248,1687,50952909,28264233,1518291,1280519,9020603,6108890,8279718,5180688,7357923,5889821,3342738,2502633,2369089,1264502,1822721,1350282,17241826,4686898
224,000717,2017-10-18,-0.049032258064516165,-0.015483870967741953,0.15002060259163208,27864.0,239990.2646254799,2674,140554316,85299992,1135067,1406211,22257495,10325007,16999159,9315574,17553434,14404643,12934917,8684165,8364192,4955204,7341621,4920433,53968431,31288755
225,000718,2017-10-18,-0.0018248175182482562,0.0018248175182480342,0.15829566170732967,2196.0,59969.23004146576,1199,13752602,7179811,1318110,662083,2925747,1214684,1844295,931229,2708107,1518763,2203328,1579655,0,320100,842166,402197,1910849,551100
226,000719,2017-10-18,-0.0077071290944122905,0.0038535645472059787,0.43414075349681946,5200.0,28871.692954902093,571,4433956,3714981,405214,708636,2312452,912490,758918,796927,702951,617289,254421,679639,0,0,0,0,0,0
227,000721,2017-10-18,-0.016528925619834767,-0.009641873278236845,0.25972976158526034,7270.0,88997.01490175672,781,16592012,7302018,553606,1061568,2434002,2633966,2230538,1466169,3894506,1457513,2103423,0,1447979,682802,465264,0,3462694,0
228,000722,2017-10-18,0.004122011541632276,0.009892827699917506,0.47157648592105095,18195.0,98342.22403398478,661,14167165,17373980,571547,557973,2624535,2809068,3766417,3161082,4095513,3067829,1274321,1343922,384072,2404044,0,487035,1450760,3543027
229,000723,2017-10-18,-0.012514220705346912,-0.00568828213879391,0.28388660113781705,25404.0,157477.9130286966,959,42900641,43656252,887967,458437,3750538,2913532,4848200,4291238,4511276,9356294,5567382,11135238,3118172,6670110,3093357,5370699,17123749,3460704
230,000725,2017-10-18,0.027184466019417375,0.003883495145631022,0.08605662158214951,546008.0,2302575.125147227,3601,1875497609,2775561948,15225,20996,1154815,1186842,5826729,8011371,28652753,37586187,45031854,56874377,45339080,67623226,55982768,55536838,1693494385,2548722111
231,000726,2017-10-18,-0.01632653061224487,-0.017959183673469492,0.325909125291484,3669.0,107783.16981918516,1413,28189529,9749149,1600825,955948,5067832,2920966,3232834,2374711,4442306,1130378,2408165,656431,1437176,373320,404952,488800,9595439,848595
232,000727,2017-10-18,0.020979020979021046,0.03146853146853168,0.054083918875229904,21238.0,371611.3962054567,2829,117373345,196768465,1388507,2151093,9914565,13876815,8946561,15578396,13126245,19698166,10144242,12254583,7349854,10997908,8074614,6413784,58428757,115797720
233,000728,2017-10-18,-0.014285714285714346,-0.0022556390977443996,0.277003493514835,26560.0,169448.0951930792,2306,98419784,89339063,1037391,1506409,9984003,11280655,10106366,11230278,18415824,17206744,12580728,12648738,11529329,6771309,5775282,5641205,28990861,23053725
234,000729,2017-10-18,-0.007704160246533087,-0.0046224961479198745,0.18128215578964044,7776.0,73734.09862886007,1282,25530061,15199968,1154406,870473,6296294,2450060,7396235,2030880,3969434,6250648,1575898,1018597,2361441,0,0,1322526,2776353,1256784
235,000731,2017-10-18,-0.0085784313725491,-0.009803921568627416,0.2902089142463194,12210.0,109016.61476908419,790,20120287,13946543,514909,1073074,3255853,3262295,3041686,2584511,3618562,2443720,1674654,2252968,1768756,1089200,1789484,405000,4456383,835775
236,000732,2017-10-18,-0.01444251877527436,-0.013287117273252491,0.47321544904928625,8615.0,24411.521154364196,1338,14304647,6586218,1539736,851293,8511335,3338262,2061322,1289207,2192254,512251,0,244673,0,350532,0,0,0,0
237,000733,2017-10-18,-0.02052785923753675,-0.0017595307917889214,0.44799641782427535,17110.0,91574.7122622629,1448,38995445,28241368,1901364,1027553,7685660,6093948,7945321,5243452,6685698,5836323,3066337,3409744,4151326,3145840,433389,1289785,7126350,2194723
238,000735,2017-10-18,-0.01807228915662651,0.0,0.151821692385013,52794.0,336598.97902229393,2999,214245319,240143021,1198797,1495317,11273745,12462447,20450371,21267408,29144698,28508506,21540889,19921337,20718906,16639487,10705345,19548690,99212568,120299829
239,000736,2017-10-18,-0.007284768211920478,0.00596026490066226,0.538121958502277,15150.0,66223.91609281782,787,12949746,13236870,765790,569174,3984807,3626824,3030609,2926794,1776842,3133699,968389,1266024,334152,723250,461897,440865,1627260,550240
240,000737,2017-10-18,-0.021276595744680882,-0.006546644844517169,0.22130769518621882,9399.5,65241.41155519812,762,12653622,7000818,751565,682434,3866252,2268058,2804472,1029023,2625191,1252633,551329,236901,678126,0,0,498777,1376687,1032992
241,000738,2017-10-18,-0.004743833017077703,0.0009487666034158071,0.4197459452055721,41780.0,211180.4566364602,2523,136444018,140982387,803912,738410,12039113,12712767,14453906,13258874,25785980,22566937,20682457,19482293,11543859,11770661,7626505,10143909,43508286,50308536
242,000739,2017-10-18,-0.019099590723055893,-0.009549795361528002,0.23754662274348967,20300.0,77821.41214152086,952,26438275,11390045,738145,592933,4742482,4438250,11474003,3944648,2970273,1284865,1106852,421490,698256,707859,426904,0,4281360,0
243,000750,2017-10-18,-0.01211072664359869,-0.0034602076124568004,0.17407733866595737,9248.0,153231.56252604743,1103,32743544,18572147,1317760,872022,3958032,3069382,4386367,2009348,5985377,2925388,3209071,3834845,733913,678038,877521,1261794,12275503,3921330
244,000751,2017-10-18,-0.022298456260720356,-0.005145797598627877,0.14133264588694713,12848.0,113796.39502171573,1704,42384053,33834280,1391983,1612666,8920247,6351243,7377655,5063552,6359404,3794122,4060830,1945650,2202049,2098554,3167088,3622227,8904797,9346266
245,000752,2017-10-18,0.0,0.0028368794326241176,0.6518500501029305,11344.0,87139.76165040849,467,6211966,9525992,496740,492229,1852011,1893291,1388086,1894074,103955,1644156,688814,757715,0,1007702,0,0,1682360,1836825
246,000753,2017-10-18,-0.008752735229759279,0.0,0.21020295041042306,9180.0,53478.46096489196,472,6389277,6266425,554454,365251,1899226,1937345,1290498,1167484,1151152,1179588,1081747,781539,0,359119,412200,476099,0,0
247,000755,2017-10-18,0.0060882800608828,0.01522070015220689,0.19682387418719927,7276.5,70142.16714514796,1116,17338175,13853232,1346944,839730,4655489,2819406,3900012,1967380,2889109,1806518,2399084,1247418,1011255,1398994,0,464310,1136282,3309476
248,000756,2017-10-18,0.003873824017708971,0.007194244604316502,0.42083725177257203,18180.0,135730.18281300153,1845,52007949,58835192,1766095,1142120,9168537,5641293,8104258,7978529,8391546,8457026,6899038,5504657,4136564,7618211,1268429,4588456,12273482,17904900
249,000757,2017-10-18,-0.02063273727647863,-0.011004126547455195,0.27892747554106484,13813.0,59001.667431079826,679,16411285,5861709,508766,619453,3658169,2183621,4333108,1463421,3066345,574855,1988445,677000,1798000,343359,460636,0,597816,0
250,000758,2017-10-18,-0.021476510067114152,-0.005369127516778538,0.20569678081022397,11778.5,120195.99499388992,1312,36637998,18434666,1376157,1359693,6255148,5036281,5366221,3497114,4559689,3197781,3408502,1896404,2017378,338096,436141,430272,13218762,2679025
251,000759,2017-10-18,0.004301075268817067,-0.005376344086021612,0.34712494473896655,3706.0,66187.853844658,718,9680731,8771855,760142,585447,2326146,989251,2076163,1952809,1267428,2450118,779825,1019700,1152567,698125,461000,493025,857460,583380
252,000760,2017-10-18,-0.05857740585774063,-0.01778242677824271,0.34373572685895015,4740.0,55806.728726029505,773,11412347,6792475,676417,956011,1815045,1947495,3286171,1227558,2301028,1068497,1330574,245756,1023632,337101,470000,467677,509480,542380
253,000761,2017-10-18,-0.028960817717206155,-0.020442930153321992,0.14277142740320772,6971.0,123574.3643344108,1693,42634866,23234438,1380881,1555110,5815891,4281275,4512586,2852318,8419083,5980549,3869930,3451576,3792659,314902,1286815,2175166,13557021,2623542
254,000762,2017-10-18,-0.028784648187633377,-0.0106609808102347,0.37791606123289845,35720.0,171342.4903130928,2465,106408360,99555745,1293440,1264242,10721020,12273572,14830415,17349733,23254383,19249204,16098940,14654990,10941117,5215577,7356649,4471710,21912396,25076717
255,000767,2017-10-18,-0.014450867052023031,-0.00867052023121384,0.12686042738961503,3440.0,152082.3983999088,745,14035825,6025510,612767,665308,1328834,2551927,1026907,776948,590379,813701,938393,701626,344000,0,946711,0,8247834,516000
256,000768,2017-10-18,-0.018709995076316988,-0.009354997538158383,0.3634195192961434,57008.0,320531.3051311119,3125,238956393,211945860,887951,914680,12782333,14100240,18214164,20507067,29670488,38378744,27874012,29887580,15000271,15591484,22946893,26836306,111580281,65729759
257,000776,2017-10-18,-0.007494646680942241,-0.010706638115631661,0.3641485920825392,42676.5,475689.09176559455,2632,266669604,172353156,1101611,1336935,12446811,12255620,14661503,16032158,23465855,23378448,16758319,17333642,16709193,10289894,10191453,9486552,171334859,82239907
258,000777,2017-10-18,0.0,0.0052234474753336535,0.4800287051538594,17320.0,118395.70194580921,1288,33146126,25698395,1142610,928456,7270179,5370541,6246038,6244231,7130836,3666952,2012319,2856722,1073503,977798,1747830,1718975,6522811,3934720
259,000778,2017-10-18,-0.01577287066246047,-0.007886435331230235,0.13472153805102324,8848.0,86985.33674225943,2218,52887435,23272769,2559692,1229308,10818391,4978860,9440120,4852291,11772652,5071231,4681790,1938414,2476322,1039809,1255055,2755373,9883413,1407483
260,000779,2017-10-18,-0.02677532013969741,-0.0017462165308499422,0.36842860860819465,26160.0,119010.73425026797,2177,73765833,63461097,1239841,1226344,10906291,10019143,13695503,10384054,15570594,14578157,8906836,8738075,8123755,5481737,2189956,3582005,13133057,9451582
261,000780,2017-10-18,0.005859375,0.015625,0.22471519035684534,11506.0,218645.15416210925,519,11653097,18143749,335419,484125,2230441,2327404,1654888,1125539,1920073,1665563,291781,958070,312304,964163,0,426060,4908191,10192825
262,000782,2017-10-18,-0.017699115044247815,-0.009832841691248762,0.46236620686225083,12084.0,76604.58065247853,483,11876196,5171738,332161,438228,2485291,1891232,1390673,1144490,2430710,1496788,1448209,201000,922068,0,884890,0,1982194,0
263,000783,2017-10-18,-0.017653167185877505,-0.0020768431983386737,0.2541252788461617,9650.0,175573.9366610605,1436,42962890,32678141,1531910,1663686,5404585,5552691,4586240,3631832,6726063,4606755,4199612,1963750,1488242,1355875,2297877,4100582,16728361,9802970
264,000785,2017-10-18,-0.01317957166392092,0.0016474464579900872,0.3425820751204615,14628.0,93236.09514492033,1256,29520331,16434576,1000281,833826,7000273,5340189,5815052,4101661,6333053,2808501,3279370,548566,1392483,1449145,400248,415480,4299571,937208
265,000786,2017-10-18,0.02506596306068598,-0.006156552330694676,0.39391824903247785,94458.0,583071.2009399816,3343,418787992,369390042,497921,676368,9179451,11018035,21376321,25716126,40767787,43858539,37102775,30519326,30227513,26826313,26033517,35032103,253602707,195743232
266,000789,2017-10-18,-0.0059880239520956335,-0.004790419161676551,0.3040214847838591,15827.0,73575.82617270228,754,18957782,13192170,831162,617739,3109432,3088859,3249548,3371633,4136038,2272100,4659444,2127523,1325163,315019,958096,835672,688899,563625
267,000791,2017-10-18,-0.03853754940711451,-0.024703557312252933,0.17864749668187518,51572.5,333451.6778820662,3216,257632275,176815359,1206535,893757,14850957,12776823,22914389,15328919,37215024,28022367,30972368,24902377,23128884,18931635,20096111,12302967,107248007,63656514
268,000793,2017-10-18,0.0029268292682926855,0.005853658536585371,0.29737689523309735,14448.0,330793.5647748342,1188,42468318,70659585,1153123,482285,4798939,3539476,3954879,2939080,6883357,7520121,4619293,8417714,5217860,4582950,2195650,2607408,13645217,40570551
269,000795,2017-10-18,-0.0055325034578146415,0.004149377593360981,0.16325763771907909,14560.0,68463.52367679325,1963,35558813,39756189,1665316,1734799,9600952,8957103,7570133,7903724,8317383,10062297,3503989,4596639,1773534,2460564,1737988,1441737,1389518,2599326
270,000796,2017-10-18,-0.017621145374449254,-0.002936857562408135,0.4331953862131178,13630.0,48835.22467772568,988,17048428,10675295,967340,761134,5894386,3483712,3537704,2612131,3783441,1497562,1506617,1008526,0,1312230,816300,0,542640,0
271,000797,2017-10-18,-0.0223107569721116,-0.012749003984063756,0.374566774724435,16328.0,118947.57116447229,1123,36956718,21489958,1028784,815436,5185741,5224779,5670281,4277796,5770846,4754540,2451511,3223710,3987534,1046466,1749134,829481,11112887,1317750
272,000798,2017-10-18,-0.0032188841201717944,0.0,0.4224177685137765,9360.0,45971.596560246246,486,4160349,7000610,412562,718725,2005036,2191192,1012490,943940,730261,1268371,0,886316,0,306114,0,0,0,685952
273,000799,2017-10-18,-0.013214285714285734,-0.010714285714285787,0.5116860970821141,35470.5,230568.99271877206,2996,142585317,124998896,888899,1809002,12238908,17052793,17052392,18021722,27912664,29888473,16023633,15617354,11114635,13460338,5811466,7020526,51542720,22128688
274,000800,2017-10-18,-0.023484848484848442,-0.013636363636363669,0.2921286031821169,32599.0,251791.64081304686,2043,124382912,87500931,901115,1198185,9873707,7611073,11989930,10172288,18660107,15997160,12975505,8610750,5955737,10326391,6514277,3081125,57512534,30503959
275,000801,2017-10-18,0.006119951040391758,0.022031823745410017,0.2210441007953141,13088.0,113428.36316886889,1367,30890702,35440182,1263434,1692174,6156358,5274077,4173958,5294366,5410837,4748176,1891818,3566437,2023802,3810699,2581357,1831421,7389138,9222832
276,000802,2017-10-18,-0.012820512820512775,-0.007692307692307665,0.4409756359794367,15560.0,112926.55398977676,1251,33187693,21405105,992397,1241957,5611488,6228441,5944766,3638905,5777593,4076516,3215739,2210294,1695084,1718082,844377,1780790,9106249,510120
277,000807,2017-10-18,-0.053543307086614145,-0.04645669291338583,0.22252056487808017,79488.0,555663.2743179303,3263,392539939,342363354,694775,980524,10078141,13725961,18116136,21996322,31332347,40860419,40208915,39975397,31779405,26640385,24624087,21191262,235706133,176993084
278,000809,2017-10-18,-0.024663677130044914,-0.011210762331838486,0.2080510736888996,13260.0,99605.17146950643,459,12994394,7190963,338971,320437,2671271,1588963,1957439,1380446,2520084,982910,1670029,454026,360450,679512,1716447,0,1759703,1784669
279,000810,2017-10-18,0.022935779816513735,0.026605504587155826,0.26865012182990156,19773.0,100809.48706470063,1648,33674078,46245724,915221,1180799,6519424,8752551,6612014,9279454,8119398,10885326,5002225,5635678,2987258,3338544,1397086,2583760,2121452,4589612
280,000811,2017-10-18,-0.014056224899598457,-0.014056224899598457,0.3065988237913719,19820.0,97386.3866492317,1055,35911236,15257837,1006354,1025910,9779589,3844342,5156052,2621966,6425622,2252168,4611218,960644,2381133,1422666,3702447,457623,2848821,2672518
281,000812,2017-10-18,-0.016091954022988353,0.0,0.39551861262217614,13110.0,105066.65691847613,483,10907148,10217998,598145,498511,2013686,2084887,1132155,1887273,3579756,1826185,1524939,1496426,0,691341,891855,0,1166612,1733375
282,000813,2017-10-18,0.00881612090680095,0.016372795969773257,0.23256133431937315,4728.0,43372.74428196554,1166,11408237,12993500,1619855,622648,2679239,2551739,2858047,3279032,2812755,4172320,436631,1670860,1001710,696901,0,0,0,0
283,000815,2017-10-18,-0.04796599878567087,-0.00850030358227083,0.548311314258306,16275.0,69531.59464707859,902,23262503,10433389,1015412,572599,5176305,3815656,4331635,2374577,4979397,2011264,2462926,696485,1648304,303875,1328719,0,2319805,658933
284,000816,2017-10-18,-0.00670016750418756,-0.055276381909547756,0.11583792170153123,42075.0,376111.25413377583,2691,188439933,175548038,607058,1694632,9498443,14313741,12920725,17374656,22466356,25205090,20950020,19153085,13452434,14540007,12954280,11526537,95590617,71740290
285,000818,2017-10-18,-0.008628127696289845,-0.0051768766177739955,0.35491905104941945,11560.0,94386.60338299602,1066,24063959,12760110,923108,921053,5730075,3844813,3066602,2809273,3678002,3279252,1862758,967634,2477238,0,1360164,938085,4966012,0
286,000819,2017-10-18,-0.03753665689149566,-0.008211143695014744,0.7149397569500135,11875.5,102357.89927183908,568,12122172,6545369,492561,599037,2914411,2101906,2494041,1273981,3193887,246426,930230,288819,724763,0,0,0,1372279,2035200
287,000821,2017-10-18,0.005094614264919972,0.0065502183406114245,0.3549378191461618,20715.0,101826.99366380031,1499,41170527,38764112,1103797,990200,8541001,6303775,8545935,5387576,9922635,6831067,6141348,5350644,2321873,2353203,1776665,1767520,2817273,9780127
288,000823,2017-10-18,0.008163265306122547,0.0156462585034014,0.3111615821403965,29980.0,228386.13385480293,2233,93208421,117953785,946533,1689852,9286332,9074164,17779926,11009818,15316490,16252808,11370860,11499439,7795351,7810266,5811940,5780035,24900989,54837403
289,000825,2017-10-18,-0.01980198019801971,-0.005940594059405946,0.1059957125729935,10521.0,197276.03671999893,2278,80400400,53489928,2026906,1683414,8808848,6712009,8096255,7324889,9025575,7671493,6524010,6723183,5402884,3507438,4441428,4600401,36074494,15267101
290,000826,2017-10-18,0.01561643835616433,0.015068493150684814,0.7923676355610658,40793.5,302558.49426522385,2122,130325408,147260536,771522,838009,10541845,10889753,12341848,11089166,20046373,16324732,14633018,13630503,9463741,13668954,9791136,8174996,52735925,72644423
291,000828,2017-10-18,-0.008064516129032251,0.0,0.6785801690445982,14928.0,151783.48012984626,333,8745771,10086865,281923,216190,1800203,1259879,1230180,1270614,2190497,1544337,674960,729156,372300,374480,455080,499284,1740628,4192925
292,000829,2017-10-18,-0.012987012987012991,-0.017316017316017396,0.26041835520938145,18296.0,156434.40245825588,1970,76455560,41353683,1452023,933000,9466471,7484448,10457603,6342766,14433031,8084356,8726711,4998191,5659288,3372494,4939508,1838018,21320925,8300410
293,000830,2017-10-18,-0.023985239852398532,-0.01568265682656822,0.21318109226937462,25728.0,229905.2023064268,2588,144565222,87821927,1463556,1416058,11556925,11036102,13926317,11703420,21155820,17673239,17742142,9944360,9254329,10683089,5321120,4806740,64145013,20558919
294,000831,2017-10-18,-0.011502516175413424,-0.0014378145219265948,0.300396129273554,28060.0,156029.5688916054,2145,76815493,85290873,1380489,1141129,11748755,9275318,13323185,10415307,18693246,16985032,9498102,10657121,4448283,6259246,5285218,4009020,12438215,26548700
295,000833,2017-10-18,-0.014669926650366705,0.0,0.3320716638487396,10614.5,40634.942246273524,606,9330084,5265763,662647,682533,3103364,2371240,2093857,949708,1853327,773025,1205625,489257,0,0,411264,0,0,0
296,000837,2017-10-18,-0.009247027741083214,0.0013210039630118242,0.28723066521654017,12128.0,51401.036917089456,694,12017212,8817652,718596,755107,2893527,3119187,1947379,2538731,2748523,1422273,2412613,273600,1296574,708754,0,0,0,0
297,000838,2017-10-18,-0.01846153846153853,-0.009230769230769154,0.21724856598230144,8359.0,40314.463288429164,895,12161326,5568198,1074568,809735,4503393,2504448,2189336,1112540,2230504,445580,942789,265680,645000,0,0,430215,575736,0
298,000839,2017-10-18,-0.0185185185185186,0.0,0.21022592462204848,31407.0,188285.32898563615,2641,130573513,105150048,1406340,1173081,15072181,10188997,14666881,13386005,23582101,16322476,14963614,12798582,10131493,10674730,9250170,5740301,41500733,34865876
299,000848,2017-10-18,0.002830188679245449,0.01226415094339628,0.2827866477815206,17024.0,97429.02808764341,1406,32750422,34326358,1054484,819057,5912938,6859374,4127552,5584927,8868115,6851653,3676510,3124007,3696474,358703,2155970,2569807,3258379,8158830
300,000850,2017-10-18,-0.009578544061302652,-0.003831417624520994,0.2681835114051413,11505.0,45383.215152443045,378,5032186,4408238,110236,405269,1215767,2313456,1195547,564232,1008959,917253,683181,208028,0,0,818496,0,0,0
301,000851,2017-10-18,-0.043365134431916696,-0.028620988725065022,0.34574363897117855,22860.0,181199.09310100204,1112,61090661,28846443,530882,811644,4494174,4847916,4724078,4321493,8636356,6272149,6164529,3971227,6201531,2107233,3976031,1825885,26363080,4688896
302,000852,2017-10-18,-0.025498007968127512,-0.00876494023904395,0.32587022171856694,15108.0,86320.55360584163,1483,34346054,22133158,913547,1232663,7292174,7502675,7236697,4960291,10037222,4613097,2926260,1467045,1046753,1468274,1816561,889113,3076840,0
303,000856,2017-10-18,-0.014061872237846607,-0.0028123744475693213,0.5209127091422823,24870.0,119197.15734557803,2283,63923281,62565785,1582151,1698673,12459126,12248258,12659166,10270912,15299820,14159238,6944103,8064198,5223720,3533901,2663505,3142535,7091690,9448070
304,000858,2017-10-18,0.020459081836327497,0.006653359946773296,1.03369143426604,89310.0,360590.13571061305,3383,290803685,324087627,389555,413693,7676829,16318567,20965602,29005878,42229582,51145199,32188353,40059240,27408846,31540905,12934556,27503356,147010362,128100789
305,000859,2017-10-18,-0.017681728880157177,-0.007858546168958758,0.2408194135143503,10140.0,67540.19611047776,446,10532266,3919953,364716,359657,1933011,1551696,1312640,631470,2420343,1022930,1954991,0,983580,354200,854585,0,708400,0
306,000860,2017-10-18,-0.017866004962779125,-0.0054590570719602605,0.4814308578161269,10000.0,102869.24312790335,1752,40878199,26537519,643757,3018326,7278105,6668383,4521982,3947444,8786546,7448990,4676157,1879353,3738325,2092035,402000,975539,10831327,507449
307,000861,2017-10-18,-0.0026881720430108613,0.008064516129032251,0.1713382031417474,7480.0,61297.942216783755,471,5460470,7506968,402160,458667,1745760,1834839,1002283,658223,1528392,1949717,222375,0,0,2605522,0,0,559500,0
308,000862,2017-10-18,-0.012345679012345734,-0.0092592592592593,0.19856409226499913,8307.0,52741.1497880746,1065,14979685,11342291,1921435,1049092,4181372,3450038,3480477,2639136,2262470,1664736,660900,524613,1637131,978992,0,458784,835900,576900
309,000863,2017-10-18,-0.012711864406779627,-0.005649717514124353,0.2933197902167362,12002.0,69957.56895976541,582,10989633,9405739,493730,470921,2298723,2625560,2644907,1525124,1866790,1203251,1917980,767457,1350558,746749,416945,905091,0,1161586
310,000868,2017-10-18,-0.04771178188899705,-0.03505355404089572,0.17826180538983089,62124.0,425442.29532512074,3327,316287934,235526132,914460,994640,15183100,11164774,22658573,18308335,40364838,36731762,36775483,28762050,27934371,19296040,21355602,15224786,151101507,105043745
311,000869,2017-10-18,-0.01517133141511895,0.007847240387130583,1.0968775635299788,23004.0,128464.37219875962,1214,32371625,40019583,760098,773571,7703904,6163019,4925500,5973277,6698444,7103562,4170374,5251916,3950962,4889929,450878,925329,3711465,8938980
312,000875,2017-10-18,-0.012096774193548265,-0.004032258064516014,0.16137234240667128,10353.0,67535.92617462436,945,19333765,9890063,1158348,959332,5534815,3345558,3544048,1506129,3505464,1524589,991859,748370,1383200,0,1857895,499455,1358136,1306630
313,000876,2017-10-18,0.0040431266846361336,-0.0013477088948786742,0.23129739155833887,8140.0,134295.42695092064,1029,24271566,19850387,1022629,993689,3650927,3234251,2900109,2704331,2627603,4544085,3590979,1495685,1788630,684192,948591,2227200,7742098,3966954
314,000877,2017-10-18,-0.023980815347721784,-0.00959232613908867,0.23651508125427073,28945.5,198873.79465670267,2800,120966720,91466618,1322184,1647993,14524456,13768144,16880265,15064118,23930008,20320690,14689701,12320595,7189990,5949378,6900500,4459252,35529616,17936448
315,000880,2017-10-18,-0.016979445933869464,-0.0044682752457549935,0.5866243907500279,5585.0,36619.32068287804,363,4487654,2197746,355648,245109,1044064,772029,1486860,438313,829060,518695,438722,223600,333300,0,0,0,0,0
316,000881,2017-10-18,-0.026519337016574607,0.004419889502762286,0.3398645594569788,32868.0,478861.55723797664,2839,185115530,201851690,1684719,1384792,10547826,11395976,12876692,13476530,17567948,25588661,16763301,19141795,10790458,14934933,14754875,11643650,100129711,104285353
317,000882,2017-10-18,-0.008474576271186529,-0.0028248587570621764,0.13618788533636544,6539.5,84758.17679083972,676,11461321,9444351,446465,884444,2075814,2149309,1441458,1079460,2598093,2009480,455574,984196,1354814,319308,428189,929384,2660914,1088770
318,000883,2017-10-18,0.002004008016031955,0.006012024048096087,0.1402610886615621,5000.0,49370.84458003627,1267,7999061,13313942,608075,2267192,2809428,3497497,1757514,1533346,1422260,2114528,251500,1567717,662244,321141,488040,500000,0,1512521
319,000887,2017-10-18,-0.005893909626719096,-0.0004911591355598599,0.7025746194159047,20320.0,150308.1631171396,839,25716313,26048504,721719,446310,3952427,3031032,3895888,3351874,6245146,3446744,2652011,3146569,2806731,1691925,1356566,3299394,4085825,7634656
320,000888,2017-10-18,-0.010791366906474753,-0.003597122302158251,0.3959426281892861,13236.0,116773.30204829198,788,16372696,11166121,403296,873244,4202146,4021381,2524518,1660842,1703932,1722663,1441923,740611,668831,1045915,450309,0,4977741,1101465
321,000890,2017-10-18,-0.01055408970976257,-0.0013192612137202797,0.33975016975385125,7590.0,99744.80007599668,497,9238438,6840566,706173,450833,1861353,1634091,1737756,1506275,919802,832763,230432,446292,2117399,0,0,427512,1665523,1542800
322,000892,2017-10-18,-0.0012468827930174342,0.007481296758104827,0.350078528904554,9647.0,44512.70330631411,524,5051508,7275112,365823,686065,2262081,2065395,1521856,1617838,635484,1148190,266264,526636,0,366120,0,864868,0,0
323,000893,2017-10-18,-0.021640091116173044,-0.009111617312072884,0.37755606238930073,9597.5,55563.19544032341,540,7582954,6224317,617131,607229,2310089,2343592,1462729,1129150,1650265,742610,440754,725896,0,0,492986,0,609000,675840
324,000895,2017-10-18,0.01595744680851041,0.010638297872340274,0.5150518993396122,26939.0,455432.9430037764,2252,136570215,136192827,992324,1350765,11086600,11812339,10162978,11679688,12950465,14234412,9674747,11303778,8408231,3065586,7783249,10088938,75511621,72657321
325,000897,2017-10-18,-0.01187648456057,0.0,0.16536784657796094,6315.0,56272.61554489587,648,8390271,5362770,865579,477745,2802032,1918806,1799915,1446790,416247,721423,655831,451122,301560,346884,0,0,1549107,0
326,000898,2017-10-18,-0.019786910197869045,-0.013698630136986245,0.12764266329906696,8554.0,120669.97564179842,2655,66708724,40737206,3208642,1347390,11286873,9978826,8061442,8458427,8448615,7000697,6006247,3843126,4350981,2861810,3526213,849398,21819711,6397532
327,000899,2017-10-18,-0.005333333333333301,0.0013333333333334085,0.3086018404829106,8277.5,63359.28503440656,590,9896614,6459129,609919,648210,2906246,2117654,1557965,1035471,1607046,848182,705940,0,329399,1371132,994557,438480,1185542,0
328,000900,2017-10-18,0.0,0.0,0.18281117649855014,6080.0,98390.38203886864,1114,19865250,15454927,1561325,689674,4591004,2813794,1940415,1943611,1798177,1866044,513240,200374,1629738,1939052,1323575,3653818,6507776,2348560
329,000901,2017-10-18,-0.00843170320404718,0.0064080944350759506,0.7374757900286254,23684.0,113084.17113296238,1616,53305842,39834118,1105520,1526846,8129404,7360900,8369412,6840590,11442473,9146707,4405331,4069970,4020302,3767427,2602233,873160,13231167,6248518
330,000902,2017-10-18,0.016949152542372836,0.025922233300099684,0.24415874096468243,18423.0,43622.00531737453,1688,11682881,31796987,573037,1313352,3739729,18069116,2940974,6192510,2388735,2138744,510095,956281,982471,654836,0,1832327,547840,639821
331,000903,2017-10-18,-0.00995024875621886,-0.004975124378109319,0.16287506883886946,8039.0,187811.50850813265,609,20152902,5106134,600071,544724,3145399,1690936,2231006,501093,2429621,1163383,2526988,0,387767,0,0,401999,8832050,803999
332,000905,2017-10-18,0.004379562043795637,0.01167883211678844,0.342089476888281,18037.5,91999.26067051658,1604,36759947,36395047,1483901,1114763,9102702,7609485,6273370,6819315,6838421,7765555,3095744,3931310,3048844,2302891,3143501,1840674,3773464,5011054
333,000906,2017-10-18,-0.019144144144144115,0.0022522522522521182,0.19689665552465382,1786.0,17141.33744487976,2035,4815144,8043325,411262,2885015,1314435,2670606,2266132,1295816,823315,965454,0,226434,0,0,0,0,0,0
334,000908,2017-10-18,-0.006756756756756799,0.0,0.38845397375833446,7390.0,38347.85504516207,362,4688450,3130287,279091,317381,1466607,1287082,1236271,736833,750301,582252,956180,206739,0,0,0,0,0,0
335,000909,2017-10-18,-0.006015037593984918,0.013533834586466176,0.36105820645822734,18739.0,125557.13162209591,1358,37493252,32425064,850569,1185085,6335483,7068007,7253185,6212309,6116279,4543436,4667957,2627711,2118117,1746765,3070950,1299665,7080712,7742086
336,000910,2017-10-18,0.006126295947219695,0.0023562676720074727,0.6283333119910973,4242.0,222715.9080104606,1142,9777131,19962402,1664568,1518520,1291912,1568269,1177062,1560736,1558708,1263887,269875,426700,662068,344574,850120,852000,2302818,12427716
337,000911,2017-10-18,0.0008658008658009031,0.0043290043290042934,0.42265315555346566,10395.0,59821.90561871218,746,7761544,11738806,631371,884206,3044655,3139623,1517754,1663067,2105240,1499686,462524,997930,0,359600,0,1277628,0,1917066
338,000912,2017-10-18,-0.010905125408942173,-0.005452562704471142,0.2330244412554035,12767.0,61822.25631701928,1549,30412566,17109343,1421671,1536539,8015328,6663310,6540006,4343633,5978674,2472365,2890512,837179,365484,398025,929140,0,4271751,858292
339,000913,2017-10-18,0.004584527220630408,0.008595988538682153,0.9305491024817601,10476.0,128422.1692650672,351,5144433,6947394,280340,382445,1356547,1415952,1255929,976461,512840,999838,229118,204516,0,327918,869244,0,640415,2640264
340,000915,2017-10-18,0.014534883720930258,0.007558139534883601,0.9457269840876446,27464.0,153331.2929219807,1323,43946694,40240110,574023,845848,5602601,7696076,6684691,5701985,16023709,8536322,1442580,3434081,2094657,2446816,1265981,962782,10258452,10616200
341,000917,2017-10-18,-0.00941619585687381,0.0,0.3741380074786559,10650.0,83271.9416646057,805,19082725,14558647,794881,430328,3127394,2843573,3776895,1715526,4350941,2610462,4167417,2293708,1355519,2917837,0,868829,1509678,878384
342,000918,2017-10-18,-0.005681818181818232,-0.0014204545454544748,0.3297387665229094,11264.0,64054.40896948298,455,10923543,5833547,519067,289796,2473839,1070116,2294736,1200603,2294912,1436830,2525509,951104,0,363398,815480,0,0,521700
343,000919,2017-10-18,0.0,0.0038131553860818457,0.4035285698270529,15750.0,67026.36608591763,675,13969842,12904840,377634,524630,1999525,2958319,6022356,2013014,2267669,3569265,1162904,2530399,342144,1309213,405020,0,1392590,0
344,000921,2017-10-18,0.009283819628647327,0.009946949602122057,0.31632822110515074,24224.0,140921.46799923724,2274,68520015,66899095,1554867,1252399,12546444,11164250,12381663,11024470,16022493,14871153,9892432,8240505,2063097,4436296,2287553,3140997,11771466,12769025
345,000922,2017-10-18,-0.0024360535931792215,0.004872107186357999,0.3893052430351885,12755.5,58557.708640725614,444,7695821,5450596,315891,506305,2108443,2022014,1312270,994636,1974162,1678793,679616,248848,0,0,0,0,1305439,0
346,000923,2017-10-18,-0.006521739130434745,0.0036231884057971175,0.84754214094007,16689.0,75409.56389434423,1060,26298698,18036438,530935,1049274,4935619,5765249,5084843,2995086,5233734,3751510,4664621,2263663,1894335,393672,1335909,1295720,2618702,522264
347,000925,2017-10-18,0.004002287021154904,-0.008004574042309698,0.706030462493431,17560.0,133203.35483601276,613,16757795,20560335,432365,490942,2157048,2724032,3326623,3178992,3551847,3522008,2594398,1026040,1348947,1045738,1308509,2247100,2038058,6325483
348,000926,2017-10-18,0.01062959934587071,0.013900245298446468,0.31792221140631,8666.0,84122.43779671314,1480,26125534,27151534,1917485,1656617,5373931,4418786,3162385,4779009,5780594,5515758,2987912,3241254,1119341,4679250,892923,0,4890963,2860860
349,000928,2017-10-18,-0.01564380264741283,-0.008423586040914643,0.25499098298377326,16460.0,101467.42788552928,1062,36544597,17361969,1039414,1051766,4630558,4548565,4594948,3360460,8343579,3985066,4586361,1621667,3124733,398400,3570927,884713,6654077,1511332
350,000929,2017-10-18,-0.023255813953488413,-0.014728682170542573,0.6009031557181115,12770.0,63478.16054573729,460,10154204,4466036,321264,416308,2050116,2018036,2161818,836288,1602427,780506,1768827,414898,693726,0,917092,0,638934,0
351,000930,2017-10-18,-0.030873493975903665,-0.02108433734939752,0.2591228123211894,29359.0,253459.39411726987,2628,143111941,102375193,1489756,1468453,12602804,13978485,15538392,13333362,18911040,19414456,12930961,12908636,11508191,5959962,7705743,6256660,62425054,29055179
352,000931,2017-10-18,-0.00659630606860151,-0.0026385224274406704,0.20355738107018387,13013.5,146760.18363012743,1388,28408913,23775910,1173977,1695865,6033591,6560838,5995327,4891530,5515155,3492861,1724376,1828944,763048,0,945477,0,6257962,5305872
353,000932,2017-10-18,-0.04840613931523019,-0.04250295159386086,0.17292186659204117,24551.5,250587.72391625182,2404,118327087,82124806,1196059,2209727,10842026,10970007,14118123,10853291,17572095,13337875,13946746,9364510,7104008,6179166,10606240,5487826,42941790,23722404
354,000933,2017-10-18,-0.03300970873786402,-0.024271844660194164,0.19064811109602,44352.0,376949.95840339095,2924,210073083,152894714,1152051,1197000,10847818,15345686,16490751,18286395,34584622,28953227,14083838,15926531,12260598,15011180,7930074,8719768,112723331,49454927
355,000935,2017-10-18,-0.017711171662125325,-0.012261580381471404,0.43020611666600345,26460.0,216295.62097500652,2621,105041420,85095363,1369281,1496513,13700484,12871691,15201232,13414459,22741543,16966065,11846246,7447262,7441568,4440110,5329497,4034636,27411569,24424627
356,000936,2017-10-18,-0.02127659574468077,-0.0028368794326240065,0.31726792245375557,7050.0,87353.59744435236,493,6545505,6419266,557940,452212,1973344,1444733,1762197,1735338,706647,765095,0,0,1068040,338624,477337,0,0,1683264
357,000937,2017-10-18,-0.019756838905775065,-0.010638297872340496,0.13142211795319975,10480.0,75329.50197885932,2511,54698359,19275553,2062459,1261168,15239833,5939872,9965444,3031161,8545667,3689723,4352768,2919974,2862168,1477532,4004715,433872,7665305,522251
358,000938,2017-10-18,-0.011345218800648316,0.004051863857374327,1.476367218456209,31165.0,136351.99254462327,1746,67869100,69454156,688842,1246582,8508191,8591037,11533274,8667057,13942177,15726565,10782735,6844638,5625740,8861650,3677713,4629347,13110428,14887280
359,000939,2017-10-18,-0.018083182640144746,0.0,0.1687886135251665,11355.5,140984.87566784144,1074,29579971,26993439,951655,885094,4025543,4268254,2691239,3502756,3735669,4375889,3971999,2837177,4189965,2528267,1372013,1811544,8641888,6784458
360,000948,2017-10-18,-0.01834862385321101,-0.005838198498749003,0.5305520602713821,12010.0,71690.11540276482,510,8987792,6405619,425940,445344,2522634,2043021,1536220,1521243,1119313,848504,987040,650555,396445,360600,404600,0,1595600,536352
361,000949,2017-10-18,-0.004484304932735328,0.0,0.22738893212729824,6690.0,47144.18170470876,384,4855744,3233989,527053,373803,1262859,1480048,986196,491888,624384,317370,1112855,0,342397,0,0,0,0,570880
362,000951,2017-10-18,-0.012534059945504161,-0.011444141689373355,0.449316775544361,10884.0,62783.37622370268,1668,30346570,14106687,2039529,1312406,7861355,5372847,5760975,3323959,5517327,3209660,2577394,887815,1112419,0,484651,0,4992920,0
363,000952,2017-10-18,0.020935960591133007,0.008620689655172376,0.496328622128731,16350.0,86489.47313672237,1070,17449918,28743782,941529,975266,5532708,5787093,3692794,5535730,3368750,5178901,2090149,2365511,657732,1712663,0,2278295,1166256,4910323
364,000955,2017-10-18,0.0,0.007716049382715973,0.38188203222328077,7823.0,37561.617680689,287,3605720,2142459,263122,259196,1110001,1021136,923372,758618,652907,103509,202800,0,0,0,453518,0,0,0
365,000957,2017-10-18,-0.029635258358662653,0.0,0.31057670644441476,20047.5,132662.57425171838,1796,53711581,53360749,1057714,1435766,7372824,9227087,7075926,7995411,12015203,11753046,7046484,8031070,5442528,3996397,1320527,2713725,12380375,8208247
366,000958,2017-10-18,-0.0056022408963585235,0.0,0.19479015867127009,12906.0,58549.62443420249,1344,19473508,22620844,1039716,1439648,5155056,6854025,4612156,5556331,3580762,5012978,1443258,1598632,1108156,1309931,408120,849299,2126284,0
367,000959,2017-10-18,-0.005830903790087438,0.004373177842565523,0.1662292542682992,5512.0,25569.490709820635,1706,7981240,12643630,1015072,3853046,3286765,4829855,1842929,1407268,1170663,1554412,665811,260373,0,336921,0,401755,0,0
368,000960,2017-10-18,-0.021947873799725626,-0.003429355281207136,0.3062854074644256,28044.0,373682.9712064219,2267,145956745,95073583,1051562,1526325,10800689,10165402,11333772,11100937,17620256,18656455,9067381,9196458,7770759,5621583,7124866,7923544,81187460,30882879
369,000961,2017-10-18,0.0,0.0031847133757960666,0.20267907783920372,11979.5,103876.89888673568,960,18349656,20634208,897501,651967,3920797,3603427,3294457,3105226,3553388,3378338,1648485,1287012,2002055,1051404,1674641,1387604,1358332,6169230
370,000962,2017-10-18,-0.027750247770069292,-0.0029732408325073845,0.31206819652452206,11110.0,50246.613895302464,1045,17147543,13953087,599710,973769,4684311,5049491,3685053,2721970,5123127,2489608,1131613,2315049,975327,0,445410,403200,502992,0
371,000963,2017-10-18,0.04739425981873113,0.0387084592145015,1.0227470695578846,37859.0,218157.4816481725,2685,95953394,156071751,1205909,706613,13263494,12921124,14981212,14241542,17473321,35389800,12256881,19101407,8203061,9049599,3629038,8117177,24940478,56544489
372,000965,2017-10-18,-0.010204081632653073,-0.001457725947521915,0.2326623417727762,10305.0,59308.84720155825,869,15922734,9450809,706817,992893,3997021,3523493,3583538,1301171,3071075,1137334,1272956,295152,2076585,1690382,0,0,1214742,510384
373,000966,2017-10-18,-0.006493506493506551,0.0,0.2178752547646399,9681.0,36505.111381686285,449,5016294,4357699,488474,441133,1861768,2203980,1403112,716578,351529,366745,911411,204223,0,0,0,425040,0,0
374,000967,2017-10-18,-0.02083333333333337,-0.009920634920634885,0.28454260091983835,17170.0,82563.03443332722,1255,28933063,28456098,698669,1076415,5580754,5579962,5860889,6431329,5446284,6488829,4405235,3938222,2288830,2116264,1666639,1664355,2985763,1160722
375,000968,2017-10-18,-0.017575757575757578,-0.019393939393939408,0.5305867599695622,16260.0,66723.31152064927,967,21511727,14966261,922848,615051,5181062,5275646,4353066,3251396,4837065,2753405,1200878,1858968,2653899,728195,904052,483600,1458857,0
376,000969,2017-10-18,-0.014970059880239583,-0.0059880239520956335,0.30179436214570793,14006.5,104970.04622025185,1102,30743559,20280923,793594,953339,4243599,5092077,3501500,4990153,4382205,3373805,4046646,2731863,4763552,652095,2429961,898624,6582502,1588967
377,000970,2017-10-18,-0.0006038647342994086,0.013285024154589431,0.3226454589647724,42175.0,203506.5875650822,2635,123561803,158073618,877644,1142748,10585494,14932518,15207815,18021446,21101570,31438024,17418157,19235076,13089246,15324564,6777964,12240738,38503913,45738504
378,000972,2017-10-18,0.0,0.01785714285714257,0.14825701370337857,9977.0,82886.57690029418,914,16558541,17087019,752972,851094,3558122,3605656,2214068,3656746,2119320,3118262,1933163,2626589,1332246,1387143,1394129,401564,3254521,1439965
379,000973,2017-10-18,-0.023225806451612874,-0.012903225806451535,0.18953133664631489,15340.0,109799.14651749627,1673,52855119,27082553,1132779,1825821,8350040,7029555,6630888,5938554,9490869,5673951,4742934,3424147,4540746,1682174,1897792,951551,16069071,556800
380,000975,2017-10-18,0.015918958031837738,0.009406657018813158,0.45039797736073434,15367.0,158895.5905209239,941,23840980,40050881,770288,719033,3424015,3732205,3149637,4474585,5003024,4559299,5116864,1993096,706298,1668033,1742392,3615592,3928462,19289038
381,000976,2017-10-18,-0.01098901098901095,-0.007692307692307776,0.45338873840248306,14002.0,138473.94907916983,402,11086040,8541902,435437,529892,1932480,1634166,2623423,1290240,1424508,696224,2547092,253890,0,0,0,0,2123100,4137490
382,000977,2017-10-18,-0.015029522275898932,-0.00536768652710673,0.40810769455003154,29808.0,180751.27487860108,2084,94142139,85317778,955919,1630070,7475861,11255413,11638639,11154178,17893100,16317939,9611520,11859119,7954384,8109874,5710258,5575505,32902458,19415680
383,000978,2017-10-18,-0.013888888888888729,-0.0010683760683760646,0.3465142488517603,5616.0,41588.33004319566,729,5921643,7601843,488317,779686,1583604,3363870,1403909,1443559,1116430,839442,980628,224640,348755,0,0,950646,0,0
384,000980,2017-10-18,-0.052282768777614175,-0.016936671575846884,0.3009587097915531,26820.0,147249.96993430506,2037,79728717,64656405,1300613,1220973,10320407,9664791,9826839,9217478,15012192,15566646,11176589,8780891,6711912,4958663,6232065,4469293,19148100,10777670
385,000981,2017-10-18,-0.016059957173447548,-0.011777301927194839,0.4336795655366422,9290.0,42922.49722990549,463,7112029,4156428,500919,472115,2017772,1694018,1496789,1246320,1670249,294512,503745,449463,922555,0,0,0,0,0
386,000982,2017-10-18,-0.014705882352941346,-0.01225490196078427,0.12922470585112908,8505.0,67766.66936529217,998,17725310,14073967,707684,1267412,3232753,4115548,2733035,2485933,4363724,2522117,2650890,1522563,1793308,694476,1350717,891430,893199,574488
387,000983,2017-10-18,-0.017595307917888547,-0.013685239491691203,0.2162612492780472,22594.0,130741.28861431514,2239,90989889,55262641,1266163,982181,13067635,8710907,12860381,8262422,15089260,9227221,18396349,9466151,8973701,3459517,4692225,2235348,16644175,12918894
388,000985,2017-10-18,-0.006249999999999978,0.005859375,1.3273761377860553,12865.0,42042.717540541285,371,5427704,4797889,326444,190379,1756506,1434037,1440209,1243361,1120801,1432737,444108,497375,339636,0,0,0,0,0
389,000987,2017-10-18,-0.021367521367521403,-0.008547008547008517,0.5480279605770184,11620.0,113697.67117562865,455,10970364,4800901,404087,384235,2123466,1318894,1722787,960386,2219526,942316,771005,233600,734913,0,914700,400624,2079880,560846
390,000988,2017-10-18,0.013325608342989348,0.025492468134414636,0.354579212271291,33335.5,215001.09226526486,2370,96264564,141553470,1180648,1105450,10921019,11132762,12814532,12827772,15966002,21791429,11170294,18135829,10303536,13102869,7423544,8072893,26484989,55384466
391,000989,2017-10-18,0.021186440677966267,0.01959745762711873,0.6291097447883431,19060.0,151541.54745093916,900,19754526,31627415,711675,882328,3846671,4855354,2987109,3764619,3558635,5821791,2419615,3892709,1350489,3249775,476956,860012,4403376,8300827
392,000990,2017-10-18,-0.0452099031216362,-0.023143164693218532,0.4863736886157136,18400.0,86389.06079724048,1459,42122785,25211536,1015506,1243059,7150818,7793128,9175387,6302974,9460683,4639842,3451016,714372,4666021,327600,1328910,479979,5874444,3710582
393,000993,2017-10-18,-0.016511867905056765,-0.007223942208462342,0.3245169668344213,11592.0,53777.49869102014,891,16967000,9140619,874057,1125897,4229635,4072013,3018313,1879307,3890017,736075,2491388,616081,1075924,711246,869354,0,518312,0
394,000996,2017-10-18,-0.014025245441795176,-0.0007012622720897754,0.42417123636962123,15729.5,91108.55940683278,1130,25770906,26413730,759308,728798,5278184,5717151,5205787,4104454,6536754,5287901,2385904,3102880,1339740,1683817,1282055,1831015,2983174,3957714
395,000997,2017-10-18,-0.008524001794526614,0.0008972633467922986,0.5232904723420383,24596.0,185940.01019224562,1814,74812961,69034651,1118738,1014834,9069679,9518425,8093957,8459394,14390464,9946580,10267068,9518451,7668533,5514204,6326900,4680673,17877622,20382090
396,000998,2017-10-18,-0.0018532246108228234,-0.004818383988139274,0.6371757889191355,24399.0,163083.14587922682,1793,59871628,68093057,1248013,990076,9362036,7663384,9550890,7685729,10383742,9495355,6290891,10835065,6806302,6685087,5225812,3568771,11003942,21169590
397,001896,2017-10-18,-0.010606060606060508,-0.004545454545454408,0.2784716283684069,12578.0,166825.59497188815,561,13337674,9659414,307076,697333,2263096,2652771,1702263,1630591,2211750,1345115,2077159,735907,0,356094,471954,0,4304376,2241603
398,001979,2017-10-18,0.0005524861878452025,0.0022099447513812542,0.4351050581651326,18220.0,283021.9383824087,1730,82370933,60902853,1365106,1239304,11328210,5049803,7312926,6821553,9657541,9007955,6159197,5125047,6523826,5735891,5557059,2799338,34467068,25123962
399,002001,2017-10-18,0.003558718861210064,0.003558718861210064,0.5944314889806267,25380.0,236840.0352567061,1810,87714584,86725499,1067381,1019089,8559905,5831097,11143075,7381936,15228007,8460060,7214761,9150522,5159176,6392695,4889684,6652703,34452595,41837397
400,002002,2017-10-18,-0.0026075619295957697,-0.0013037809647978849,0.25065664275418165,10773.0,101232.28921565981,936,21391524,17483273,848863,832084,3610404,3384392,3581921,1934869,4049903,3261637,2902817,1588258,1661004,1106814,496600,2228113,4240012,3147106
