,code,date,pchange_whole,pchange,change_std,amount_median,amount_std,length,sumsell,sumbuy,sell_vol_0,buy_vol_0,sell_vol_1,buy_vol_1,sell_vol_2,buy_vol_2,sell_vol_3,buy_vol_3,sell_vol_4,buy_vol_4,sell_vol_5,buy_vol_5,sell_vol_6,buy_vol_6,sell_vol_7,buy_vol_7
0,000001,2017-09-06,0.009490940465918918,0.018119068162208984,0.20497734878768767,78333.0,599129.0602554942,3202,344464577,364419751,1078720,895222,11081351,8255500,18787841,21709538,45675758,40183030,31491047,28708785,24803358,20401170,17316043,20206434,194230459,224060072
1,000002,2017-09-06,0.0004203446826398505,-0.0025220680958385477,0.4207662382557082,66766.0,522328.50851717935,3200,356128047,325204913,1308192,1168474,13085638,9170123,21198226,11879868,35877367,24395979,30375890,30829600,21559422,19501885,28570979,39437472,204152333,188821512
2,000004,2017-09-06,0.026533275337103257,0.013484123531970482,0.8240315636686287,18324.0,112262.91135942673,778,18478602,19179258,380817,763333,3499565,3705644,3875029,2297917,3125649,3824085,2288302,2247249,391761,983838,0,488464,4917479,4868728
3,000005,2017-09-06,0.008230452674897082,0.006172839506172645,0.17400060220032273,9720.0,130645.2066823627,780,13502032,17267923,801406,745242,3371675,3109139,1298607,2076408,1689223,2394565,769139,1615301,380240,708572,912638,2731198,4279104,3887498
4,000006,2017-09-06,0.024802705749718212,0.02367531003382206,0.16849058528042138,37228.0,279929.2244294508,2775,186909740,179386736,2301728,1114642,14855321,7402946,18732844,11343996,23635168,21639127,22320017,16018173,15500675,14502329,16455718,17804814,73108269,89560709
5,000007,2017-09-06,-0.009554140127388422,-0.010828025477707004,0.7914309007055428,10888.0,98472.64937406096,393,7515690,5221595,248488,514841,1797387,1353722,1951034,1060304,1186435,575058,239598,288970,0,0,0,0,2092748,1428700
6,000008,2017-09-06,-0.010909090909090868,-0.0060606060606061,0.21028699167361106,13982.5,102081.26670901688,1542,27612540,25628450,1561577,611991,8082467,9845969,3356423,3463109,2946413,2088180,2181944,921780,1933991,976145,1269082,1634483,6280643,6086793
7,000009,2017-09-06,0.020431328036322416,0.02156640181611791,0.15477638568105764,57600.0,534474.4652092035,3247,267163440,309059500,1247223,1268525,13820794,13239550,18565882,21183757,37151558,32806261,26233913,27112197,19461333,24554832,22010209,21627400,128672528,167266978
8,000010,2017-09-06,0.005859375,-0.001953125,0.16937951819710573,13364.0,53283.4761216873,914,13375351,12108864,521273,509806,3410192,6904855,2222118,1869535,2864373,1751051,1551941,716428,638590,357189,890053,0,1276811,0
9,000011,2017-09-06,-0.004540867810292615,-0.004540867810292615,0.41033150454263395,31400.0,107538.60604052329,2334,85764173,67071838,1341967,1477220,13256543,11988785,18307287,12448622,20068643,17938182,9470783,7155238,4434102,3616186,4372696,5722504,14512152,6725101
10,000012,2017-09-06,-0.004672897196261738,-0.004672897196261738,0.2250397091016158,16960.0,109075.16144570138,1447,47189562,21853816,1486504,1194495,8242276,5000895,8222287,5084837,6481998,4330629,4761742,2134928,2782407,705892,2651788,1710387,12560560,1691753
11,000014,2017-09-06,0.00884955752212413,0.004129793510324609,0.6830295675721544,15300.0,81109.53662786445,615,10398348,14539346,502220,545742,2815368,2450668,2013523,1993174,2305638,4294893,778122,1422415,381472,1374328,0,0,1602005,2458126
12,000016,2017-09-06,-0.00327332242225864,-0.008183306055646544,0.17376684675748783,12200.0,184438.47551652437,1237,44805732,26513500,1129888,1141980,4654650,5042338,4383451,3917107,3796780,3809200,4288937,3410649,2918287,2062962,1256848,899303,22376891,6229961
13,000017,2017-09-06,0.002481389578163684,0.001240694789081953,0.39241686420370436,8039.0,57252.11265755325,421,4724983,4954004,484370,501878,1614814,1447890,874663,722110,875596,583958,554340,445877,321200,0,0,0,0,1252291
14,000018,2017-09-06,-0.008588957055214785,-0.00613496932515345,0.17813952668571836,17798.0,143671.41189473195,2095,60152106,46605530,1436081,1993522,9264675,10781835,10690901,8838581,11865018,10598354,6949055,5640123,3744414,2102341,2674517,2576086,13527445,4074688
15,000020,2017-09-06,-0.005497251374313006,-0.0004997501249376368,0.6592158746988026,13958.0,64809.8005778615,921,17661538,13144044,943272,981267,4153884,4813011,3239938,2569964,3376582,1959477,1794240,690755,1057630,2129570,1239558,0,1856434,0
16,000021,2017-09-06,0.016233766233766378,0.0021645021645020357,0.21291000148071826,20437.0,142676.83362047575,1885,57552058,56218066,1461105,1331021,8730782,9745623,8029901,11719901,9382741,9805249,5589187,6280748,4086211,4774541,4037403,3549135,16234728,9011848
17,000022,2017-09-06,-0.013843351548269545,-0.015664845173041897,0.7110678297412004,21532.0,154582.0864240954,1490,51549435,31703415,967616,979907,8363611,7373956,7654537,7084907,10006167,5351838,4374338,3071619,1386987,1406422,2329008,1778566,16467171,4656200
18,000023,2017-09-06,-0.004074979625101838,-0.004889975550122161,1.0005520603715592,14706.0,123702.1843240393,601,12451240,11881634,545073,511079,3210472,2821555,1817420,2264600,2735679,1334960,1881436,543936,377520,0,432540,0,1451100,4405504
19,000025,2017-09-06,0.003416613282084313,0.008755071535340608,1.0184072568672449,23650.0,80803.68905099579,2114,48798758,63409301,2099549,1745738,11349304,11452635,10327905,12311919,11403478,15819531,5872314,6845723,3780680,7325129,3426992,4493888,538536,3414738
20,000026,2017-09-06,-0.001677852348993203,-0.00251677852348986,0.38323138052115363,8302.0,59716.88421319333,967,14552737,9608100,961941,588697,3978155,3593969,2338090,1919563,3114703,1707322,1969996,1251149,1011852,0,0,0,1178000,547400
21,000027,2017-09-06,0.001519756838905817,0.0,0.2074620898302278,9892.5,103965.46957639184,1006,18236891,15082825,1202193,645175,5235844,3214383,2740488,3329759,1716987,735944,1500596,1983960,731096,725618,944159,462618,4165528,3985368
22,000028,2017-09-06,-0.005113636363636376,-0.003693181818181901,1.6912076895551913,20943.0,50020.87510745557,1735,24305162,25055900,1883375,676469,8143142,15652266,2536377,2643341,4021124,2223961,2116854,2879149,2734518,980714,2204772,0,665000,0
23,000030,2017-09-06,0.023204419889502725,0.02099447513812147,0.22344645767323984,12796.0,106084.87947481961,1641,27652325,52714911,1047564,1831852,5392813,7101409,4872756,6406082,6724232,8744535,4883435,9050981,2036922,3705525,872353,4064630,1822250,11809897
24,000034,2017-09-06,0.015962441314554043,0.016431924882629012,0.4869734695953252,24057.0,186209.3663122243,1914,72664485,84883417,1110282,858300,10815493,8418611,9338976,8425744,9706502,11733624,9709477,11493535,4386403,5435093,8529387,7340731,19067965,31177779
25,000036,2017-09-06,-0.010628875110717417,-0.010628875110717417,0.23196760185405596,31317.5,156820.41874801958,2370,112203017,85616021,893787,1103354,11299008,11012864,14115992,11610243,22373125,18597176,16233281,7740363,8901987,7831838,7885425,7895432,30500412,19824751
26,000037,2017-09-06,-0.0065430752453653485,-0.01526717557251911,0.4222314020020933,9933.0,113371.03591011005,471,12091168,6540547,568160,545319,1704316,2037062,1444586,1745268,1336596,1563248,769611,0,1070773,0,1312990,0,3884136,649650
27,000039,2017-09-06,-0.003713527851458953,0.0005305039787797394,0.4003408322927606,22458.0,206020.99855063966,2218,98022658,72089444,1291740,1840907,8156922,10727810,10813791,10869767,14962792,18834959,6992929,4716165,4993903,3677234,3495264,2628090,47315317,18794512
28,000040,2017-09-06,-0.0033760972316003723,0.004726536124240344,0.47243698031170206,25160.0,198798.89073786576,983,39417926,27377371,723059,446893,5502758,3934446,8131412,2768424,6005690,3481790,3659114,3839006,2132541,1710430,966792,2145525,12296560,9050857
29,000042,2017-09-06,0.007088009450679333,0.004725339633786296,0.8425692341704087,3411.0,31450.82889800257,403,3406891,2585481,763677,181577,817026,976613,717089,620822,899060,533349,210039,273120,0,0,0,0,0,0
30,000043,2017-09-06,0.004716981132075526,0.004716981132075526,0.4022051374940788,21190.0,256465.3130437706,694,18889597,38506547,318807,510151,2777108,3298123,3184490,2504484,2860064,3665190,2797098,2849025,3040262,1777404,1828437,4130817,2083331,19771353
31,000045,2017-09-06,0.01407284768211925,0.019867549668874274,0.29016487666522034,24580.0,140513.70253724707,1734,57047670,59900082,1119428,1047455,10115305,7698408,9167365,8587954,12244313,10780393,6304762,7377143,4445398,4788280,3583004,4805942,10068095,14814507
32,000046,2017-09-06,0.008599508599508532,0.0036855036855036882,0.29673878602934106,5719.0,79032.49896705484,752,10165646,8412551,784083,602249,2199795,2552358,1923819,2554808,1380469,730503,243900,1048832,653500,0,0,416871,2980080,506930
33,000048,2017-09-06,0.021546748749519118,0.003462870334744128,1.7898269567607343,13057.5,49610.89753153295,210,2394680,2975518,213374,154113,1508260,788930,422090,358334,250956,573470,0,285798,0,355912,0,458961,0,0
34,000049,2017-09-06,0.006287111421585667,0.0031435557107928336,1.1776810489508358,52110.0,212835.0749614046,2365,138905853,122924918,581359,757830,8855655,11169574,15423749,18021782,28589018,24321232,15930834,16778500,9107482,8904397,10743325,9053213,49674431,33918390
35,000050,2017-09-06,0.004807692307692291,0.005244755244755206,0.4215890469875787,78982.0,396153.49243157194,2947,314647613,323853857,727063,866463,10442610,12534239,14383397,15978720,27227395,29614798,36157510,33987628,26575895,28420411,22659466,25772681,176474277,176678917
36,000055,2017-09-06,-0.002590673575129432,0.0,0.1810034747877267,6948.0,167769.5781282416,1821,37088423,24056016,1324955,2129993,5830430,6299655,5089698,4590768,5027140,3408240,1697861,2131155,1473473,629295,425700,991135,16219166,3875775
37,000056,2017-09-06,-0.0008097165991902688,0.0008097165991902688,0.6884147717424736,11106.0,30463.164817153378,321,3903743,2528272,201139,341133,1293720,1225331,1472965,338679,728775,623129,207144,0,0,0,0,0,0,0
38,000058,2017-09-06,0.012919896640826822,0.006459948320413522,0.2516040546573724,13209.0,82126.82485095317,946,17914817,17853570,967387,745105,5724671,3455449,3843489,1606688,3001323,2080004,1621496,2419394,2326164,2508662,430287,884702,0,4153566
39,000059,2017-09-06,-0.014962593516209433,-0.013300083125519557,0.24976213996338342,33152.0,242114.83381890648,2321,138965528,91324672,954451,1389888,11166735,11008311,13141575,13284425,20046391,15013310,11481750,12346914,11763358,9174403,9489660,4549082,60921608,24558339
40,000060,2017-09-06,0.01333333333333342,0.021176470588235352,0.22425595574748985,66274.5,667425.563160717,3236,304447095,338255143,746599,1311472,10056297,13671306,17959794,21256870,33529949,35392856,29751946,29266214,26115641,27506198,19498341,20767704,166788528,189082523
41,000062,2017-09-06,-0.003886925795053009,-0.007773851590106129,0.6322915346281311,30833.0,149121.51744638142,2003,85301518,63754694,948545,942793,10324893,9484655,14059070,9927531,21119844,12864414,13129873,10100247,6961771,4417837,3062050,2681239,15695472,13335978
42,000063,2017-09-06,0.02759472817133446,0.0193574958813838,0.4339575220454167,103299.0,885142.667950309,3132,509451703,647942219,923626,1017092,10248997,11529199,13841534,13970445,32684229,34207138,26677487,36077013,22553704,28640004,23598126,24668502,378924000,497832826
43,000065,2017-09-06,0.016883116883116722,0.015151515151515138,0.5069128014930354,27395.0,175966.72037458647,2077,88627780,74532466,675989,1430060,11596377,10176901,12676107,10103027,14552503,11971070,10821155,7753946,4478811,5524619,4992360,4481928,28834478,23090915
44,000066,2017-09-06,0.001136363636363713,0.001136363636363713,0.18043777774610112,21974.0,168842.04623708568,2381,78806658,77804498,1969834,1468945,11840232,10484872,10672109,9789955,16474015,13021806,10404877,9161452,7919373,5557038,7689789,6190507,11836429,22129923
45,000068,2017-09-06,-0.011730205278592365,-0.004398826979472137,0.2553441092346665,10140.0,93132.25762806674,713,17001048,8888805,652639,766472,2726714,2633796,2681479,1519887,3284456,1631817,2981926,1398249,1720515,341000,497652,0,2455667,597584
46,000069,2017-09-06,-0.0022883295194507935,0.0011441647597254523,0.18657814595614194,12194.0,199420.17917600303,2198,63328038,81666876,1791635,1945701,7210865,5528850,7320093,8776068,12636016,20510527,6307601,10477018,6117427,5975848,3994828,922622,17949573,27530242
47,000070,2017-09-06,-0.012773722627737238,-0.010948905109489093,0.304332126434473,10850.0,82247.29389833736,1297,26963328,11697978,889655,1013879,5808282,4015514,4999263,3111702,7883384,2515342,1664988,0,1397256,1041541,0,0,4320500,0
48,000078,2017-09-06,-0.0016366612111293755,-0.0016366612111293755,0.14585130018137316,8512.0,51559.09423944423,1758,20853464,22219032,1751249,3058258,5721719,5513873,2913329,4534667,4101065,6706151,2043546,1655019,1529012,324064,900640,427000,1892904,0
49,000088,2017-09-06,0.01521739130434785,0.013043478260869712,0.24381247560564223,14863.0,118512.51868959134,1424,39897223,30305656,1708111,1040424,9366317,4372312,6844076,3950509,6166036,4033919,3105660,2699410,2000942,1703557,3890119,3099231,6815962,9406294
50,000089,2017-09-06,0.0022753128555177415,0.0011376564277589818,0.21693301050136968,7875.0,60270.83375094055,1643,22511777,20198353,931386,2176305,5055666,5421981,8000018,4480378,3326257,2080139,2128438,1448932,1011004,968459,864800,1331440,1194208,2290719
51,000090,2017-09-06,-0.011695906432748537,-0.010025062656641714,0.28545792095056854,23680.0,130183.9487570364,1759,75516460,40050055,1438389,816688,10080834,7064049,10529241,5835332,16838218,8416105,7162757,4107707,5298099,4870467,5182497,2775711,18986425,6163996
52,000096,2017-09-06,-0.0028011204481792618,-0.007002801120448154,0.60953117014308,5678.0,23991.404581786566,548,4868093,2743384,790901,421949,2343497,1361551,1014762,689619,397274,270265,0,0,321659,0,0,0,0,0
53,000100,2017-09-06,0.0,0.0,0.07308656386357366,9282.0,269696.49550152774,2418,79029765,71878446,1687222,2186924,8896862,9408798,6241655,7674709,7836112,9427082,3844863,2846605,3433802,4515104,1738418,2673922,45350831,33145302
54,000150,2017-09-06,0.004636785162287493,0.0023183925811438577,0.9601894922353466,13035.0,88028.04166883278,726,9399212,18329963,432308,611399,2492136,3845991,2499536,2748862,1999736,3065447,1975496,1662306,0,1400228,0,1377464,0,3618266
55,000151,2017-09-06,0.00829646017699126,0.014380530973451489,0.43161272103764287,23790.0,182930.2516677504,1755,69530566,54198464,1201654,1284692,8856279,8465389,10089289,8915606,14528705,11093588,7380654,4917501,2368480,2758022,1794629,3223669,23310876,13539997
56,000153,2017-09-06,-0.005923000987166915,-0.008884501480750373,0.34353808398183355,10010.0,107246.56226048425,869,17734021,6452291,898098,597991,3932717,2835466,1289342,1754000,3686309,1057804,1210468,207030,1269610,0,853828,0,4593649,0
57,000156,2017-09-06,0.001322751322751392,-0.002645502645502562,0.47611439703102515,10577.0,124148.71137707,1008,29923002,14777233,1057104,633141,4032694,3765130,3528895,3187696,6128733,3556910,2447141,1067096,2626200,960720,2666540,480320,7435695,1126220
58,000157,2017-09-06,0.006564551422319376,0.006564551422319376,0.092521605952114,8262.0,165823.24416855362,2451,53482010,63813188,2288363,2212895,7926059,9307696,6914289,6948983,10374589,8039667,5691414,5920854,2552374,2012008,3232085,4903217,14502837,24467868
59,000158,2017-09-06,0.004608294930875667,0.0036866359447005337,0.2352030617612211,26160.0,173918.5266629773,2130,88815823,69179882,1239780,1224003,10570410,8822725,12226220,10647012,17757127,13769264,8880265,8264791,4839889,5107477,3906348,1351245,29395784,19993365
60,000159,2017-09-06,-0.0014705882352941124,0.0,0.1718055939716458,15275.5,121847.87546146254,1568,43504562,36399223,791786,1640706,5999763,8349508,5530985,7153602,7014491,4868019,4996729,4462920,4395745,3377745,1780034,2667042,12995029,3879681
61,000166,2017-09-06,-0.00658978583196046,-0.0049423393739703725,0.12256106038187846,21210.0,353353.12842862046,2459,142655807,91100838,1974104,1515526,11613632,8453574,13199075,10849520,20156970,14438524,8313766,7186558,9951924,7074564,3560105,5399635,73886231,36182937
62,000333,2017-09-06,-0.012771084337349414,-0.012289156626505982,0.7760851244765371,53300.0,460329.53568199166,2860,316396463,221843706,842764,1453774,10976542,15400504,17029986,17940424,27087289,22925412,22151252,20885354,18469942,10320872,17973481,20051705,201865207,112865661
63,000338,2017-09-06,0.008086253369272267,0.006738544474393482,0.1287211465253043,29172.0,222419.82528374754,3332,158144133,171034101,2004164,2470928,14265388,15800367,16264597,20393917,26048455,26245062,12817549,16110691,15266985,10926659,12029186,11509621,59447809,67576856
64,000400,2017-09-06,-0.0023134759976864983,-0.0011567379988431936,0.37394034908208984,23982.0,79023.6154456531,2141,57563421,29844083,752794,1022653,21931553,9576226,7504394,8115625,11876234,5002546,4403965,3243951,3287905,1103839,2245677,1779243,5560899,0
65,000401,2017-09-06,-0.018994413407821265,-0.01508379888268152,0.30526539456542734,119204.0,484866.20596202684,3440,476315449,392386434,477861,635137,8916269,11370595,19510463,22203726,44643370,55245642,44388884,47418037,43212688,38362148,33204099,32898375,281961815,184252774
66,000402,2017-09-06,-0.006768189509306244,-0.008460236886632777,0.26406178154691073,10620.0,203988.60873572482,2005,72856247,37161092,1681072,1584259,7561837,8839843,6051767,5188604,8187073,7857756,3314893,4329646,5430914,1109415,3989505,847812,36639186,7403757
67,000404,2017-09-06,-0.005235602094240788,-0.005235602094240788,0.1969098032478446,7580.0,147589.18207948422,1506,40242682,19250869,1968008,699439,5807858,4184581,5305221,2523796,5017079,4270498,1964466,2380976,3189392,2067003,1335153,1827736,15655505,1296840
68,000407,2017-09-06,-0.0024271844660194164,-0.0012135922330096527,0.2910679024122119,15637.0,91847.05408942678,801,23582838,12651163,688393,823092,4349913,3166553,3585650,2606846,3252780,3138555,3124940,1453388,1965720,1050229,2580209,412500,4035233,0
69,000408,2017-09-06,0.09338061465721026,0.0986997635933804,0.31924069680659234,67410.0,507943.1406621802,2816,216858782,300769438,956604,1173687,8521413,11199663,17177368,17126755,29692080,38751563,23181780,29553828,11105594,23579738,15213694,17071837,111010249,162312367
70,000409,2017-09-06,0.0076142131979695105,0.0050761421319796,0.22310659616971854,15038.5,70191.74870165453,1248,27467631,20954724,1055395,1211662,5944317,5187937,4355630,4674222,6260043,6264620,4583609,1939253,1650051,639136,848928,462902,2769658,574992
71,000410,2017-09-06,0.0237068965517242,0.024784482758620774,0.22776384732032198,18720.0,122038.06115457467,1661,40463689,46291028,1697695,1366638,7238737,7722023,7557954,7694402,8792226,10160782,5093798,4438890,3028981,3692702,476499,3076831,6577799,8138760
72,000411,2017-09-06,0.02562862669245658,0.035299806576402304,0.7488646970609858,19242.0,130580.32071237091,763,18533879,23691570,421442,565164,2771621,4393045,2946039,2804848,4508361,3285627,1675245,1908111,1966245,685676,888362,2695004,3356564,7354095
73,000413,2017-09-06,0.0380859375,0.0283203125,0.17252939268949205,114668.0,711291.6517938328,3527,572493669,615631210,432060,432777,13205418,10478564,23418534,24245562,50962712,44224804,36735625,36741912,36563988,30366518,27478392,35461178,383696940,433679895
74,000415,2017-09-06,0.005730659025787732,0.0014326647564468775,0.15182999611341427,5568.0,91822.71386882091,2117,37058979,30743777,2565084,1470226,7293296,5172517,5515123,5535991,5032437,4629438,3177657,2853929,4307391,2743851,404260,2252455,8763731,6085370
75,000416,2017-09-06,0.009815950920245342,0.007361963190184007,0.19194034363448842,1631.0,48907.00006031738,1804,15723886,14391557,682077,2151148,3138123,3277981,4166606,2504237,1909753,3512220,2451673,1703079,674122,327200,1364458,411500,1337074,504192
76,000417,2017-09-06,0.0022857142857142243,-0.0022857142857142243,0.3170995185350467,14807.0,119480.80592318015,761,24661831,12449160,702939,742227,3456981,3281690,3149910,1892959,3672599,2373315,2306878,900937,1736111,736762,2323712,827750,7312701,1693520
77,000418,2017-09-06,0.005481955230699054,0.002740977615349527,1.2126870717458884,8812.0,58848.12182125929,1303,20306434,15038966,2153200,1805733,5470254,5833034,3287310,3945970,1906882,992488,2051624,1407942,1373776,1053799,1323990,0,2739398,0
78,000419,2017-09-06,-0.002812939521800395,-0.0042194092827004814,0.27157723363760083,6363.0,52998.67644497957,685,8635146,6745223,697276,1101259,1936405,1651004,1451131,1380297,1732285,2140361,1013717,472302,961588,0,0,0,842744,0
79,000420,2017-09-06,0.002949852507374562,0.002949852507374562,0.11340580123142531,8136.0,65869.62542701032,895,13805000,10960092,887330,592732,3780639,3068918,1958507,2162863,2246316,2751371,1111186,760934,2082700,668474,0,0,1738322,954800
80,000421,2017-09-06,0.0014005602240896309,0.0,0.26186973123595103,4977.0,34133.98348337348,743,9253675,3606612,1378314,461272,2805279,1628986,1888242,855190,1772082,661164,703644,0,706114,0,0,0,0,0
81,000422,2017-09-06,0.008130081300812941,0.004878048780487809,0.16466263493374053,14856.0,111436.54035547735,1396,34871801,32837428,1091240,1030859,6720355,5797134,5786437,5334608,6777452,6028890,4422772,2659061,1253643,4245093,1291728,941981,7528174,6799802
82,000423,2017-09-06,-0.0014175460702473552,-0.0014175460702473552,1.3073333891276209,50940.0,242190.04708405965,2358,164328044,119103139,846120,1003247,10111661,8533383,16752076,14561197,28108733,20712728,23170726,18000286,14669923,11111590,16105958,7974582,54562847,37206126
83,000425,2017-09-06,0.010526315789473717,0.007894736842105399,0.06721177325940886,10752.0,118586.72867686657,3229,47351279,81415248,3340433,3466616,10350009,15268523,7132932,12683202,9246087,17115196,4214337,8028907,2462980,4040715,402877,4000212,10201624,16811877
84,000426,2017-09-06,0.047222222222222276,0.05277777777777759,0.2069736103793694,30817.0,248293.52764319538,2730,127716434,156338090,1269052,1899982,11642271,12395296,13555101,11469839,20626251,22824228,19644463,13799892,15560399,16624266,8543433,9308679,36875464,68015908
85,000428,2017-09-06,0.0,0.001988071570576455,0.2356304254113707,7027.0,73684.99868312954,455,7738061,4385832,554792,239492,1551589,1234628,1388551,459599,1482141,835847,500999,459666,324126,0,0,0,1935863,1156600
86,000429,2017-09-06,-0.015909090909090984,-0.012500000000000178,0.24793619024734234,7848.0,70652.03451184327,1260,23328503,15326183,715002,1907158,4694135,4282592,3088592,1902489,5660632,3847373,2838422,932929,1007944,1084342,3022279,1369300,2301497,0
87,000430,2017-09-06,0.0,-0.009433962264150941,0.298029159845846,3168.0,50623.0055969224,1265,16642341,7320362,2240853,601304,3949380,2909718,2586669,2275627,3012380,897142,1678003,214571,1086445,0,0,422000,2088611,0
88,000488,2017-09-06,-0.010253317249698357,-0.0030156815440287588,0.32995255227756637,39720.0,284411.3393531962,2527,169074320,141292626,1168472,1541212,11450677,11249432,14404069,14807980,22364480,24211000,16774210,13939170,14780608,9784680,11692979,7609670,76438825,58149482
89,000498,2017-09-06,0.014634146341463428,0.009756097560975618,0.17008567936639446,3292.0,29973.424433427546,2329,14425253,19728029,1328033,3647665,2016869,6757099,7580908,6110088,2523028,2201158,245999,1012019,730416,0,0,0,0,0
90,000501,2017-09-06,-0.011686143572620877,-0.010573177518085619,0.4034863046415207,10710.0,139333.67009708832,1988,44394467,28111017,3275099,1398412,10411927,5861645,4338376,3833673,3621547,3797177,2958381,2975906,1368399,1740902,1346177,1338344,17074561,7164958
91,000502,2017-09-06,0.005718954248365993,0.004901960784313708,0.4267864257087296,9832.0,73010.61328687838,822,9689093,12564853,703201,1296936,3183506,3070485,2845858,1932582,1934751,1617579,0,958450,1021777,326382,0,472320,0,2890119
92,000505,2017-09-06,0.0,0.001980198019801982,0.49291537908768307,10110.0,114499.78329335194,419,12841601,7382128,277741,433656,1817459,1187508,1042148,832411,2497690,1353111,2447958,531769,1381680,916274,1447825,0,1929100,2127399
93,000507,2017-09-06,-0.0008928571428571397,-0.004464285714285587,0.2064734082856697,38250.0,146731.3943646228,2945,149487836,103387708,1194804,1160217,15842645,12939715,20829073,15646663,36147785,24776273,22297011,13376555,17720726,10358722,9840841,5864961,25614951,19264602
94,000510,2017-09-06,0.01684836471754214,0.01189296333002976,0.23516694733581892,19380.0,87733.95944783367,1843,45502219,41672781,1064102,1131292,9440278,8832227,7583352,8023359,9112243,8424832,5745122,4225153,7059747,4008837,2323896,2123480,3173479,4903601
95,000513,2017-09-06,-0.0010245901639344135,-0.0012295081967211852,1.4461098926269584,29217.0,198353.70616475356,1138,37052194,45222825,665320,1476369,4436932,9575322,3745393,3623566,4678219,4432341,3848044,3786573,3910381,975594,2290784,3179704,13477121,18173356
96,000514,2017-09-06,-0.006249999999999978,-0.007499999999999951,0.2149994226425539,12656.0,88999.29834846318,1385,32488727,17205729,1303613,1420156,7431256,5412198,7085848,3485655,4993661,4142584,1936464,1682174,1755260,0,1291100,0,6691525,1062962
97,000516,2017-09-06,0.0,-0.007547169811320753,0.14667503655279285,15282.0,123185.185859347,1307,41525878,23186717,1075095,936321,7171234,4979763,4445460,4724198,6420777,3715489,3303774,2821524,3053964,722848,2308070,424482,13747504,4862092
98,000517,2017-09-06,-0.006849315068493178,-0.004566210045662045,0.10451293713663214,1748.0,48918.18428814342,1760,17920771,8673354,2042758,741088,5565539,2093429,4507095,1022792,2406455,915920,1403531,1114880,304935,1089149,919153,0,771305,1696096
99,000518,2017-09-06,-0.005069708491761693,0.0,0.28875774456559844,10244.0,60077.41935154848,746,11046520,11784733,705763,828167,3237140,2945438,2108849,2358381,1975792,2185820,961830,1296970,731920,1767847,1325226,402110,0,0
100,000519,2017-09-06,0.007155635062611854,0.008944543828264706,0.25636308418996795,17912.0,107083.47392362305,1902,47768308,47758328,1110134,1371847,9079167,10491524,8086555,8104368,10720850,9403180,4569372,5340176,4082132,2693771,1810861,2635318,8309237,7718144
101,000520,2017-09-06,0.010849909584086825,0.005424954792043302,0.11955548607045276,14170.0,159240.54932037074,2145,47239868,61558386,897314,2559510,6187716,11766060,7397461,9750363,8033730,10373863,8316890,7599745,2511085,4934162,1852380,1889738,12043292,12684945
102,000521,2017-09-06,0.0050675675675675436,0.0016891891891892552,0.18383777012989488,2965.0,47833.32010907092,1037,10975443,5663159,1354377,389717,3790906,1448994,1778322,996644,979818,1467621,856380,493602,0,368816,413000,497765,1802640,0
103,000523,2017-09-06,-0.0051177072671442225,-0.003070624360286489,0.39148345072421764,15568.0,70219.7112287435,622,13452297,7361503,715486,675647,3504375,3187216,2510760,1420591,3269903,1690049,1028846,0,0,388000,485500,0,1937427,0
104,000524,2017-09-06,0.012917933130699,0.001519756838905817,0.44401480342006144,13060.0,52752.366727302164,878,13121090,12096582,562647,802111,4003385,4045176,2532752,3051292,2114352,2636033,1717414,1168970,1065320,393000,468720,0,656500,0
105,000525,2017-09-06,-0.0028571428571427804,-0.004761904761904856,0.5669701231352595,16756.0,124006.31407870483,1372,38623692,27843067,892013,1108100,5859761,7535560,5354960,5125527,7909407,5607887,4604814,2382888,1966420,2102399,2291455,0,9744862,3980706
106,000526,2017-09-06,0.040243902439024426,0.030792682926829462,1.1617230887530996,19572.0,94454.2411302452,797,18659772,18056765,546565,395539,4104588,4070274,3098853,3705131,3713860,3840756,980427,2522671,2804901,1058201,1406028,0,2004550,2464193
107,000528,2017-09-06,0.016519823788546217,0.014317180616740144,0.19305761744812025,16308.0,141395.03690932083,2215,37126979,63157314,1399966,2189537,8719568,12971148,9203466,9627203,6711899,10665111,3682771,6587832,1416217,2749392,2687453,3641339,3305639,14725752
108,000529,2017-09-06,-0.003424657534246478,-0.0022831050228310223,0.3204363257530226,6125.0,39422.972337189065,747,7814652,6249125,659829,1796912,1824130,1903634,1963124,1127261,2424249,782338,0,638980,0,0,419520,0,523800,0
109,000530,2017-09-06,0.02652519893899208,0.027851458885941538,0.19509525058068675,15750.0,124594.5670490377,1495,29567306,47261657,1677376,880253,7977652,5911080,7165490,6012780,6709454,8169279,3420076,5197821,668714,5035786,885063,2221225,1063481,13833433
110,000531,2017-09-06,0.0,0.0,0.38342171430115546,6230.0,39008.99418468035,538,5722381,4518014,890111,444717,1594031,2228572,876513,639923,1239548,1204802,263736,0,0,0,858442,0,0,0
111,000532,2017-09-06,-0.005772005772005762,0.00793650793650813,0.3811582639019543,21105.0,100375.90778432055,1323,34602970,36227660,920156,897512,6263679,6476800,5705885,7549906,8141414,8081857,4829683,7193458,1362831,2074219,1718400,427230,5660922,3526678
112,000533,2017-09-06,0.005853658536585371,0.011707317073170742,0.4349500122874634,20320.0,322626.02269215864,555,17052213,30684531,305935,422576,2831412,2004302,2826372,1890474,2582953,2985899,207000,672342,1027227,1312297,1750024,2562530,5521290,18834111
113,000534,2017-09-06,0.027315123251165918,0.01865423051299131,0.4005927542318181,15290.0,122824.22711440404,1406,31221906,31431672,1317123,896479,7371242,6091725,5716905,4658849,7056649,4454874,1972573,2643372,2673609,720163,1830905,2748710,3282900,9217500
114,000536,2017-09-06,-0.006849315068493178,-0.008561643835616417,0.1897870191922118,7306.0,70780.42903781534,947,18543658,10148229,1143590,641005,3475386,2983940,3001520,1900545,3173111,2295283,3312372,1278792,982502,349064,1223259,0,2231918,699600
115,000537,2017-09-06,0.0011198208286673506,0.002239641657334701,0.29731148337379854,8950.0,91333.01086258813,902,16446765,14397485,972992,891179,2988199,3911498,2519344,2798342,2778247,2810155,1327324,1233596,1073695,362964,488400,457470,4298564,1932281
116,000538,2017-09-06,0.003409090909090917,0.007045454545454577,1.9823411268112368,43870.0,214320.78815615198,1971,74144794,113972119,1479064,1509271,7828620,10266007,12788820,10936785,18330672,23056099,9487503,23098343,5015536,6953590,907288,5764027,18307291,32387997
117,000539,2017-09-06,0.0,0.0018621973929235924,0.18484391711630282,5885.0,78949.75345577252,845,11139649,6103292,306411,1675388,5352528,1308256,1444196,514677,681624,0,740940,510650,331248,336382,0,0,2282702,1757939
118,000541,2017-09-06,0.00877192982456143,0.005482456140351033,0.225299468523003,11028.0,108382.4184347687,1639,28940962,52512775,1136673,1920071,4528908,7710205,4150178,8120108,4043621,8417039,3559667,6304025,3436384,4746832,4146951,4858187,3938580,10436308
119,000543,2017-09-06,-0.0035149384885765356,-0.005272407732864748,0.16051768025686078,17844.0,162776.94349665134,1258,40684550,29142574,1008441,539412,5728800,5528607,5933228,10670772,3944958,3294628,2581661,1226926,2499537,1373607,1302534,428462,17685391,6080160
120,000544,2017-09-06,-0.008988764044943864,-0.013483146067415852,0.5856366024663137,17580.0,64625.18055226607,923,20666507,12633834,503581,1024562,4673278,5063476,3256663,3882582,4939833,1721008,2340911,234080,1738954,708126,1254162,0,1959125,0
121,000545,2017-09-06,0.009615384615384581,0.012820512820512775,0.1357565158028689,15096.0,95045.18760001835,2116,40792462,56244675,1273700,1979308,8072525,11342489,7666403,9837326,7301333,9695503,4805181,6321792,3833332,7735684,3241558,1879424,4598430,7453149
122,000546,2017-09-06,-0.014972419227738287,-0.007880220646178104,0.48412434639346774,17374.0,120509.07383146326,687,24748023,13000630,513892,403748,2894912,2438965,5634995,1728167,4742187,2989462,2199337,1742976,2237675,1051020,1388161,0,5136864,2646292
123,000547,2017-09-06,0.009212730318258089,0.01340033500837512,0.22152144651534372,49610.0,258174.9054885704,2908,168702119,176849123,919834,1164832,12276265,14940692,18219463,21291002,29891623,31474319,16198080,22856670,15143462,14749781,14525427,10078654,61527965,60293173
124,000548,2017-09-06,0.001240694789081953,-0.001240694789081842,0.2675583851042666,8020.0,57052.55752728773,907,13455460,9298354,1123363,559306,4417860,2418404,2540487,1266049,2929459,1010539,709117,1046551,1735174,1047127,0,1208407,0,741971
125,000550,2017-09-06,-0.003514056224899642,-0.003514056224899642,0.6104495586280925,5956.5,93815.25929396322,1064,19162281,10793462,1754533,835573,3737500,2867610,1950438,1318594,2896657,934380,1124784,1250154,992119,1746218,0,1840933,6706250,0
126,000551,2017-09-06,-0.004171011470281427,-0.002085505735140769,0.34191308020609684,13384.0,77323.0998748895,786,21440305,9836800,1002642,522851,4715312,2501042,3489981,2590702,4812178,2378608,3388142,462464,1709670,729823,477500,0,1844880,651310
127,000552,2017-09-06,-0.004640371229698292,0.0023201856148493682,0.07843988533285447,11284.0,169375.27960814728,3042,110877099,77200058,2414692,1836013,11216994,9551035,13859481,10627869,12656019,14620722,9854916,12200684,6855141,4990553,7187852,5332444,46832004,18040738
128,000553,2017-09-06,0.0056657223796034994,0.006373937677053965,0.48551410752030616,14180.0,94207.80037404824,845,15625651,17324359,1044303,688354,3795331,4340431,2479473,3542203,1639871,2994976,1011129,2168368,998499,1359265,1284440,484220,3372605,1746542
129,000554,2017-09-06,0.029217719132893505,0.0,0.22446496979484776,25464.0,200367.7398014463,2237,101526914,74027406,1180988,1252768,11030341,8985533,13334712,10911709,19405355,14711098,9526310,8258256,9346279,5422509,7165590,2788760,30537339,21696773
130,000558,2017-09-06,-0.005813953488372103,-0.0043604651162790775,0.1702744268899813,13640.0,113680.85213029949,1634,42109791,25936061,1289970,1680223,6757480,7982000,5793585,5431795,6272938,5820313,3089209,2153568,1685011,697878,1335988,0,15885610,2170284
131,000559,2017-09-06,0.002780352177942591,0.002780352177942591,0.21438290484861747,32609.0,232672.44593229765,2536,117214195,126591530,1349320,1047016,12697406,11699014,12209149,14542627,22465522,22689304,13848963,12488708,10010091,7409647,6103768,5467130,38529976,51248084
132,000560,2017-09-06,-0.012679628064243498,-0.002535925612848655,0.21863611952759254,50740.0,282094.27975392726,2934,192836935,176766846,1161567,1170951,13119503,11733218,20421513,15644430,34811188,27709257,32550566,21647857,22020529,16482935,8989520,10314522,59762549,72063676
133,000561,2017-09-06,0.00586510263929596,-0.00488758553274693,0.2975166882871948,12132.0,82810.14685345197,1182,26744289,11396822,750499,994751,6069105,5510069,4978920,2560026,4543052,1891599,3111921,440377,0,0,441812,0,6848980,0
134,000563,2017-09-06,-0.010909090909090868,-0.010909090909090868,0.1250298318189925,16260.0,197696.90744352783,1939,77708845,48448451,1232734,1637092,7665446,9029151,7697352,7842992,10247738,6376810,6159535,6826635,6239818,980365,3151281,844593,35314941,14910813
135,000564,2017-09-06,0.0,0.001547987616099089,0.24984017041210724,9645.0,45634.39783154364,668,9158942,7647677,560587,620224,3098962,2298345,2240765,1393380,1935140,2111652,891338,730128,0,0,432150,493948,0,0
136,000565,2017-09-06,0.002103049421661396,0.0,0.35252927378388516,12324.0,83667.02710751565,727,14387248,12124087,764822,988906,2840164,3704816,2309125,2701200,1887096,1641833,2114119,1786702,977826,369161,937040,931469,2557056,0
137,000566,2017-09-06,0.003072196620583778,-0.001536098310291778,0.6361044980880179,16893.5,136776.55672134334,418,17762335,8001322,422401,253176,2321802,1307094,1780419,1440277,3418160,1716459,2648925,1419229,0,781200,413718,490437,6756910,593450
138,000567,2017-09-06,0.00543900543900544,0.0034965034965035446,0.9691237050533814,12925.0,59751.12320504857,705,12917787,10424151,658725,524815,3124156,2988533,3954072,2100209,3222043,2113728,1527031,658816,0,694902,431760,0,0,1343148
139,000568,2017-09-06,-0.009856797470708556,-0.009112888227636229,1.1150026226344345,48109.5,279286.12223533797,2326,160370688,96324421,660431,938556,9774324,9204677,16596889,15355840,32670584,17230181,20070410,13524202,11710761,9815622,10329348,3223484,58557941,27031859
140,000570,2017-09-06,0.0026773761713521083,0.0026773761713521083,0.33924987348268115,14930.0,92368.32607127487,484,12479301,9700536,273001,484127,2194635,2335064,1559991,1626631,2074281,1433871,1821995,1681458,0,2139385,942504,0,3612894,0
141,000571,2017-09-06,0.002702702702702675,0.004054054054053902,0.18741547196137848,7440.0,60238.95158202679,1560,20045606,21736707,989293,1714501,5703629,6115309,3624079,6253520,2419613,3694489,3136424,1634036,2097347,631845,895897,0,1179324,1693007
142,000572,2017-09-06,-0.006024096385542244,-0.004016064257028162,0.17682636072464053,5478.0,118060.50047118068,793,19425384,6167678,1084761,719626,3518539,1766812,1728983,669003,2294479,768722,3016577,1306214,361350,357656,1369526,0,6051169,579645
143,000573,2017-09-06,0.015025041736226985,0.015025041736226985,0.14784073258480276,12180.0,79831.91301038297,1644,25666690,42663723,1445803,1354048,4479344,8165546,5773071,7728655,5581098,9006970,3664482,3748013,2061066,6430396,906152,1401656,1755674,4828439
144,000576,2017-09-06,0.004851425106125129,0.0018192844147968401,1.1018927591546792,16510.0,845397.4446533481,223,2803947,24400056,249155,180161,1344149,822702,703913,396704,297180,1022790,209550,744899,0,0,0,2778028,0,18454772
145,000581,2017-09-06,0.010526315789473717,0.00974658869395717,0.5033338596245963,49286.0,252127.1991762074,2597,140090107,157507969,1025150,687182,12840302,10155421,20165807,15479623,29712380,22804946,15256532,22041486,11869662,13230292,13891447,9151473,35328827,63957546
146,000582,2017-09-06,0.0024979184013320666,-0.004995836802664466,0.32386040049420134,13167.0,84046.8609384829,1375,27261088,22120441,875969,1307201,7272719,6856967,5667171,4068958,6426861,3914865,2000413,1652049,997802,718794,0,1430652,4020153,2170955
147,000584,2017-09-06,0.004201680672268893,0.0021008403361344463,0.45464228892716685,20055.0,78233.83826486042,986,24550727,18850836,563906,792517,5698297,5487528,5863040,3187491,6284365,2934943,1831112,1089020,1006616,961700,1757352,2243544,1546039,2154093
148,000586,2017-09-06,0.0064904960593417105,-0.0009272137227630539,1.0301895249665296,15123.5,135174.19675878237,438,14058427,8432496,170538,540409,1642998,2474218,1144326,1513683,1362303,1202132,1075585,1242593,1064043,618311,422920,841150,7175714,0
149,000587,2017-09-06,0.015444015444015413,0.007722007722007707,0.20453284047863132,12544.0,162073.43049146366,1445,30559305,65206833,806568,1728462,3410456,7505810,3425877,5102945,4558360,7700993,2362520,5717810,4003585,4008979,909312,6695170,11082627,26746664
150,000589,2017-09-06,-0.005199306759098632,-0.005199306759098632,0.17741596855692737,10332.0,126643.0981287239,1058,29075912,11786921,1189761,697636,3933081,3471883,3898978,2281768,4084513,1805868,3709266,1846846,1042214,702951,858962,464025,10359137,515944
151,000590,2017-09-06,0.006134969325153339,-0.0018404907975461127,0.962310612408373,16290.0,59290.84414406253,286,4979846,5821744,237739,244008,963195,1570701,1570503,1387220,1680985,1172840,201624,518295,325800,0,0,928680,0,0
152,000591,2017-09-06,0.0,-0.0016920473773265332,0.17210191107773953,14208.0,123937.85775832557,1180,26517224,22595118,829871,1026320,3504720,7963557,3668139,3939227,2684342,2485220,2891474,1435822,2052210,1998953,486624,0,10399844,3746019
153,000593,2017-09-06,-0.0009920634920634885,-0.0029761904761904656,0.48564273035512645,14062.5,56807.36801978743,430,8145366,6717015,197229,344336,1956949,1848088,1485994,1396830,2842417,1320510,914979,1335645,342040,0,405758,471606,0,0
154,000595,2017-09-06,-0.008928571428571397,-0.0035714285714284477,0.11701362802650729,17437.5,147927.5890364789,2298,64083829,67823288,1205720,1852913,8443143,13264314,8209195,10286377,12597816,12991292,6286191,5644983,6908101,3052573,3856880,1724687,16576783,19006149
155,000596,2017-09-06,-0.011420828493999169,-0.010646535036778926,1.5203553776306096,20544.0,168162.45555168856,1154,36180793,19437311,572475,625133,7440190,5477073,6041615,4791845,5098599,2725550,3324272,2078073,2094149,982804,2198891,490944,9410602,2265889
156,000597,2017-09-06,-0.014912280701754432,-0.016666666666666607,0.27974642804512695,21280.0,196320.2383460108,1661,59139463,50871881,820993,1167035,6846103,9201017,6355124,7440554,11767558,7810138,6759911,6714456,3390124,3750091,2669603,1792523,20530047,12996067
157,000598,2017-09-06,0.005291005291005346,0.0017636684303350414,0.14261704186262178,8490.0,242734.64274775016,1583,55678092,34686158,1653471,978347,4737946,5603351,4502249,3798723,5914799,5014817,2216274,2891092,3078896,1838901,1394624,1815309,32179833,12745618
158,000599,2017-09-06,-0.007320644216691097,-0.005856515373352855,0.21128085402272812,12844.0,114905.60232985565,1045,25553640,18574033,841318,1187023,3589603,5419991,4211668,3302959,3882522,2921003,1387024,1572600,1370712,688848,1312666,473899,8958127,3007710
159,000600,2017-09-06,-0.013481363996827866,-0.012688342585249868,0.22880949926188762,47139.0,587345.8602727462,3040,204097599,207166974,966682,1410332,12800928,16682383,18752838,22257588,30020047,31886262,20548589,20199641,16187923,13423532,9025973,10794481,95794619,90512755
160,000601,2017-09-06,0.022911051212938016,0.016172506738544534,0.2213128497794217,8283.0,116039.27132724991,1124,12832964,26293461,759874,2323802,4407527,4213854,2895946,3393957,1928717,3350240,1686391,1475011,709983,1145765,444526,854552,0,9536280
161,000603,2017-09-06,0.02131912058627594,0.02398401065956035,0.3719002516396484,16819.0,104459.36259438039,1630,42695334,44633594,1367888,1197733,7099651,8220567,5803112,7372374,8210553,8991513,5412270,4243341,4956272,4915541,2842521,2683050,7003067,7009475
162,000605,2017-09-06,-0.021509433962264124,-0.0184905660377358,0.5933338087550338,26040.0,130990.42801499953,1995,65451033,48270293,721715,1325520,9981764,12605734,9961331,11374800,13953922,9465811,10419782,4610826,7281637,2483068,1888454,1886474,11242428,4518060
163,000607,2017-09-06,0.01699346405228752,0.007843137254901933,0.23640923423547985,15240.0,68234.57922561545,1047,19742362,18615108,1144991,773678,4875523,5015893,3256517,3981690,6557051,4098575,483725,1638246,1701107,2061562,0,417960,1723448,627504
164,000608,2017-09-06,0.005479452054794498,0.004109589041095818,0.3859630861420439,5848.0,38843.470265434604,357,3487144,3141086,387631,293520,1319380,754995,815376,298356,264990,1089875,699767,704340,0,0,0,0,0,0
165,000609,2017-09-06,-0.006337135614702172,-0.005069708491761693,0.38706007551025934,23520.0,107995.32783859599,1663,49204146,44102098,1164868,1168927,8903336,8219666,7609152,8513028,10457101,10705670,4130476,3178381,4905435,4359053,1282346,1804874,10751432,6152499
166,000610,2017-09-06,0.006666666666666599,0.0016666666666667052,0.3957972700769078,12020.0,71243.44134932962,919,15398038,13763423,706474,1039647,4246079,4420391,2823506,2539060,3375305,3447546,515280,713395,650030,670474,897764,932910,2183600,0
167,000611,2017-09-06,0.01703163017031617,0.010948905109489093,0.30855663049846765,9888.0,47665.66467037694,709,8076773,11195414,608742,763623,3117052,2912449,2503142,2612640,1847837,2273810,0,933187,0,655668,0,453440,0,590597
168,000612,2017-09-06,0.02102102102102088,0.02102102102102088,0.21966854602177607,21325.5,144290.2198939042,2070,58515003,73895672,1052669,1428552,9024437,11143416,9317124,9424435,8729463,15514592,4954661,8855466,7833046,6235399,3521021,4831735,14082582,16462077
169,000613,2017-09-06,-0.019791666666666652,-0.021874999999999867,0.2315617316246396,18834.5,130890.06565041923,1720,58639484,41926786,1205588,1739501,6548907,9045384,6183924,9541784,10170771,8184182,6303744,3527040,3413619,1780027,2754970,1790395,22057961,6318473
170,000615,2017-09-06,0.0006988120195667857,0.004891684136967278,0.2688537693032399,31658.0,141065.8013966531,2835,109153994,100534486,1096080,1565475,12993169,15554394,16335214,18663518,26463141,25409333,15980771,10584926,7285156,5411117,8646422,6248630,20354041,17097093
171,000616,2017-09-06,-0.0022123893805309214,-0.004424778761061843,0.135136569951532,9460.5,122978.1667268117,1120,32724587,20896861,1137821,1048714,5063897,3618096,3752535,2566411,4544405,3972702,5567505,1921702,1040419,1730532,879872,1786587,10738133,4252117
172,000617,2017-09-06,-0.006179775280898858,-0.004494382022471988,0.515104370362367,10662.0,78204.4448064871,1194,21149212,14975987,1053960,907119,5549708,4002166,4867563,4000233,3752672,3080032,1623884,1594229,1754305,970112,469128,422096,2077992,0
173,000619,2017-09-06,-0.008146639511201648,-0.014256619144602856,0.31191580570437605,18430.0,146052.89911736725,991,34279303,23484877,799690,1134511,4822522,5364525,5132842,3096116,4168616,2647147,2476281,1025037,945239,317790,5563669,4381552,10370444,5518199
174,000620,2017-09-06,0.023066485753052923,0.02578018995929443,0.2059531670722629,7500.0,114248.12010661777,1282,14778327,28901742,1211073,1423977,3532646,5891382,2566419,4946950,1540074,4730087,2055867,2659628,1016990,2046326,0,492273,2855258,6711119
175,000623,2017-09-06,-0.010799136069114423,-0.00647948164146861,0.5021620356365085,29874.0,274236.9305236153,2125,135219087,90152996,967465,1176060,9005095,11293756,11466608,9867932,16535741,14113103,15904933,13526889,8504019,3738029,11505025,6277060,61330201,30160167
176,000625,2017-09-06,0.0007309941520468044,0.0007309941520468044,0.2938129326945069,20520.0,165682.65737609594,2168,85707439,59825072,1723427,1387644,10133053,9705651,15711107,7582359,14822571,12059501,6985422,5519238,3733102,3402601,3092097,3597926,29506660,16570152
177,000626,2017-09-06,0.012158054711246313,-0.00405268490374866,0.46761724464049614,31088.0,172325.62963133334,1784,76159398,67181429,1412162,1090245,9025561,8002346,11050019,8699661,15008789,12849646,9075773,7326284,6998276,7610504,6099960,6191416,17488858,15411327
178,000627,2017-09-06,-0.011224489795918502,-0.011224489795918502,0.18005547443954045,40593.0,250601.9990592101,2966,161932003,149638984,1618623,1647349,13860724,13270516,16492682,17935210,31697395,26774349,18652848,16641593,17587908,15709746,9148244,8673755,52873579,48986466
179,000628,2017-09-06,0.010213556174559102,0.002785515320334442,0.27154962129920046,18343.0,97058.2463071001,1574,38622856,29272151,1000729,1136761,8366625,8710749,7529537,6106894,8010236,5411380,3806520,1802871,2740513,1047156,1813346,469775,5355350,4586565
180,000630,2017-09-06,0.009345794392523477,0.012461059190031154,0.056967345867567375,33481.5,561075.2382751276,3216,247686258,310972472,1803019,1717994,13994269,14030797,19542207,17213254,25018482,23644193,13764107,16466870,11689425,11847670,7217946,9100097,154656803,216951597
181,000631,2017-09-06,0.0,-0.0024752475247524774,0.13920309714579274,4019.0,83584.17309546705,843,12601477,11272696,436146,853047,1834991,3266162,1440935,2310934,2136147,1188991,1680932,200999,685408,950792,1202793,0,3184125,2501771
182,000632,2017-09-06,0.004716981132075304,0.0,0.2445281754122175,12610.0,73719.55975303805,676,13438514,6578369,669811,635383,3551235,2650845,2580151,1587099,2053620,445749,995308,277254,1020493,385445,0,0,2567896,596594
183,000635,2017-09-06,0.006526104417670542,0.007028112449799062,0.4670390146604507,20050.0,96565.18763577899,1819,43894950,38504587,988855,1357631,9005114,11389352,8711932,8828573,9334713,9345337,3673509,3659147,1332562,757890,486972,898569,10361293,2268088
184,000636,2017-09-06,0.03164556962025311,0.025316455696202445,0.1754089723677604,49000.0,258834.72549043462,2925,160968664,206282483,1450179,1554569,10859643,13744827,15057901,21346804,28880615,34629402,19983904,25184566,15230391,20127412,10785618,17739170,58720413,71955733
185,000637,2017-09-06,-0.00137174211248281,-0.004115226337448541,0.23097201781807114,7225.0,55898.51834968774,996,13104866,8970941,900074,746537,3944011,2982190,2883404,1453974,2857159,1262953,1767922,542717,342200,363000,410096,0,0,1619570
186,000639,2017-09-06,0.0009465215333648302,0.003312825366777128,0.713891627936287,12800.5,77916.9301521835,876,17211017,10925168,578362,826331,4371055,4847404,2921735,2078725,2413749,2590868,1403738,225462,2373670,356378,872069,0,2276639,0
187,000650,2017-09-06,0.006768189509306355,0.005076142131979822,0.19055647435342346,11190.0,128098.32211544976,962,18349059,22693541,614761,1005976,3360013,4113492,2295074,3666742,3069674,3012430,1341754,2584705,1051073,1725352,1254718,0,5361992,6584844
188,000651,2017-09-06,0.0015735641227379027,0.0005245213742459676,0.6493399722540184,103045.0,892500.4741162392,3448,542983878,550530742,551746,431379,12807826,11700349,23805362,22089816,50157927,42550846,34790768,39970924,33965690,37396975,29806191,25016158,357098368,371374295
189,000652,2017-09-06,0.00746268656716409,0.003731343283581934,0.15926771311993435,10740.0,104682.10572199439,1134,23088768,21265631,1007959,906920,5052431,3969977,3331549,3868169,5542569,2816680,1518991,2331560,627313,715364,1749488,1761564,4258468,4895397
190,000655,2017-09-06,0.029933481152993213,0.03658536585365857,0.18727681973834817,27990.0,197535.4160820878,2323,80657260,98054595,1439426,1614460,10748482,11927003,12088070,14194698,17302540,19099980,9358700,10661958,7962418,7474637,5827323,4609053,15930301,28472806
191,000656,2017-09-06,0.0,0.0,0.11946648445169533,5445.0,139228.72336366458,1720,37068535,24892313,1787326,1272954,6669173,5441347,3849076,3075810,3665360,2619006,1977438,2000723,1924166,674098,3660727,0,13535269,9808375
192,000657,2017-09-06,0.004814305364511773,0.008253094910591452,0.33413424385264,22185.0,194088.57571814308,1895,57110876,69635116,970861,1277727,9599993,9575468,9466371,9606970,10138072,15551190,6576761,5802523,3283297,3664213,3860528,3208008,13214993,20949017
193,000659,2017-09-06,-0.02450980392156865,-0.019607843137254943,0.12766479096713976,12030.0,174352.63154626338,1023,37243813,13451634,739056,977104,4622486,4049169,4200375,3048977,3869599,2862402,3530510,1774290,2023062,331627,1295483,408065,16963242,0
194,000661,2017-09-06,-0.019215658261304336,-0.01871562254446746,3.4900638680836007,27480.0,209562.55328194614,1609,74499155,70686948,4120,0,6384325,11463642,6543628,8071484,9599869,18645945,5458683,7850705,7335862,2442179,4095442,3447048,35077226,18765945
195,000663,2017-09-06,-0.00986610288935863,-0.009161381254404466,0.651215912381722,14090.0,61165.65759142312,474,9970800,6502891,409045,341849,2740322,2283009,1825677,1172915,2722637,929280,1276193,499088,0,0,437736,1276750,559190,0
196,000665,2017-09-06,0.0,-0.013687600644122333,0.4477441800020397,7386.0,126066.28296223462,769,20070051,9196849,526670,916241,2713333,2558466,1678145,1662441,2595264,1940168,1194582,740233,378840,332100,888938,0,10094279,1047200
197,000666,2017-09-06,-0.010757507844016079,-0.010309278350515538,0.5026615075804706,24365.0,189684.41861883766,1970,99969866,49735510,1076571,1081110,8832838,10422194,11002649,8602990,15554598,11748894,10085246,6693679,7174315,2772386,5415748,3157124,40827901,5257133
198,000667,2017-09-06,0.0,0.0,0.09767829118944457,3718.0,101039.44638781401,1208,20166533,7920691,1462606,712450,4554761,2326616,1876159,1028975,2952264,1369965,1227900,262386,1284752,362119,1309919,475617,5498172,1382563
199,000668,2017-09-06,-0.006111111111111067,-0.008888888888888946,0.7337901515952024,10692.0,72983.53634944448,601,9984710,6246957,738044,570799,2862884,2196047,1873649,827345,526159,1076538,0,272384,1413590,620828,496925,0,2073459,683016
200,000669,2017-09-06,0.007242003621001913,-0.0018105009052504784,0.42509830030690865,19938.0,103250.77843993381,1520,43254276,32878586,830283,898836,12708125,7119959,6933439,4856393,6051069,6976790,2858855,4023636,2805690,3554520,1255813,1804020,9811002,3644432
201,000670,2017-09-06,0.06933744221879823,0.06933744221879823,0.11287057879131022,51072.0,943691.429226208,3319,259870754,428745171,1048430,1866075,10126661,17236097,14777698,26594806,23679376,38234962,17642280,24915916,15982999,19832087,11543342,17328001,165069968,282737227
202,000671,2017-09-06,-0.02050473186119872,-0.01577287066246047,0.12980149251694492,23180.5,182513.40786874248,2394,106358559,75734939,1749601,1127538,10026378,7128486,12014293,8960179,30925211,14789295,8983475,7845474,5431745,8500316,9227336,6759401,28000520,20624250
203,000672,2017-09-06,-0.008571428571428563,-0.003809523809523707,0.22025918793104396,18819.0,82450.45989435598,2274,52841121,47626746,1316743,1699109,11333244,12596574,11044379,9510045,13522119,9301797,6011537,5068239,3729814,2040001,1314493,1755413,4568792,5655568
204,000673,2017-09-06,0.010590015128592922,0.021936459909228434,0.37759841073546324,27180.0,404766.9056995052,1227,69949778,101057947,723109,517013,6495243,4233000,6513205,4473891,8476480,8874321,6426812,6897917,4540030,5539064,5724695,8037369,31050204,62485372
205,000676,2017-09-06,0.0006863417982154729,-0.006863417982155062,0.3712121493637255,11712.0,102782.75426801303,1541,34723949,25099905,1431657,1077488,6878448,5798221,6007939,4269267,8136031,5948909,3505191,2918824,1885532,1354772,1258034,3215472,5621117,516952
206,000677,2017-09-06,0.016260162601626105,0.008130081300812941,0.19397671593453228,9960.0,76802.57215641238,643,11043494,11685758,608613,709208,2817732,3120367,1395503,1500393,1002516,1902012,2269911,1294134,1291574,694400,939400,1319109,718245,1146135
207,000678,2017-09-06,0.0,-0.006756756756756799,0.29758464532582196,10590.0,53762.83060918029,890,17255819,7555964,1005953,953257,4337006,3058896,4047378,1927545,3502483,1285138,1626016,0,1313746,331128,0,0,1423237,0
208,000679,2017-09-06,-0.0052742616033756295,-0.0031645569620254443,0.4040281984267521,11268.0,74946.78820638305,550,9652458,8150610,713995,515559,2662124,1865965,2181318,1622244,2635979,1055755,298284,992690,738344,365660,422414,0,0,1732737
209,000680,2017-09-06,0.0,0.0032894736842103978,0.13222800496516238,18030.0,157325.45904097278,2118,65049205,70648991,1761858,1433318,9591703,9085709,10445245,9447039,10720011,10415531,6179916,7678945,3886769,8879416,881441,2284513,21582262,21424520
210,000681,2017-09-06,0.015041782729805053,0.024512534818941667,0.41374204536642567,21606.0,108955.54653160358,1884,51334488,48865437,1281547,906529,11252809,9342026,9437396,9422280,13910485,9030232,4840676,4652574,2120262,4058682,1781692,2582938,6709621,8870176
211,000682,2017-09-06,0.0018832391713747842,-0.0018832391713746732,0.18785610673891517,6371.0,75353.68151343177,799,14513817,7866915,718085,687750,3442703,2203895,2278203,1462759,2610535,1440267,1936079,264500,703035,0,967134,476100,1858043,1331644
212,000683,2017-09-06,-0.005952380952380931,-0.0029761904761904656,0.07136430339098278,14806.0,206765.31666574674,2232,85459009,58698920,2004242,1365606,11537220,8104808,9917464,5500122,11079393,10255681,5491830,4829438,10257181,7156601,2656933,2514244,32514746,18972420
213,000685,2017-09-06,-0.00545454545454549,-0.0036363636363635488,0.2996888052700295,10920.0,102916.90810611003,1347,35567795,19050477,1518076,985379,5613891,3300771,4379401,3324597,5927014,4988096,4864053,2580784,3454077,659753,2210616,1292127,7600667,1918970
214,000686,2017-09-06,0.0037037037037035425,0.0009259259259259967,0.24373118076331507,21440.0,180469.25071579454,1964,73356889,71792743,1142623,1364154,7543306,8958263,8221684,8912520,11486971,12258868,8438415,9867622,5154742,7194362,5712995,5037444,25656153,18199510
215,000687,2017-09-06,-0.0022156573116690614,-0.005169867060561217,0.30402876821437386,22950.0,102599.27775991822,1984,59355717,42137788,1400886,1252330,11238241,9641798,10945211,8912848,14032158,10459041,8775249,3622167,2796983,1713435,875840,455616,9291149,6080553
216,000690,2017-09-06,0.0012547051442912682,-0.0037641154328732496,0.23744622646668423,18216.0,158711.95789552573,1127,48190979,31711500,963915,986378,4834747,4308420,5140497,4914806,5722908,6073578,4045431,3642195,5596876,2846743,2872872,3853480,19013733,5085900
217,000691,2017-09-06,0.020352781546811416,0.01085481682496603,0.4277399419657759,12216.0,37927.31730295387,296,2767382,3924740,233408,322791,1285679,1353991,542226,967161,411151,968642,294918,0,0,312155,0,0,0,0
218,000692,2017-09-06,0.012949640287769792,0.015827338129496216,0.2617331754248051,10620.0,80031.66352926828,705,11627282,11425442,583008,1007144,2762617,3360246,1936485,1363827,2173106,2410769,1494612,278164,649492,0,963095,481152,1064867,2524140
219,000695,2017-09-06,0.01558441558441559,0.0025974025974024872,0.3225556109752648,1156.5,22040.90691829162,1282,3573800,5577421,218019,1753289,1365037,1428650,677209,962503,863074,889306,450461,231600,0,312073,0,0,0,0
220,000697,2017-09-06,0.05943775100401605,0.049397590361445864,0.4358642012457688,116204.0,661929.8872967238,3273,423178779,551917447,476985,742388,7945172,10933361,15667854,18754444,32011968,44295866,33132318,30016861,27263102,37386602,28590513,33530023,278090867,376257902
221,000698,2017-09-06,-0.0028288543140029265,-0.004243281471004279,0.1883271823430574,14826.0,143654.79941833465,1410,50369860,28556168,1334370,933459,6076672,5886031,6019174,5280873,10218753,6227892,5134710,2247948,3015342,1734297,2209581,425400,16361258,5820268
222,000700,2017-09-06,0.00540540540540535,0.006756756756756799,0.16096379897259072,31332.0,124524.43072332299,2117,85303467,62352132,1205173,1408300,9418151,8236099,15577220,10263367,27304465,16576031,12275410,10079033,6859525,4217786,4094862,810335,8568661,10761181
223,000701,2017-09-06,-0.006746626686656709,-0.009745127436281753,0.3200755857365274,18424.0,108274.4420967302,1737,51749576,33515291,1318955,1263626,8540504,8681151,8084562,6261469,10468053,8593467,6561738,4443034,4025123,2020837,1348634,1330507,11402007,921200
224,000702,2017-09-06,-0.0161904761904762,-0.007619047619047636,0.1900825054716808,34122.0,322137.4640642188,3063,139214129,139254032,2197522,984500,18634029,11611442,22450055,13239068,28074796,18719220,19534320,16602511,12663145,12440590,6118920,7547014,29541342,58109687
225,000703,2017-09-06,0.006630500301386233,0.006027727546714878,0.38795291473978,9990.0,100187.11056144371,1831,31146580,39674801,919854,2295542,5268177,10001637,3097456,5881051,5851551,5110398,2916291,3074214,4125637,1807591,4145213,2696878,4822401,8807490
226,000705,2017-09-06,0.0019417475728153999,-0.003883495145631133,0.32833532571055873,3066.0,54548.17837363919,984,11150265,8149085,860766,1052365,1527337,2341405,1813509,1509514,2277775,1270978,1612125,937108,716502,0,1292897,413075,1049354,624640
227,000707,2017-09-06,-0.006738544474393482,-0.009433962264150941,0.25306880013962674,12478.0,120029.4709881647,860,24198655,13900975,772228,867242,3428542,3880525,2320301,3511335,2374189,1898690,2499017,1443214,1353667,610896,974310,0,10476401,1689073
228,000708,2017-09-06,0.10165662650602414,0.10165662650602414,0.3139513237658493,41212.0,342003.1272329232,1790,147178732,82618014,1459501,260255,12137650,3241859,15057259,5101958,25426388,9164276,11931680,9351940,9913641,6546469,8411160,4881288,62841453,44069969
229,000709,2017-09-06,0.008281573498964745,0.01449275362318847,0.08262001211300556,72786.5,461287.5298147243,3438,319239632,400958104,986316,1229811,12165927,12755606,20601344,23158866,35046823,48492038,29070928,46498472,20004099,32550163,18949983,24431710,182414212,211841438
230,000710,2017-09-06,0.026064735945485307,0.030664395229982988,1.2089328723141495,48448.0,177567.8489753931,2359,107886996,132902427,838382,746873,12013959,10083541,14334743,12876241,24253286,27822248,15073462,20469254,7314122,13533239,5783303,12523655,28275739,34847376
231,000711,2017-09-06,-0.0013513513513514486,-0.0033783783783783994,0.516393026354501,14700.0,63904.58715276287,821,16361135,6823398,600341,695799,5609829,2787493,3098802,1639225,3587647,1232129,1212476,468752,0,0,845250,0,1406790,0
232,000712,2017-09-06,-0.0035714285714285587,-0.0056122448979593065,0.4500955544651157,19660.0,192165.86559201506,1897,90038082,52202846,1771743,1352650,8699526,8639621,8779370,8150810,12720228,11268975,7350310,6364457,4894317,4028940,5388343,1875589,40434245,10521804
233,000713,2017-09-06,0.0012150668286754485,-0.0012150668286755595,0.3311335298848922,8200.0,59650.74784068472,617,9860889,8178095,348031,798643,2087324,2208801,2503569,1067117,1995562,2818175,1532423,708436,655981,0,0,0,737999,576923
234,000715,2017-09-06,0.0036496350364962904,0.0045620437956204185,0.4736174574758133,4384.0,129578.30601474982,535,8366711,9044861,342086,632846,1509680,1598167,861812,930730,787476,1367451,479465,0,304389,355300,916009,1334970,3165794,2825397
235,000716,2017-09-06,-0.005899705014749235,-0.005899705014749235,0.18008845109868943,10774.5,82875.26425537298,1418,28471685,19250340,1171528,1459815,6966849,5663947,4846438,3437044,4920554,3510306,1577182,1029944,2812459,674466,845100,894987,5331575,2579831
236,000717,2017-09-06,0.004566210045662267,0.0182648401826484,0.14802171592156296,139672.0,683388.3620123595,3517,553893344,585493554,491833,420712,9257887,9019192,20088661,22400483,45802772,49952863,46591291,50228116,42414919,44429633,39690480,31499541,349555501,377543014
237,000718,2017-09-06,-0.001808318264014619,-0.001808318264014619,0.13918513904693552,6061.0,116977.75691978392,1581,38353165,13505270,2265983,535245,6449146,3104727,4271064,1994573,6160341,2221853,4305845,2307092,1908361,697175,484196,884453,12508229,1760152
238,000719,2017-09-06,-0.0018165304268845661,-0.0009082652134423386,0.3253758634680859,12012.0,55437.85006767239,1145,9328543,17509261,831915,1712939,2201567,10186294,1506659,2061261,1546601,1618564,690133,437697,315936,317550,891200,0,1344532,1174956
239,000721,2017-09-06,0.009358288770053402,0.006684491978609541,0.24431330980350932,11205.0,75692.49703210796,937,16144573,12635735,856601,1105172,4113208,3882557,3496059,3027144,2514313,2359851,1701068,1470529,723984,380732,479136,409750,2260204,0
240,000722,2017-09-06,0.0,-0.004122011541632387,0.5485834412296822,12110.0,60476.169712059076,488,8411352,7123032,329907,464453,2684860,2226438,1880750,1344737,1663448,1231891,705940,1248513,0,0,0,0,1146447,607000
241,000723,2017-09-06,0.019977802441731418,0.027746947835738167,0.18164583940480789,31954.5,304589.7757099984,2464,171966963,167981262,1248496,1621086,9296253,8098850,11524312,13054801,17093705,19756883,14691054,12004950,12712447,12103710,14570481,20255628,90830215,81085354
242,000725,2017-09-06,0.0024999999999999467,0.0,0.06728315683477143,83904.5,856697.1755213231,3564,757201608,434464984,1065894,546951,18936061,7377378,33973193,15181861,57860198,24008025,47397987,20481650,39365163,14238434,39067775,21787450,519535337,330843235
243,000726,2017-09-06,0.0024999999999999467,-0.0016666666666665941,0.2925381413650093,7152.0,51305.88203489846,1683,18477899,16114822,1110643,2115686,5642174,6528460,3785405,2148523,4710324,3181997,438747,904248,667918,358200,0,877708,2122688,0
244,000727,2017-09-06,0.0035087719298245723,0.0,0.07708156460527836,10224.0,165305.24735623482,1376,31155067,37494980,1092556,1087644,5512310,5654840,4038917,3102247,2901568,5498479,3868002,3555982,3421029,996632,915160,492778,9405525,17106378
245,000728,2017-09-06,-0.002762430939226568,0.0,0.2622920598316152,67915.0,348573.5314223304,3049,293340523,246362041,778142,851917,12412402,12822787,18330856,19682356,33813647,36861432,29030390,30118289,24255411,20265454,23820508,17434830,150899167,108324976
246,000729,2017-09-06,-0.003058103975535187,-0.003058103975535187,0.13706442428961188,3918.0,47181.54015653468,2281,17914386,12631512,3683949,2802148,4436790,3183782,2550287,1876743,2494094,2129284,492465,288562,1669673,710518,412734,0,2174394,1640475
247,000731,2017-09-06,0.004587155963302614,0.0,0.2378941338198479,17460.0,102973.01094539772,1344,36630482,31883420,969240,1566205,6878654,6435464,6170338,5156569,6038024,6120274,4819146,4304781,4480972,2096478,3262643,1781424,4011465,4422225
248,000732,2017-09-06,-0.004142011834319503,-0.005325443786982187,0.43891344756904505,8400.0,43223.80580559762,1483,14134835,15624387,1060146,1798441,5144957,5372189,2344328,3254462,3939207,2884648,410158,726732,336400,322026,899639,0,0,1265889
249,000733,2017-09-06,0.038717483363581495,0.011494252873563093,0.3444314356162393,24780.0,141470.54469889932,2304,89407400,81557457,2503457,879630,12908679,9447594,10748563,10651357,18136522,18378329,11483576,14804739,11311430,5109886,3575744,6991023,18739429,15294899
250,000735,2017-09-06,-0.00868306801736618,-0.00434153400868309,0.16732232559351923,18495.0,175237.76092081363,1707,65691677,53132211,1029202,1625690,6457919,8011546,8059699,7708569,11136430,8329638,5671082,7313672,6264805,5226801,4745108,3541193,22327432,11375102
251,000736,2017-09-06,0.0020618556701030855,-0.010309278350515538,0.4774271649089906,14380.0,73722.51825699769,929,19053368,14015920,1157542,455997,5314110,3340985,3106420,2155219,4755856,3646951,1456929,711044,1357519,1432574,846792,871065,1058200,1402085
252,000737,2017-09-06,-0.00805152979066015,-0.0032206119162639935,0.20792845637840854,12360.0,111846.269734043,892,22655464,12709696,954124,661410,3777019,3421097,3421293,2807454,2463307,3584558,2650089,1317311,1015460,300966,1687724,0,6686448,616900
253,000738,2017-09-06,0.03589743589743577,0.04461538461538472,0.4420450118354711,23676.0,400481.7052968057,1947,87387371,146589247,1234681,2245392,7182996,7966752,7584643,10603598,11153635,13205196,6738986,11202400,5509269,8525126,4041298,6314705,43941863,86526078
254,000739,2017-09-06,0.0,-0.0014164305949008194,0.29950333044500577,4928.0,98344.94833937942,555,10086232,4793949,1051674,355874,1507135,1283227,1641082,1319311,1586273,149952,652264,554573,318406,0,407037,0,2922361,1131012
255,000750,2017-09-06,-0.0015999999999999348,0.0,0.142939856306699,13062.0,178681.12467317554,1915,63714296,47105000,1520381,1351270,7985808,7558331,6732994,7963828,8350067,8782464,5064571,2722783,6139606,5152036,2743952,0,25176917,13574288
256,000751,2017-09-06,0.03301886792452824,0.03616352201257844,0.1091122034718658,76636.0,592090.1132740942,3411,303757001,367225512,884126,878405,10589023,14927770,22398919,28528822,35624370,52493856,26996410,36989909,25520904,32737690,15864057,28117792,165879192,172551268
257,000752,2017-09-06,-0.006507592190889366,-0.005061460592914013,0.49885450381070257,13720.0,73338.97847891958,768,11786826,13063754,615111,720545,4079907,3554156,2702864,2042958,1668864,1774808,1458892,1207291,395712,306880,865476,899544,0,2557572
258,000753,2017-09-06,0.0,0.0,0.1581237607947791,9520.0,72271.63643014267,899,17222093,11968161,1115713,903511,4131048,3725574,2258326,1373226,3129009,2100163,3268533,1820245,1040818,983124,0,427632,2278646,634686
259,000756,2017-09-06,-0.0006172839506171091,0.0030864197530864335,0.5463434013259482,16079.0,83059.94960709676,879,17073425,14600038,883177,553355,4050260,5611104,2295635,3391705,1893898,2552445,1945108,662194,1474297,1425783,882150,403452,3648900,0
260,000757,2017-09-06,-0.01482479784366586,-0.010781671159029615,0.2458687436679974,13194.0,76409.6970304928,911,19987820,10793566,874484,785281,5000871,3906203,3884632,2217641,3339906,1790299,1901502,1686031,733062,0,1347373,408111,2905990,0
261,000758,2017-09-06,0.026250000000000107,0.03125,0.14840653550289484,40817.0,294258.8807021252,2911,143409467,205150419,1518311,1519395,13016908,14055543,16661446,19087004,22408699,28925343,17475567,23161121,13588217,15216256,13329702,18014365,45410617,85171392
262,000759,2017-09-06,-0.009782608695652173,-0.011956521739130421,0.2998594980579302,18100.0,83117.97678943213,941,21696657,9276998,766496,807120,8609545,2834169,2427346,1378077,3534150,1476872,1349948,0,1379282,0,1779879,0,1850011,2780760
263,000760,2017-09-06,0.03699673558215455,0.04134929270946697,0.2730669390021482,12044.5,200499.28899224685,1134,21546035,39603472,511656,1168568,4091254,4101137,4257853,3262348,5076965,5833102,4064659,2339234,2116061,3350557,1427587,2790680,0,16757846
264,000761,2017-09-06,0.015151515151515138,0.027272727272727337,0.12788942961737435,33500.0,320107.26525112346,2673,158884108,173907451,1452673,1231957,12232203,10909880,13743148,14568356,21009273,21271895,14941291,14937144,13928938,17046061,9673894,8950923,71902688,84991235
265,000762,2017-09-06,0.03254437869822491,0.027810650887574173,0.2973702533278043,88485.0,402125.46311142296,3235,273052511,338027381,661157,636532,11068405,10755941,20116901,20776286,45228697,42164548,38693788,40570420,28203998,33630918,21202787,23091625,107876778,166401111
266,000767,2017-09-06,0.0027932960893854997,0.0,0.1399063644182482,7180.0,87466.42832192533,655,11201125,9365743,666332,492651,2398056,2475708,1696576,1425840,1583209,1863531,501508,489090,338200,362712,872865,925344,3144379,1330867
267,000768,2017-09-06,0.00846560846560851,0.00793650793650813,0.3934440336720176,30344.0,332110.0125220574,2308,121783490,142322908,1447720,1533548,9007901,10371587,11004945,12706167,15967531,19830348,11229271,13222063,12303650,15390776,6860686,6803675,53961786,62464744
268,000776,2017-09-06,-0.0010411244143675447,0.001561686621551095,0.3401707836171556,82216.0,514765.51911574026,3190,390637153,371746569,1410138,1051056,12086759,9451908,17352431,16826048,35942580,35055823,31116520,32061240,28443697,33639842,30011990,28881429,234273038,214779223
269,000777,2017-09-06,0.008998875140607376,0.008998875140607376,0.5456789907226324,17810.0,66823.55425121599,1061,20325034,22557822,932000,937125,4245641,6377672,3999047,4078690,5236952,4596541,3023003,2763426,2036223,1832188,852168,899661,0,1072519
270,000778,2017-09-06,0.017595307917888547,0.02346041055718473,0.12785164788825268,40297.0,568626.1867530319,2852,198417488,314107293,1304362,1532486,12672516,12740023,16374822,14649875,24239829,23175070,18250097,16897942,11486521,12218845,8551741,13802060,105537600,219090992
271,000779,2017-09-06,0.013063357282821597,0.005878510777269641,0.44041659904394936,15490.0,74966.34179751939,1209,25088192,20376681,1052542,861993,7024519,5858567,4882346,5031215,4293806,3394991,2485277,1818547,1033920,1594142,1894217,0,2421565,1817226
272,000780,2017-09-06,0.025925925925925908,0.02962962962962945,0.13142456768890204,16770.0,133654.33012104672,1692,34660342,52847909,969489,1222098,7034377,8045825,6771101,9010791,8577607,8825596,2677160,7775182,1983962,3438608,407340,1761118,6239306,12768691
273,000782,2017-09-06,0.007494646680942241,0.0064239828693790635,0.35231899851595627,10334.5,47518.95844731873,702,8370638,12699626,626123,1256719,3078218,3106993,1927452,3716008,1855845,2608861,520160,960384,362840,1050661,0,0,0,0
274,000783,2017-09-06,0.004008016032064132,0.007014028056112176,0.21203626660338562,24950.0,428278.7431136519,2217,93435917,107380770,1511721,1952390,8623203,8770704,8523474,20906263,14464801,14788821,7630138,11451056,6638317,6890945,5858137,1428125,40186126,41192466
275,000785,2017-09-06,-0.0009049773755657187,-0.005429864253393757,0.46413433917418706,5540.0,56186.254167482984,566,8820726,5006037,493448,583112,1549818,1878241,1681319,1129923,2176942,795384,685802,299797,1022400,319580,0,0,1210997,0
276,000786,2017-09-06,0.005491153142159755,0.0006101281269066394,0.315016048141202,37777.5,283470.176221809,2708,149075964,110887678,1132243,1597564,10124360,16316266,18970550,20343026,24421259,23642176,14305535,13742747,12369138,7630392,6688382,4649637,61064497,22965870
277,000788,2017-09-06,-0.009541984732824416,-0.007633587786259555,0.4074008406826268,12468.0,70929.53986417592,661,16090004,6835938,542798,497587,3187614,2518765,2440027,2156537,4318057,901599,1692594,761450,1605152,0,414000,0,1889762,0
278,000789,2017-09-06,0.005012531328320691,0.006265664160400863,0.24849060915253854,8789.0,67207.01191313869,1031,14236240,17772969,682414,1752958,4422213,3998166,2841123,3163264,3201269,3206121,1169712,1183973,0,1405516,1294691,405093,624818,2657878
279,000790,2017-09-06,-0.008429926238145424,-0.00737618545837726,0.45252384366983406,14100.0,90758.23992606632,439,11584124,8864782,497598,364344,1945976,1650945,2595417,974257,2539857,1932507,1168884,1760955,986798,0,472443,847350,1377151,1334424
280,000791,2017-09-06,-0.0012150668286755595,0.0,0.26404354761542514,9840.0,58205.083089941865,971,15916677,10675493,1128866,1214460,4923996,3732457,3098539,1397575,3336472,1561565,2178183,964485,0,0,409500,0,841121,1804951
281,000793,2017-09-06,-0.0037488284910964786,0.0,0.30447261657194563,8544.0,116490.65236721163,1228,36629466,17387968,1155335,665119,3255000,3669386,4348915,3104678,8496920,2672886,3275703,2999402,5599357,686159,1796958,426400,8701278,3163938
282,000795,2017-09-06,0.04557640750670244,0.03887399463806962,0.12754708261473974,65436.0,287907.1465618446,3431,202363566,272489986,935415,978458,15031363,15032361,26000096,24753274,43544348,47555213,31439268,29943768,21605541,21173172,16138406,19221116,47669129,113832624
283,000796,2017-09-06,0.01700251889168758,0.005037783375314797,0.2916622932763342,35002.0,182747.55273133167,2969,125484299,108941280,1654285,1358047,15601141,13677968,20702878,16057232,27199930,25916853,16936807,11536266,11937783,11225603,6236028,5786544,25215447,23382767
284,000797,2017-09-06,-0.007194244604316502,-0.0026978417266186883,0.3630000890215302,16522.5,99698.45631513701,938,28855075,17431391,674815,670117,4825299,3678849,4238549,2284530,5040937,5672155,2751710,2089232,2141826,1746322,2276374,1290186,6905565,0
285,000798,2017-09-06,0.004278074866310266,0.002139037433155133,0.42076047490813306,9370.0,50755.62644083998,493,5576331,5879824,478297,708783,1869421,2404248,1272932,1155911,1052029,445397,550252,0,353400,0,0,429640,0,735845
286,000799,2017-09-06,-0.022144522144522005,-0.020979020979020935,0.4881745236191303,38430.0,241209.25570010516,2781,142215868,115909669,814481,1148733,11808991,14582413,18379811,18138921,27035782,24609710,16087575,14336587,14474273,7358515,8058530,6226653,45556425,29508137
287,000800,2017-09-06,0.002759889604415866,0.010119595216191435,0.2145135564258708,45353.0,240366.86977240158,2570,150457500,156937173,1143975,903930,12493739,8651785,17480956,12691812,27793473,22215533,19681507,21369653,18148461,15540688,7115978,14094788,46599411,61468984
288,000801,2017-09-06,0.013333333333333197,0.01090909090909098,0.2342005999365675,14144.0,74631.71646863007,1241,22272813,23281257,1284620,1238409,5866255,5348734,3785869,5492211,3640360,4402218,2114344,4192625,333600,1355060,1272762,417000,3975003,835000
289,000802,2017-09-06,-0.020454545454545614,-0.00909090909090915,0.3907469037973697,26234.0,125011.036868406,2029,79493384,53800925,1366452,1175447,10781481,9296155,11980203,10347300,19212559,11606758,9515103,5376844,5410608,6128330,2265478,3576035,18961500,6294056
290,000807,2017-09-06,0.024748646558391263,0.02165506573859255,0.2227082091396141,106839.0,514189.5787162665,3378,384991671,445854519,669354,625730,10161195,10976338,19246707,20767010,44387459,53513694,43285943,35056183,33694115,33871107,18668526,33548649,214878372,257495808
291,000809,2017-09-06,0.004938271604938427,0.0024691358024691024,0.2100428002291159,20200.0,81119.7471867664,371,10384853,7842365,223092,238642,1512353,2396390,996766,1571571,1276225,1590235,3799893,1382531,1364524,662996,0,0,1212000,0
292,000810,2017-09-06,0.0,-0.0091324200913242,0.4042760803408405,8688.0,50834.41792196491,733,10602120,5917031,685634,817222,2570273,2819462,1970072,1343717,2190575,666963,491871,269667,1070065,0,433200,0,1190430,0
293,000811,2017-09-06,-0.002941176470588225,-0.0039215686274508554,0.3156112552930241,10160.0,68509.98009113099,1044,21105487,12428484,1333656,406782,5080248,2988022,3405579,2017494,4241815,1702448,3701418,1530950,1616374,652160,1726397,1286480,0,1844148
294,000812,2017-09-06,-0.006756756756756799,-0.011261261261261368,0.3287943111329374,14191.0,132718.86877266385,729,23533543,14103739,761902,730178,3358706,2857640,2859653,2299988,4964529,2688470,2479580,1375274,2022722,642044,1298483,866660,5787968,2643485
295,000813,2017-09-06,0.0,-0.0023696682464454666,0.2965140547545284,5028.0,36011.5799946392,810,6418486,6544401,366709,1545509,1788501,3135261,1222707,1471651,1579982,391980,461549,0,0,0,411738,0,587300,0
296,000815,2017-09-06,0.008130081300813163,-0.002956393200295615,0.41430008610188224,13620.0,93061.12038344229,1067,27387191,16023642,1012799,781115,5593861,4563238,4079252,3158607,5673810,3547020,1395956,1308505,1294140,1384918,1763718,1280239,6573655,0
297,000816,2017-09-06,-0.0014471780028942893,-0.005788712011577379,0.24644508922237798,13780.0,87475.70174108999,786,18803339,12286424,452363,984948,4829574,3006947,2368324,1954164,2346449,1873282,2941608,1000256,2207973,2028158,1425509,0,2231539,1438669
298,000818,2017-09-06,0.0017167381974247942,-0.0042918454935623185,0.3502540234814099,12727.0,83038.1689478391,1106,23269411,17432977,839133,869863,5851141,5287242,4172779,3618606,3383283,3037520,2115980,1778452,2046162,1326302,445830,928115,4415103,586877
299,000819,2017-09-06,-0.009366391184572942,-0.011019283746556474,0.560430472528095,16200.0,67584.00996627599,1049,21643367,15040316,871270,1038409,5106789,4662835,4686005,3500376,5253935,2773208,1890558,923614,631972,360192,426019,1781682,2776819,0
300,000821,2017-09-06,0.0022744503411675776,-0.0037907505686125553,0.3673637569979175,18256.0,82830.70317720868,1289,37591519,19180708,1247867,691829,6924357,6266005,7816348,4746656,7899610,3698453,4002108,1534637,2015030,1716312,1300522,0,6385677,526816
301,000822,2017-09-06,0.05957446808510625,0.04340425531914893,0.20569679985742614,68457.0,444190.9132679281,3271,252632262,304812997,1061580,635327,14995777,10984063,26833011,16590966,47601651,38147470,29325568,25606503,21836792,24552108,19910258,20493268,91067625,167803292
302,000823,2017-09-06,0.009358288770053402,0.004679144385026701,0.3748254135537717,19604.0,184742.02505132262,1594,61700351,48870915,1083870,1622332,6929623,6852856,7906756,7071509,9252706,12029792,6544756,5204267,6639911,3621587,1323242,1414976,22019487,11053596
303,000825,2017-09-06,0.019230769230769384,0.020979020979021046,0.0970723110253798,68034.5,470833.7292573961,3492,297646389,426721627,629631,1787556,9016265,17410085,15773354,27666930,32186843,49920913,26004812,37749669,17941031,34622025,13267898,20777407,182826555,236787042
304,000826,2017-09-06,0.0014534883720931369,0.000581395348837388,0.8301802108298216,27512.0,185181.31448379316,1717,67733746,40311267,959161,981894,12165997,8011238,8768322,6831444,12443000,9436372,6373856,3897382,4164670,2778020,4824349,1805007,18034391,6569910
305,000828,2017-09-06,-0.0007843137254901489,-0.004705882352941226,0.447811537188923,25310.0,184027.81554698598,810,27960309,23325597,458080,374546,3970603,3153931,5472366,2240834,11249614,3278819,2708084,1920187,1375613,1135579,898466,1850747,1827483,9370954
306,000829,2017-09-06,0.0009208103130755596,0.002762430939226679,0.28510552619877255,21780.0,140147.06245999056,1451,49519397,44802848,888740,1031977,6465788,6950963,5837146,6984656,7677270,10534840,8565861,3971898,3047867,1947608,3423895,2734463,13612830,10646443
307,000830,2017-09-06,0.027607361963190247,0.0122699386503069,0.18174288832150662,41370.0,218465.01037396258,2901,156830811,150486331,1694865,1307202,13348430,12798601,19820347,15156024,27837981,25822217,21203445,17436283,16505910,11278228,9872815,13845937,46547018,52841839
308,000831,2017-09-06,0.013071895424836555,0.013725490196078383,0.2698612465549477,57609.0,243341.83256577866,3217,192421489,216283458,1006637,1155066,13064971,14937612,23010016,26357633,34110736,38171267,24416837,23619700,16119168,24675258,14993253,16969458,65699871,70397464
309,000833,2017-09-06,-0.002460024600246191,0.0012300123001229846,0.18208068823059248,2442.0,67607.53621435717,1995,24675084,21506660,784046,2575202,4819256,5453651,3577393,3291288,4070895,3184197,3701205,2711138,3488317,633923,826816,1321452,3407156,2335809
310,000835,2017-09-06,-0.0020639834881320818,-0.009287925696594423,0.3088441299574288,13489.0,64089.78806441221,984,20168151,14318116,1005587,1102210,4870247,4795600,3388112,2541595,3482133,1972328,4419214,2598234,1469814,316169,957044,480000,576000,511980
311,000837,2017-09-06,-0.0025542784163474774,-0.0063856960408684715,0.22228109424185155,15560.0,99283.00652853679,1241,29281629,19114082,996839,1291882,6429701,6548517,5238178,4422584,5065780,4298669,3114665,1192088,1413603,1360342,406350,0,6616513,0
312,000839,2017-09-06,-0.017421602787456525,0.014808362369338024,0.19211909120804507,255714.0,2501192.6536775585,3579,1119784399,1670151792,154457,201581,6716497,4738690,16588966,16225698,40603682,45636404,43412350,49799964,45766629,47981911,36536045,47830013,930005773,1457737531
313,000848,2017-09-06,0.0010764262648010892,-0.0010764262648008671,0.2812054461482255,11088.0,133403.16035616168,1091,28898315,23356643,897245,1422391,3427145,5597555,5289669,3314442,2751777,4068104,1673828,2735379,715713,393048,1386000,891385,12756938,4934339
314,000850,2017-09-06,0.031192660550458662,0.023853211009174258,0.14129530950490227,19214.0,177303.54750394134,1490,41847096,62020427,1057234,854474,5105907,6885623,6223551,7701860,7819080,10331359,5450261,8991700,3848847,5290687,925182,2801103,11417034,19163621
315,000851,2017-09-06,0.015194681861348647,0.005698005698005826,0.346935916456686,21140.0,113856.47656643782,921,26259884,28083857,455713,571419,3861552,4618276,4179715,4400571,6228127,5213569,2874068,4642855,2278579,1613232,470365,1806391,5911765,5217544
316,000852,2017-09-06,0.007279947054930513,-0.003970880211780159,0.27337463733166545,53388.0,215418.20446853287,3058,190514639,152520913,1101404,1005987,13558490,14275068,22725121,24014489,33459892,32603084,23020288,17759367,20465974,15647567,12405289,8596969,63778181,38618382
317,000856,2017-09-06,-0.03298497713912485,-0.02286087524493796,0.5776942206134976,42770.0,237309.42552485404,2810,171123120,121929459,991624,1416420,12284653,13923921,20371072,17569152,30188444,28580704,14427950,14786293,14431155,13027599,13816157,7208112,64612065,25417258
318,000858,2017-09-06,-0.006826568265682731,-0.005535055350553542,0.9531619589625316,75782.0,641268.5126175231,3233,437446954,285616042,414888,595541,14125835,13344380,27594168,18147286,51298561,37289001,30092914,25621400,23972693,17312146,19273858,13713743,270674037,159592545
319,000859,2017-09-06,0.007736943907156624,0.0019342359767891004,0.19343286680542326,12937.5,81472.27598537657,714,13394084,13720508,617390,565194,3101904,2762621,2467669,1487467,3253612,2659984,1883992,2241433,1299645,1732897,0,0,769872,2270912
320,000860,2017-09-06,0.012690355329949332,0.013705583756345119,0.5237821211711587,21862.5,258227.30020587912,1414,48807609,64027078,1171649,1147535,7072886,6680951,7541073,7157061,8755719,8562631,6518809,3768133,5379069,3574882,2191932,897090,10176472,32238795
321,000861,2017-09-06,0.0,0.005390835579514919,0.15172273978363382,5565.0,46003.072071287505,598,7408911,5691909,523638,479667,2895981,1395530,2027814,977714,993539,1189553,225939,494385,742000,738048,0,417012,0,0
322,000863,2017-09-06,0.00561797752808979,0.002808988764044784,0.2982992355939115,12780.0,70661.17650580466,569,13542499,9766835,461535,604690,2283955,2154230,2889540,2522991,3193394,2040336,1052658,1665308,2013273,340320,489919,438960,1158225,0
323,000868,2017-09-06,0.003883495145631022,0.003883495145631022,0.20512587376211638,9480.5,81231.10150624813,630,11581243,9797284,406753,513893,2743256,2390333,1157895,1424768,1834892,1817926,931736,1607704,1341832,722796,437750,1319864,2727129,0
324,000869,2017-09-06,0.007500000000000062,0.010277777777777608,1.024972410065278,21786.0,112904.90700872958,1233,31070394,40094448,704105,755169,7461499,5872909,3877654,5033990,6358550,7095418,3826473,5430623,7052503,5476250,401500,2614607,1388110,7815482
325,000875,2017-09-06,0.0019723865877712132,0.0,0.16716614974624197,10140.0,82987.05199822986,920,17971879,15099667,712315,811910,4036227,3433731,3169542,2400304,2642751,2458684,3146000,1577652,304800,639171,834361,943842,3125883,2834373
326,000876,2017-09-06,0.003968253968253954,0.0,0.18572280567568017,9048.0,191564.39720784756,1658,56224190,41935850,1553570,1572745,6137265,5598422,5026287,3643773,6710965,3963389,5356228,2399717,5116151,4246451,2159363,1326529,24164361,19184824
327,000877,2017-09-06,-0.0038971161340608518,0.003117692907248504,0.23451110337174486,33254.0,167641.81703528718,2995,130532238,107520161,1143758,1347751,15676208,17583025,17240498,18741764,24153172,23781487,16918112,12863833,10265584,4118897,7864427,5132256,37270479,23951148
328,000878,2017-09-06,-0.004419191919191934,0.005050505050504972,0.28224801968820046,65559.0,569622.1892034203,3153,312704585,337047812,719161,1569792,11060900,15097000,16256076,21628411,27913667,35620515,25649437,24494585,25711126,32660478,21364838,18363434,184029380,187613597
329,000880,2017-09-06,-0.012027491408934776,-0.012886597938144395,0.4220800456356859,13680.0,63855.91915090022,760,16858272,10793120,579694,624656,3565022,3574195,3480574,2358475,3033484,2712817,3378579,1178277,977640,344700,0,0,1843279,0
330,000881,2017-09-06,0.0047225501770955525,0.008854781582054327,0.5272334260438905,17010.0,49047.85261772501,1032,13894365,15998446,883740,487899,4758165,8793310,2288558,2995304,2797098,2563520,999918,220590,1390866,0,0,434848,776020,502975
331,000882,2017-09-06,-0.002732240437158584,-0.002732240437158584,0.1297047326803954,9855.0,138860.08102887048,797,21644625,11756915,809486,634999,3299769,3037678,2072957,1132377,5288788,2165283,483260,525235,691310,730730,0,0,8999055,3530613
332,000883,2017-09-06,0.00988142292490135,0.0039525691699606735,0.14248714678390803,7589.0,146193.32936919868,1263,16680845,16360673,1407535,1520655,3433928,3102859,2030501,3642042,1615520,3672246,896388,2205894,733842,355600,0,1239217,6563131,622160
333,000885,2017-09-06,0.007049345417925457,0.009063444108761365,0.42168461544614383,24078.0,91053.79559963019,2218,55090849,67809966,1275620,1369392,11450626,11378993,10399943,13611966,15598285,15740330,8776715,7737767,2906545,6545776,814655,4434239,3868460,6991503
334,000886,2017-09-06,0.009917355371900971,0.008264462809917328,0.15672259162293928,12160.0,124649.41807845788,1492,44412132,39673924,976863,1523657,4649749,5889008,5391263,4944290,7136884,8884900,5766049,3664791,6513512,5044508,3226286,2266066,10751526,7456704
335,000887,2017-09-06,0.05721784776902883,0.032545931758530156,0.38279379010981956,49325.0,306218.2211959439,2477,164840027,223490775,1237490,1187906,10417091,10935745,12352704,14568938,21761278,24286457,17648060,22418975,15547276,14499564,18767750,15887712,67108378,119705478
336,000888,2017-09-06,-0.004194630872483285,-0.006711409395973145,0.3874694453781424,11860.0,98045.9474876676,946,27188179,15566645,498142,974379,3006639,3844487,2568095,2641857,5981552,3396161,4181169,2055189,4457587,1052891,2328383,901937,4166612,699744
337,000890,2017-09-06,-0.002484472049689601,-0.001242236024844967,0.2623771519022696,10387.0,56156.677772306655,941,13226207,11578685,925074,981305,4877698,3419467,1999897,2299466,2542031,2187840,934643,992732,1112764,399500,834100,417275,0,881100
338,000892,2017-09-06,0.0012285012285011554,-0.0012285012285011554,0.3337866255205415,13803.0,66064.48618258566,594,10745631,8737284,527985,592259,3354565,2590737,2162165,1685696,2305574,572915,498344,1155838,969384,0,405000,860840,522614,1278999
339,000893,2017-09-06,0.06485849056603765,0.03183962264150941,0.21749559501863702,17100.0,75728.1685776542,1522,29879007,32638693,1427300,1232398,6651041,7230238,5999040,8213677,8203340,8207215,2535628,1705708,1731365,1801068,935950,403040,2395343,3845349
340,000895,2017-09-06,0.003470715835141025,0.006507592190889255,0.45473217338005734,23000.0,165505.394174023,2573,60452346,119575128,1476164,1528476,9749419,19913481,7734185,12855755,10308799,10548196,6159950,7456302,3502463,5444352,4404638,17865253,17116728,43963313
341,000897,2017-09-06,-0.0045045045045045695,-0.0045045045045045695,0.14018677578801644,8840.0,111782.08683441265,1004,25562526,12791999,1282888,730594,4527850,2786745,5035884,1334199,3728842,2646367,1983610,944839,1357876,768150,2228369,889971,5417207,2691134
342,000898,2017-09-06,0.020547945205479534,0.03013698630136985,0.13518020085217822,29240.0,289658.5438092136,2924,161770179,204630366,1705665,1803455,9229007,9732240,12378559,16573806,20752020,23644704,16582283,25708054,12066135,16740778,12377257,14950562,76679253,95476767
343,000899,2017-09-06,0.002702702702702675,0.002702702702702675,0.368680057136382,9990.0,75753.70996179167,402,7905334,5483752,354840,328435,1821931,1339306,1750935,862090,2139167,1065248,755004,222000,303318,357993,0,0,780139,1308680
344,000900,2017-09-06,-0.006329113924050667,-0.004746835443038,0.1569807607563101,11286.0,156639.4836805087,1623,44209740,26278416,1587866,1171390,7276440,5246667,6785943,5122244,6542334,4940533,3986731,2793787,4727734,1278945,1671660,925080,11631032,4799770
345,000902,2017-09-06,0.00846560846560851,0.012698412698412875,0.25350097070001854,14325.0,122205.26139010375,1390,23598539,32659704,1518384,777804,4550801,10008765,3750560,4074756,3392276,7398048,2045736,2928138,1351964,2079847,915348,912481,6073470,4479865
346,000903,2017-09-06,-0.0024271844660194164,-0.004854368932038944,0.11591970977566893,7379.0,109350.93816451803,1266,26137739,12316874,1952330,1053081,5794725,3460703,3430990,2055367,3080265,1844389,1165641,1407019,1418836,389499,1227818,450589,8067134,1656227
347,000905,2017-09-06,-0.01200000000000001,-0.014666666666666717,0.2883847366555022,32494.0,174889.0336496711,2707,118315990,101010211,959547,1583440,13313782,15361866,17943791,14962623,22917451,23711672,15984133,12480018,8838084,6521865,7331920,3615364,31027282,22773363
348,000906,2017-09-06,-0.004166666666666541,-0.005208333333333259,0.3319199010218463,9600.0,67602.5547052601,836,16654082,9852697,824549,1033730,3804108,3345326,3258604,1765980,2507714,2082827,2551345,525190,1149563,682747,952499,416897,1605700,0
349,000908,2017-09-06,0.008119079837618504,0.004059539918809252,0.35116624702859583,10714.5,61110.77203723152,442,7710946,6961360,424555,374297,1373883,1922129,1230719,1303753,1942025,1966866,1335440,672976,996774,721339,407550,0,0,0
350,000909,2017-09-06,0.0,-0.00524344569288393,0.33128957517216184,17290.0,101990.75534065007,1625,41791468,30507403,1170122,1085788,8826944,7696962,7897989,5536644,9535324,6352884,4003258,2543783,2085431,1694271,913600,2132926,7358800,3464145
351,000910,2017-09-06,-0.00046663555762938014,0.004666355576294912,0.44649274865141403,8616.0,57764.41896573848,2307,31032508,12773952,4763472,1713476,10165363,5304578,3740234,2054113,3455708,1243879,1710900,870306,1386177,0,1740046,0,4070608,1587600
352,000911,2017-09-06,0.0025188916876572875,0.0016792611251048584,0.3652077208387443,11920.0,98536.38355254642,1063,21653601,12761141,1172790,929410,5299966,4381022,3420868,2768289,3687428,3085750,738553,1175056,726031,0,1326850,421614,5281115,0
353,000912,2017-09-06,0.005488474204171423,0.0,0.2167592404228691,12838.0,61937.55308386965,1767,31017265,26134733,1606278,1832701,8634856,8641646,5592626,5808079,5221536,5259798,4925604,2045032,1798643,1008153,430936,455824,2806786,1083500
354,000913,2017-09-06,-0.006351039260969915,0.0017321016166282899,0.7429736315835708,10320.0,82101.20232364857,543,8900202,7096360,551374,535368,2315547,1908906,1837742,717584,1714079,940456,1297927,450320,393483,728127,0,0,790050,1815599
355,000915,2017-09-06,-0.022642679900744422,-0.017679900744416832,0.8774704153540867,19158.0,118788.01745518656,1350,55523724,23831667,1286659,1147158,6612884,5263494,6186935,4721844,14947137,4343544,4863821,2395802,4329296,1778741,2319636,1368768,14977356,2812316
356,000917,2017-09-06,-0.02017543859649129,-0.016666666666666607,0.22377364914866363,31472.0,502473.9904560515,2598,165097893,185152523,1493393,1047285,9340603,9740242,13304153,11904784,20748266,19904214,18087558,14556151,11879870,17090974,7904169,10868061,82339881,100040812
357,000918,2017-09-06,0.0027586206896550447,0.0055172413793103114,0.24407548254031425,13746.5,128408.44823292528,882,21161899,17120225,812814,735114,4124149,3092615,4214347,2436175,4203795,2953744,2069339,2132535,2174688,1418081,898941,0,2663826,4351961
358,000919,2017-09-06,0.0009302325581395099,-0.0027906976744185297,0.35124811635535924,8568.0,73114.8394210732,936,12580893,15291992,1846057,438071,3055920,1967284,2339801,3270301,2335095,3751006,631490,1333896,642600,1343992,891738,428400,838192,2759042
359,000920,2017-09-06,0.0,0.0008547008547010737,0.4278800104563823,12848.0,77515.85742623439,747,16926539,10650177,768524,389322,3771567,3098056,2458494,2800607,3016479,1731339,3155635,1517473,1006500,0,411840,0,2337500,1113380
360,000921,2017-09-06,0.01593323216995457,0.011380880121396153,0.33881003472346455,22372.0,119711.09561056127,1513,38929109,46031152,799694,886901,6522105,9098244,4694666,8573481,12453713,6804467,6573733,3466697,3025777,3554813,1391450,2741598,3467971,10904951
361,000922,2017-09-06,-0.005793742757821629,-0.0011587485515645035,0.24315425284734915,13960.0,91290.06434628382,1260,29068627,19098073,1136800,1285607,6378317,5680363,6059732,4430436,4664474,3276458,2418303,1631104,1839666,1318182,1279494,437976,5291841,1037947
362,000923,2017-09-06,-0.02689243027888455,-0.017596281540504632,0.6192449788161827,29600.0,156515.0239210994,2366,100355018,71217018,1275779,1414078,11621387,13003658,15545487,13075922,20954030,13643684,9925840,5653306,6337989,5523731,3075345,4979710,31619161,13922929
363,000925,2017-09-06,0.023770038695411833,0.013266998341625147,0.6377584378684451,18215.0,172182.96383125428,804,20920998,31295933,706189,559819,3752901,3600317,3501508,3904377,3552940,4162390,1628197,3018820,679770,3841039,934635,2241833,6164858,9967338
364,000926,2017-09-06,-0.01125401929260439,-0.008038585209003135,0.34747520397825216,11142.0,236577.96726057964,1282,50508671,25023773,624538,1689006,4518793,4521802,3641581,4188456,5901324,4004366,4709844,2272154,3127950,999812,3220773,0,24763868,7348177
365,000927,2017-09-06,0.030249110320284656,0.028469750889679846,0.11162336254458942,26966.0,178256.0739462276,2544,95961782,103649916,1757262,1226877,14747950,10491533,13512660,11491861,16987114,17136080,11791144,10694100,9093139,10728573,3114334,5513578,24958179,36367314
366,000928,2017-09-06,0.05977011494252893,0.05862068965517264,0.1803148166877456,47393.5,381314.9752501464,2332,187365940,239298508,967028,1537181,8088495,8996978,11822168,11885327,19934341,19590435,19397997,20141322,13917751,15999899,11027710,12907950,102210450,148239416
367,000929,2017-09-06,0.03321033210332103,0.03690036900368998,0.42968716624050707,16800.0,388634.80466427293,995,28942280,60370454,608138,795960,4248277,4708591,3524967,3741333,4178303,4551424,3330917,3509274,2019943,5280800,1310320,1308570,9721415,36474502
368,000930,2017-09-06,0.012810248198558805,0.013610888710968716,0.23741803464938147,36221.0,251240.93303024583,2769,141484346,151038268,1157997,1347417,13295850,14270996,16260751,16945310,23249753,19782170,16661190,12502574,11274582,9872960,8303293,10843288,51280930,65473553
369,000931,2017-09-06,0.0013054830287206887,0.0026109660574411553,0.23404798069041108,9958.0,68352.7484643216,1071,21031937,10837089,1120712,1213420,4930351,3912399,3691430,1911663,3279377,2679168,3202670,669265,1351924,0,943804,451174,2511669,0
370,000932,2017-09-06,0.049255441008018375,0.049255441008018375,0.23695667072814927,36640.0,1193453.7462519323,1358,153576555,148354408,1462687,103507,4794505,2712585,7139898,5412076,9676294,11194712,7998209,9724945,6806752,8040431,7600635,7988894,108097575,103177258
371,000933,2017-09-06,0.005899705014749346,0.015486725663716783,0.23872834555414016,62235.0,399875.6176073137,3232,284630991,286392392,996500,1275580,11617153,14054600,19543825,21278982,33237144,41005150,24105266,30266720,14682783,16535552,13707839,13071377,166740481,148904431
372,000936,2017-09-06,0.006747638326585648,0.0026990553306343035,0.21683241811018922,9750.0,71793.86778301674,1168,21314772,17717671,1257297,1329886,5776517,4476143,3468525,2969628,4320731,2453985,1889937,731308,2100754,3479566,489097,447304,2011914,1829851
373,000937,2017-09-06,0.010958904109588996,0.016438356164383494,0.1304884109775132,58422.0,349487.1859746167,3139,233027679,271377637,1099642,1151070,11792924,12785576,19554794,17409863,35034580,42743662,20818102,23971402,21550264,25917378,15638153,22858480,107539220,124540206
374,000938,2017-09-06,0.010625737898465104,0.0005059875189745711,1.3977405315495655,35652.0,181995.53981261826,1799,89454473,74569164,924188,541332,8821445,8009307,9637829,10537938,14355503,17140791,12652705,12706478,5977011,9312917,6589260,1816093,30496532,14504308
375,000939,2017-09-06,-0.005703422053231821,-0.005703422053231821,0.19078476899825483,10520.0,72440.41679210067,760,15777558,8518774,757092,467847,3816124,2568122,2459704,1165498,2935241,1957134,1629695,896449,1679672,693252,413674,0,2086356,770472
376,000948,2017-09-06,0.01312551271534046,0.012305168170631653,0.4357629552371686,12310.0,51307.97724880709,782,10361488,13088867,750450,558397,3704299,4356520,2717360,2917204,2074308,2576980,461080,1367786,0,0,0,1311980,653991,0
377,000949,2017-09-06,-0.006369426751592355,-0.006369426751592355,0.19033257685328311,11724.0,86754.52331191249,612,13668262,6690046,513460,639499,3517493,2372827,2253042,627627,2125574,1679361,696628,228403,1000765,0,933000,0,2628300,1142329
378,000951,2017-09-06,0.000550964187327807,0.0044077134986226785,0.5065853510286934,18150.0,106244.64058601808,1284,35741653,27781373,878987,1170221,6531063,6316317,4063525,5982145,8533772,6699180,2676213,2687192,2481085,1792327,1738596,0,8838412,3133991
379,000952,2017-09-06,-0.004268292682926833,-0.0006097560975608651,0.4360021185095651,16460.0,74845.84495343019,1415,36122888,26116623,1199884,1380574,7576917,6572730,8168011,5946264,7962487,5816732,4373717,2229822,2687938,1711555,2223678,491999,1930256,1966947
380,000955,2017-09-06,0.012326656394453073,-0.0015408320493065508,0.21313382079060988,15576.0,132696.40839624946,928,30960282,21943973,885781,551201,3849689,3913919,3560852,2580181,5567050,4128147,2913787,866779,3982373,2054637,1746518,2195123,8454232,5653986
381,000957,2017-09-06,0.053357865685372596,0.043238270469181384,0.2349344809137326,23919.0,143461.9419144536,2143,52741732,95069152,1376321,1020362,9959442,11470937,8745265,12434517,11013872,16554479,6512326,10812248,1699313,6439012,4081093,7152146,9354100,29185451
382,000958,2017-09-06,-0.01058201058201047,-0.00925925925925919,0.14963331557812715,20972.0,133822.61185132046,2557,100205161,52582558,1868284,1907857,14334502,11518074,14270215,9055673,22979966,8578096,8319124,5765388,6960339,1508092,8591695,2678286,22881036,11571092
383,000959,2017-09-06,-0.0013495276653171517,0.008097165991902688,0.1636394334976975,14240.5,134408.66146510156,2054,44246749,61492427,1189069,2195399,6717275,9447345,7581861,8595266,8783748,8866378,4581709,7296311,4731916,5532417,3201342,4521508,7459829,15037803
384,000960,2017-09-06,0.0066006600660066805,0.012541254125412404,0.2813104395466962,47523.0,447158.8030569425,2903,176596366,219661997,993466,1207093,12558495,13458912,18488915,17141610,27579349,32208940,17794622,19705906,17221793,18620005,10116017,20095288,71843709,97224243
385,000961,2017-09-06,0.0049423393739702615,0.006589785831960571,0.16589027173594995,7929.0,153024.14154113462,1340,26257772,33808650,1248951,1090661,3954245,5030285,3352037,3807620,2677769,4722439,2149499,3704031,2314838,3667024,2773268,2668294,7787165,9118296
386,000962,2017-09-06,0.02200000000000002,0.02200000000000002,0.2511659362994351,18099.0,86070.46882054699,1586,28640806,40091200,1131527,1149723,7730039,8384955,6317660,7363352,6942779,7761438,2647971,3938032,691061,4009136,1256369,1801206,1923400,5683358
387,000963,2017-09-06,-0.01954668330214193,-0.019962570180910855,1.161167565986598,42606.0,227785.45894829583,1718,105310159,70138150,721607,1509393,7163728,9480990,6039050,17851398,10510626,13567957,20281321,6586682,8991932,5431413,10484134,4074644,41117761,11635673
388,000965,2017-09-06,-0.009138381201044377,-0.007832898172323799,0.1984221138822032,15160.0,79222.97096945053,1491,38793845,21135139,1536254,1357199,8023596,5863001,7752304,4350757,8262539,4405127,4743546,957764,2870485,779498,1885748,902201,3719373,2519592
389,000966,2017-09-06,-0.00982318271119842,-0.003929273084479323,0.12294631435060342,10220.0,90209.05180295688,1718,37197295,22290478,1538414,1435141,7418830,6600773,5747716,3937729,6489885,4635173,3173725,2056164,1117772,2403820,2615396,0,9095557,1221678
390,000967,2017-09-06,-0.0121212121212122,-0.011111111111111183,0.22565600308442765,9740.0,101036.16480811361,1926,45389716,20158636,3569559,1573228,8110644,5715623,5699552,4388309,6528755,2851182,5153443,743850,4213054,1087810,4565322,1334334,7549387,2464300
