,code,date,pchange_whole,pchange,change_std,amount_median,amount_std,length,sumsell,sumbuy,sell_vol_0,buy_vol_0,sell_vol_1,buy_vol_1,sell_vol_2,buy_vol_2,sell_vol_3,buy_vol_3,sell_vol_4,buy_vol_4,sell_vol_5,buy_vol_5,sell_vol_6,buy_vol_6,sell_vol_7,buy_vol_7
0,000001,2018-01-26,-0.009167842031029494,0.0021156558533146352,0.23784208519705843,204336.0,1079685.102431567,3559,830008182,898943752,175707,403889,4765093,11873885,14824661,20293895,38688331,46275226,59015357,49950133,47066840,53407118,38767446,40929479,626704747,675810127
1,000002,2018-01-26,0.0009999999999998899,0.00275000000000003,0.6718191308045276,164041.0,616785.5610461367,3547,591474485,684119674,302654,241257,9211095,7694778,19091211,18157172,47207128,50325990,45493197,43130970,30578620,41119744,38041253,46297355,401549327,477152408
2,000004,2018-01-26,-0.004141739530602817,0.00046019328117807845,1.4686228703305608,8674.0,28305.99339343422,218,2336261,1442517,277712,176005,1122759,687834,592332,182368,343458,195750,0,200560,0,0,0,0,0,0
3,000008,2018-01-26,0.0072727272727273196,-0.004848484848484769,0.28610919117276307,8180.0,115203.5930811571,831,17566536,13801241,965759,832422,3022647,2705806,2824260,1376280,2522677,1784904,818644,1202956,2052914,645192,2234237,0,3125398,5253681
4,000009,2018-01-26,-0.007320644216691097,-0.005856515373352855,0.1789335089897743,10230.0,109337.6841141052,1458,35429472,23561905,1382661,1827479,5447054,5966257,4525722,4325032,5712975,4706874,3299777,840288,3445200,2466919,2342888,407133,9273195,3021923
5,000010,2018-01-26,0.015037593984962516,0.022556390977443552,0.13044396610090164,16380.0,64906.949651171024,1666,22630705,39103348,1325023,1141525,6252968,10082002,5164971,7187841,5964862,6901109,3039921,5536352,336960,2933460,0,3502230,546000,1818829
6,000011,2018-01-26,0.016449234259784618,0.027793533749291166,0.3950965602414763,23536.5,117756.6157930112,1992,55830842,77656209,1488449,1226624,8537284,9430386,9087523,10389226,12695594,17869181,8478056,11243133,4549026,7794060,1780219,6524075,9214691,13179524
7,000012,2018-01-26,0.025669642857142794,0.01116071428571419,0.2105912832057118,27900.0,184318.7678781161,1811,70801735,85777071,1487410,1330004,7431054,8046335,9187555,11455748,11272547,14815833,8489415,10730578,5605945,6885044,5905692,8842225,21422117,23671304
8,000014,2018-01-26,0.01500789889415488,0.02922590837282768,0.30101866824042894,16484.0,93348.92199608323,1772,37521727,48595390,1240820,1293197,7262357,8304510,7055440,7032734,8651958,9426737,3124641,6385654,4152684,3859085,1800322,4916404,4233505,7377069
9,000016,2018-01-26,-0.060027285129604424,-0.04638472032742158,0.15017383624703745,38830.0,942806.1794531451,2391,224675028,233161615,868918,1765591,6146245,11683617,10215787,14175116,15299651,22803300,12223221,16598790,13501669,15099359,12322754,11473767,154096783,139562075
10,000017,2018-01-26,0.0,-0.004918032786885185,0.3142735131637391,6060.0,34390.004699242156,376,4020358,2350982,302941,407986,1195359,961932,662935,350342,1556123,415136,0,215586,303000,0,0,0,0,0
11,000018,2018-01-26,0.006441223832528209,0.004830917874396157,0.16881471086110053,2496.0,71229.82682827646,1354,14791910,21570156,1070453,730753,3569172,2035520,2488166,2928917,1542845,5930944,1472737,5944048,1055538,3028574,1340700,412500,2252299,558900
12,000020,2018-01-26,-0.004231311706629048,-0.0014104372355430161,0.8094675748352906,9957.5,74891.61055937319,306,5474312,4560152,392878,282352,1299085,1016245,718929,732998,715790,137740,805538,1256237,0,308140,440200,826440,1101892,0
13,000021,2018-01-26,0.010235414534288667,0.017400204708290623,0.1928086035298186,33405.0,192248.75331326245,2570,104686470,136477590,1779986,1570929,12211515,12026578,14417195,15685950,19610917,24589152,12514817,14161695,8620972,9298476,4515872,9640050,31015196,49504760
14,000023,2018-01-26,0.0024975024975024684,0.007492507492507627,0.9121014800553339,6027.0,43780.08735012784,481,4553624,5053032,265753,651801,1368491,1603677,965951,991381,989799,704343,222970,424310,740660,677520,0,0,0,0
15,000025,2018-01-26,-0.005226025607525497,0.007055134570159272,0.9921430566939163,19505.0,129373.16296352765,1488,39723762,48659227,1034947,1017361,7265457,6929716,6426066,6216892,7657653,7537888,7037182,7614569,2292615,4893199,869860,2674285,7139982,11775317
16,000026,2018-01-26,-0.008294930875575979,-0.008294930875575979,0.5313826496417028,10810.0,46367.49825000349,416,7308782,3628135,416067,308979,2395079,1348947,1511592,825345,1297148,626752,1282168,518112,0,0,406728,0,0,0
17,000027,2018-01-26,-0.0016103059581320522,-0.0016103059581320522,0.19818898846768934,8708.0,62037.12762715759,982,14751189,9365450,1337254,789342,4512411,2466100,1851290,2602652,1388704,1968376,1440217,482202,1616906,647502,904388,409276,1700019,0
18,000028,2018-01-26,0.006957928802588942,0.014563106796116498,1.8786014199181151,12574.0,88500.02437205215,1082,16478661,18783235,715189,1374756,6009320,4571096,6535433,2806184,1723699,1629345,0,788650,351680,975237,0,851040,1143340,5786927
19,000030,2018-01-26,-0.0012195121951219523,-0.0012195121951219523,0.244225210296303,4926.0,97894.24602832353,1128,16124991,12050015,1053455,1512241,1972631,3762948,1457342,3100457,1596494,1502322,486749,925334,1344009,314880,426474,931833,7787837,0
20,000032,2018-01-26,-0.015544041450777257,-0.002072538860103612,0.4189247798401467,7712.0,28200.28406696038,530,6302213,3087588,970708,632058,2674135,1136521,1104488,878285,1331623,440724,221259,0,0,0,0,0,0,0
21,000036,2018-01-26,0.0935672514619883,0.10331384015594547,0.17783702341670274,88273.0,594427.3814358843,3338,296719521,483878076,710946,597567,11251589,10890330,20753135,20104118,37867163,38526212,38714058,47861349,24799687,27329490,25363263,24376588,137259680,314192422
22,000037,2018-01-26,-0.008915304606240793,-0.010401188707280906,0.3317214512901242,7956.0,101674.6920284018,411,8708372,4325520,352648,480324,1430268,1428584,959206,950701,1622491,537023,740088,928888,0,0,0,0,3603671,0
23,000038,2018-01-26,-0.011230219499744676,-0.00714650331801947,0.6478341312363379,9807.5,40789.66069334598,914,12960000,8609389,946817,1523437,4146385,2907028,3373492,1985944,2109524,1712430,1240360,480550,1143422,0,0,0,0,0
24,000039,2018-01-26,0.011674898967220626,0.025594970812752527,0.41980453608771523,50006.0,539619.9547987839,2816,188669865,260261499,1064468,1112528,11665946,12259476,13710986,15402487,32504795,29421957,19341022,22987033,11942533,13020460,13594059,12494375,84846056,153563183
25,000040,2018-01-26,-0.01927525057825752,-0.01156515034695449,0.41770801953459386,11574.0,82901.65861740416,964,12569612,9429405,1062283,643251,4869091,3734408,1558291,1431517,1435363,1215110,788506,815014,1422620,386400,0,0,1433458,1203705
26,000042,2018-01-26,0.005892751915144379,0.009428403064231095,0.6471970379248443,10314.0,54687.09886911088,687,7312213,12992440,389939,732412,1788502,4401957,1561464,2529845,1041790,2943166,1179667,1971022,335010,0,0,414038,1015841,0
27,000043,2018-01-26,0.006965174129353047,0.006965174129353047,0.43745092492477095,10150.0,78769.65018287825,527,10052709,8762286,424266,329901,1826963,2016328,1675336,1906959,2467928,2324398,1469246,605999,345720,342390,0,1236311,1843250,0
28,000045,2018-01-26,0.005181347150258864,0.0031088082901553626,0.4000914744869473,12571.0,51088.33599545497,581,8207513,7932497,650718,680243,2791200,2633639,2104393,1849828,1903398,957899,757804,227268,0,387600,0,0,0,1196020
29,000048,2018-01-26,0.005416051206302397,0.008862629246676468,1.5398578843905528,10250.0,41621.11102419263,173,2047725,1819198,135705,132223,1662028,266223,249992,246271,0,354481,0,410000,0,0,0,410000,0,0
30,000049,2018-01-26,-0.001899592944369033,0.0005427408412481682,0.9739564420538076,18415.0,137414.90573151398,1431,47696961,31281147,879951,996296,6983688,7335288,6404868,7225774,8121768,6419491,4699983,2998888,2082113,1259649,2228747,401119,16295843,4644642
31,000050,2018-01-26,-0.0030150753768843908,-0.0010050251256281673,0.39463463738432325,25883.0,189235.5605798317,2544,104112474,81673107,2330847,1502106,11777548,11046803,17507669,12033007,21404583,14971313,10401648,7555492,6722342,7940251,6430681,7211177,27537156,19412958
32,000055,2018-01-26,-0.019583843329253336,-0.023255813953488302,0.14466726637560168,55073.0,618130.8799241327,3201,324045707,237615151,1530897,1175621,13092052,10791037,22763196,16659433,34210585,30603143,26545060,23873058,22442758,18830610,21790873,19136284,181670286,116545965
33,000058,2018-01-26,-0.011984021304926706,-0.011984021304926706,0.24106291250388245,10472.0,83783.55527395789,971,19266799,9938432,1116890,1008222,4756661,3353094,3529560,2325164,3476333,1146896,2055852,421151,397480,0,857926,0,3076097,1683905
34,000059,2018-01-26,-0.0009285051067781103,-0.0027855153203342198,0.23153660983056779,28836.0,283640.874133779,2165,122744044,94765997,905344,1403708,8006049,10385264,9429216,12093443,16136940,17288884,11489048,13130668,7974059,9163180,5795032,5367638,63008356,25933212
35,000060,2018-01-26,-0.0051502145922747156,-0.0034334763948498104,0.21769398914723426,55824.0,458579.65418258926,2866,266756951,208876337,1105772,966198,12263749,10984522,16817033,17647790,29741883,30828392,26580502,20292180,17788844,14851893,16477996,16980597,145981172,96324765
36,000061,2018-01-26,-0.0012547051442910462,0.0025094102885823144,0.327646789738741,7980.0,70743.9186477909,591,9940788,8558143,722317,526745,2599068,1795188,1324632,1420584,2475156,862597,1207842,1070675,0,1732283,0,423207,1611773,726864
37,000062,2018-01-26,0.0064322469982847075,0.011578044596912473,0.8256878593340738,14220.0,122095.95017830859,797,16701752,21453291,760670,586961,3956516,3763804,1774024,2166424,3433526,3475442,2486568,1000664,1657458,985911,826797,1272610,1806193,8201475
38,000063,2018-01-26,-0.019607843137254943,-0.010644257703081306,0.5960009597133629,370755.0,1777548.798223243,3588,1494716330,1252136850,42907,60629,2598815,2781580,9494454,10872573,41376825,45312927,47146197,60915092,57025116,66803115,52906734,64049752,1284125282,1001341182
39,000065,2018-01-26,-0.0016666666666667052,-0.0022222222222221255,0.4975754674520027,10782.0,69596.28449139479,1309,24795592,15631790,791836,2065399,4637846,5279844,5878113,3601408,4123273,2933556,3486175,501298,1019778,347400,1373694,0,3484877,902885
40,000066,2018-01-26,0.025352112676056526,0.026760563380281654,0.14055169466125977,29709.5,417858.2261710273,2558,154545958,139949503,2143806,1314397,11360705,10414783,14420351,10853578,20813143,14861006,16056003,17502080,10704054,11202614,10357195,7643337,68690701,66157708
41,000068,2018-01-26,-0.017142857142857126,-0.01333333333333342,0.21268299463452128,5220.0,50201.93773991782,609,7787374,4752776,447607,470314,1899800,2148747,1682849,428704,1490599,962849,1061099,426467,0,315695,0,0,1205420,0
42,000069,2018-01-26,0.017924528301886733,0.016981132075471583,0.18517981397668437,63719.0,482971.6052418397,3283,360074981,388668499,1383053,814685,13747165,11186157,18870694,15786912,32971718,29275322,27546542,30632658,22931585,24305186,21851150,22511637,220773074,254155942
43,000070,2018-01-26,0.0029644268774704496,0.000988142292490224,0.265365432948788,13182.0,83887.30438305336,1455,32026609,22701703,928083,914563,8022202,5713165,5996997,4118806,6457934,4639758,3261733,2807631,1347147,317695,404000,893228,5608513,3296857
44,000078,2018-01-26,-0.011589403973509937,-0.011589403973509937,0.14645502115654604,14328.0,171143.1065085298,1703,68963035,31082313,1480312,1635885,6418861,7015813,5445150,6262417,20209384,7125003,3771022,4427917,3091363,952176,2684499,1338600,25862444,2324502
45,000088,2018-01-26,0.025423728813559476,0.02300242130750596,0.19095390262393938,23870.0,142376.8292815434,1874,58244679,77229797,1368095,1505747,8193247,8124659,8058043,10452570,10545155,16453867,7514515,11714916,7453968,7149196,978822,2681972,14132834,19146870
46,000089,2018-01-26,0.0032467532467532756,0.0021645021645020357,0.2001721592315584,25002.0,117637.87518098854,2134,50369229,64068803,1708376,921089,9966436,18131844,6784283,8848070,8913650,12212589,4743118,5603683,2755119,3073132,3282218,5873974,12216029,9404422
47,000090,2018-01-26,0.03489439853076215,0.044995408631772316,0.2249558048699741,22660.0,230130.3195825608,2346,79686686,121710274,1448954,1418806,9707247,8592708,11345982,10419915,14074444,16911959,10153643,13811188,4787410,6797833,4820376,9703610,23348630,54054255
48,000096,2018-01-26,0.0014925373134329067,-0.0014925373134327957,0.9057025940057932,10688.0,27604.47535684274,218,2159907,1772732,225969,153602,924512,1072296,611788,309641,138632,237193,259006,0,0,0,0,0,0,0
49,000099,2018-01-26,0.008412197686645584,0.011566771819137678,0.26135959650158846,13467.0,87952.24478547418,1324,23604533,27016827,1518792,1248947,6374098,5904740,4283072,4836245,4510125,5118889,2882817,2605274,317460,2102199,1292256,411090,2425913,4789443
50,000100,2018-01-26,-0.01846965699208436,-0.00527704485488123,0.06687708024250102,24635.0,454667.2405023677,3241,219332406,208441715,1652592,2385501,12192987,17535681,11552995,19037086,16694832,23237757,11124280,15228536,8229397,13360268,5359371,9855795,152525952,107801091
51,000150,2018-01-26,0.002670226969292422,0.0033377837116153053,1.8069135040458952,11920.0,112433.65601552173,274,2909241,9250628,373495,193359,1187466,1185242,455529,320129,892751,1940744,0,258000,0,726000,0,468156,0,4158998
52,000151,2018-01-26,-0.00623538581449723,0.0,0.5191538660454511,14140.5,50955.00737266718,610,11278340,8123750,391998,360960,3289043,2446177,3087889,2231456,2644533,2787167,753067,297990,709890,0,401920,0,0,0
53,000153,2018-01-26,-0.0024009603841536054,-0.0012004801920768582,0.41449611329377256,8330.0,47600.168579079815,403,5341265,3755932,568908,378602,1571452,1728975,1080374,721266,844034,443199,265920,483890,0,0,489347,0,521230,0
54,000155,2018-01-26,-0.0016207455429497752,0.0016207455429497752,0.14067776555978537,18540.0,110531.93704148613,1927,49618429,44814671,1678457,1531783,10433922,7246255,9207535,7173227,12717176,10251548,4010248,5754506,4758070,5121632,951243,1342462,5861778,6393258
55,000157,2018-01-26,-0.004301075268817289,0.004301075268817067,0.09903658166772981,15311.0,286401.50404366996,2213,91137595,86562045,1725625,1722227,7933889,12132750,7041212,8734433,8293738,10202661,5360076,9571490,3694850,3718232,3976887,4983081,53111318,35497171
56,000158,2018-01-26,0.10705596107055948,0.10705596107055948,0.21176108829074358,13991.0,336107.3944532361,1509,83313599,38641393,1847467,786798,9646168,2442667,8443087,1981781,8534235,2302678,8837111,2725527,7763810,2128003,5887190,916192,32354531,25357747
57,000159,2018-01-26,0.011299435028248705,0.005649717514124353,0.18598968087260884,10560.0,67317.5792309804,815,11289598,12821969,875491,417801,2789374,4461451,1987419,3750114,1974603,1600407,668145,1187419,1055854,382928,0,0,1938712,1021849
58,000166,2018-01-26,0.012658227848101111,0.010849909584086825,0.11721128632947199,20088.0,217725.9891422031,2232,85953021,89530104,1664379,1043558,9808460,9332991,10638242,10232594,12348080,15813877,8938866,7997284,3546302,4943437,3254006,4020102,35754686,36146261
59,000301,2018-01-26,-0.016891891891891886,-0.011824324324324342,0.18448688819103728,12870.0,85053.5958054111,1030,29785376,13547475,962152,871524,4973257,3396031,5771580,3227760,6117993,1951892,3003453,2951281,2415270,656747,2292809,492240,4248862,0
60,000333,2018-01-26,0.011419249592169667,0.013703099510603556,1.0373864043319203,199232.0,871211.8794033253,3493,642134080,850132457,224616,258547,6256735,7021510,16819476,16298114,52926655,42669512,49941624,42041541,46761722,47967046,47250139,38958213,421953113,654917974
61,000338,2018-01-26,-0.00222717149220486,-0.00111358574610243,0.1559389900033728,35680.0,353841.12949898624,3323,215436344,206564559,1936268,1945223,14748017,16523932,16617967,19633309,28211237,26749464,21110064,19055036,16722645,10918142,16383398,9974107,99706748,101765346
62,000400,2018-01-26,-0.007936507936507908,-0.003968253968253843,0.2664783273810072,11277.0,74510.82640633482,2239,42395627,28181077,2731563,764084,13855761,7955442,5183455,4546415,6388307,3937236,4285094,2868696,2856474,1026235,956388,1719908,6138585,5363061
63,000401,2018-01-26,0.0197740112994349,0.024011299435028333,0.25554282453403115,56475.5,302890.12278101535,3072,209253432,271666432,1095782,1070678,13019770,12727284,19066295,18755186,31301347,32520028,24756449,24628756,17120223,27454026,14322587,21358966,88570979,133151508
64,000402,2018-01-26,0.02003338898163598,0.025041736227044975,0.2208727826500381,42700.0,297968.52490465104,2945,168086791,215032592,1227150,1270858,10769248,13280846,16281401,19909912,25496863,26663417,19392844,27754205,13576604,18228273,10334240,12447125,71008441,95477956
65,000403,2018-01-26,-0.0006387735547748186,0.0025550942190994963,1.9130307323152853,21735.0,59157.30789373903,267,2812749,8540404,150020,212596,1250877,1281044,613006,2834077,798846,2112869,0,1001768,0,627800,0,470250,0,0
66,000404,2018-01-26,-0.008389261744966459,-0.005033557046979942,0.28421012199499385,8865.0,84087.11835961096,439,11068511,3664899,582358,287964,1575959,1353074,1308349,823139,3534812,691768,1367767,508954,335610,0,427080,0,1936576,0
67,000407,2018-01-26,0.0,-0.0012870012870012104,0.31089639175082395,4668.0,59044.11460702219,624,8309200,6211122,746193,371808,1868050,1953801,1463079,1009732,1463202,1035232,530278,477855,1030011,1362694,446794,0,761593,0
68,000408,2018-01-26,-0.02336448598130858,-0.027453271028037518,0.41958509464904925,28304.0,175667.29325660729,1665,91542528,50910307,933274,1196874,6197979,7860632,10071620,7643266,14052358,9942933,12331785,6639091,13480427,2766087,4465751,2314980,30009334,12546444
69,000409,2018-01-26,-0.011093502377178988,-0.007923930269413626,0.2636964581580264,6305.0,31855.697432619323,572,7347330,3072234,823239,360682,2766923,1778315,1469723,542644,1447947,390593,454120,0,385378,0,0,0,0,0
70,000410,2018-01-26,-0.011299435028248483,-0.006591337099811523,0.2745640251311001,17969.0,218421.64875818204,1497,38739647,48765786,1111090,1054680,6370269,6250712,7237905,7353979,8166564,7845654,3285939,4597668,3451654,2976633,421200,929124,8695026,17757336
71,000411,2018-01-26,-0.006927263730826305,-0.005442850074220629,1.5240276927153473,12042.0,72787.47260986191,175,4223152,643155,140656,102760,1070840,398995,606830,141400,400526,0,201500,0,0,0,1202800,0,600000,0
72,000413,2018-01-26,-0.002207505518763919,-0.0033112582781458233,0.17273179077180206,28039.0,259764.4669764302,2754,143660046,104887884,2009776,1924084,16002604,12316871,16087921,14528279,20141707,16147906,10969340,11537711,11653997,5780093,9076433,4959032,57718268,37693908
73,000416,2018-01-26,-0.0027700831024930483,-0.0027700831024930483,0.3657226364804527,7920.0,69920.38833509458,389,8048013,4198859,426958,407370,1321380,1185774,931512,529779,1713679,866518,1829090,789214,639020,0,0,420204,1186374,0
74,000417,2018-01-26,-0.0012391573729862992,-0.0012391573729862992,0.29855361090614935,7679.0,73989.39007491925,730,9778961,9786598,631142,971785,2498872,3069307,873741,1875345,1686683,1369907,244016,233223,612088,701116,407933,811499,2824486,754416
75,000418,2018-01-26,0.0016551724137932045,0.0055172413793105335,1.6536520358241185,21930.0,208154.5015796425,1929,75615310,72318056,1694624,1001031,9463791,8336769,6853194,12132891,8901011,14846463,5353723,8412555,6208723,12584691,3091173,4326489,34049071,10677167
76,000419,2018-01-26,-0.006451612903225823,-0.004838709677419395,0.3026093499934703,6170.0,57365.48214868342,419,5487671,4897513,434463,392119,1241049,1418447,1224114,758255,626034,286985,1269743,1416747,692268,0,0,0,0,624960
77,000420,2018-01-26,0.0,0.0031645569620253333,0.09980528851942234,6380.0,77372.18515094348,1005,10639359,16820237,873713,1072439,2397105,4266663,2017279,3380704,3524216,2059218,252306,686416,337172,2060854,0,1396125,1237568,1897818
78,000421,2018-01-26,-0.0016313213703099683,-0.0016313213703099683,0.23161388347939804,1836.0,32711.94461792719,700,5300906,2480030,529453,823345,1011297,984618,1253731,311599,1544797,360468,213588,0,319640,0,428400,0,0,0
79,000422,2018-01-26,-0.025229357798165264,-0.01834862385321101,0.11029724268152717,13268.0,174407.4059516133,1567,51332354,33337033,842507,1922592,5188048,8968382,4972714,6028539,5708602,4608928,5272148,4248948,3089990,2424143,1378805,1776717,24879540,3358784
80,000423,2018-01-26,0.0034622911335238093,0.006924582267047841,1.3438302236394497,46788.0,172139.15664151174,2443,140349601,102205780,929542,1021715,11731300,12499391,17680684,14330334,22242719,21445201,21500787,23028024,20292086,7615529,9750768,4799836,36221715,17465750
81,000425,2018-01-26,0.002053388090349051,0.004106776180698102,0.0843812315510767,53724.0,386541.1687170207,3351,253755654,310994582,1258669,1177384,14902522,14044299,20869416,19409095,35624617,33151192,23715703,32909768,18035888,22831809,17247651,17285538,122101188,170185497
82,000426,2018-01-26,-0.0061403508771930015,0.0,0.21842970193378244,30914.0,260486.21831267347,2729,139884287,134963856,1812012,825200,14088834,10311793,13638396,12310325,21037452,18051817,16631336,15072208,12167998,13002050,11084563,11166349,49423696,54224114
83,000428,2018-01-26,-0.0071428571428572285,-0.0023809523809523725,0.23785516356598116,6315.0,53728.43173167117,311,4595415,2019059,334961,223691,967415,972256,1165574,717020,230750,106092,276121,0,992094,0,0,0,628500,0
84,000429,2018-01-26,0.004700352526439522,0.007050528789659394,0.24453473214536953,11089.0,153404.43006393127,1211,21938141,34826206,964149,1392812,4533165,5559045,3627107,3349144,2626207,4276770,2915777,2717397,764370,1667703,2263812,2198668,4243554,13664667
85,000430,2018-01-26,0.004592422502870175,-0.0011481056257177658,0.45046975108591136,8700.0,85726.7986644587,373,8042916,3885520,417685,411361,1925603,1537803,859001,390282,1147793,102070,803462,259200,1007873,300312,432000,0,1449499,884492
86,000488,2018-01-26,0.016138007790762465,0.008903728436282732,0.32754013834194373,55738.0,394630.26206525875,3011,214472936,293991494,1109123,1160865,12064832,12117142,17157328,17291589,30613660,34159196,24216823,26043965,21951763,19571386,11147308,18764395,96212099,164882956
87,000498,2018-01-26,0.008810572687224738,0.010279001468428861,0.2014574793597524,6810.0,59027.97129703489,1143,12752870,15784734,1300265,579474,3516814,3852450,2232304,2932487,2966415,3430679,1197301,614481,1062781,2118248,476990,413974,0,1842941
88,000501,2018-01-26,0.0046242774566473965,-0.0011560693641617936,0.4647407390939221,15488.5,98799.18643385182,1386,44516834,23316845,1022622,1055943,4903409,4515797,6682180,4138194,15863166,5288977,7108623,2491005,2571918,1759044,1304304,898400,5060612,3169485
89,000502,2018-01-26,0.04519230769230753,0.024038461538461453,0.4768261644831731,8536.0,38496.60800414131,475,2837072,5973925,490659,333903,1096337,3057177,579546,1185176,670530,442817,0,0,0,351780,0,0,0,603072
90,000503,2018-01-26,-0.00611764705882345,-0.004470588235294115,1.0465572329483692,29662.5,288230.5344693511,1650,106110020,74303934,1454060,887929,7386686,6832152,9224429,8096706,13632588,8887589,8254982,6234903,3460223,7793575,10425286,8205274,52271766,27365806
91,000504,2018-01-26,-0.0038714672861013266,0.0007742934572203541,1.1463058812460987,15666.0,156758.4661689076,507,16679811,10815735,321676,327402,3156084,1907173,2128625,1085129,2672389,998612,710530,1226291,2457389,2033825,945556,0,4287562,3237303
92,000505,2018-01-26,0.005973715651135025,0.005973715651135025,0.31061643712853754,8430.0,68181.65487747529,726,11071178,9231618,625485,1004154,2663023,2799045,1978043,2114667,1525628,1715530,1725712,1154072,336000,0,462590,444150,1754697,0
93,000506,2018-01-26,-0.004195804195804231,-0.0013986013986014845,0.3901144955911087,7865.0,39253.91194980415,335,4711492,3038056,465033,210468,1471157,1122127,1126929,612580,1096451,807197,551922,285684,0,0,0,0,0,0
94,000507,2018-01-26,0.04108216432865741,0.043086172344689366,0.17423803447397304,62542.0,403258.734635433,3286,255592581,361681601,821581,1160121,14652022,12500851,18130706,21053110,38055700,39929168,25369492,36358967,18594728,21475749,11980392,15607839,127987960,213595796
95,000510,2018-01-26,0.005959475566150063,0.0035756853396899935,0.284936976861898,15237.0,78144.1077588028,868,16055707,20175920,928631,688697,4491108,3267849,2881253,2765234,3905173,3557614,1772240,3478488,333292,3986920,909310,1242262,834700,1188856
96,000513,2018-01-26,-0.005228758169934733,0.00013071895424854318,1.4143317840340879,53444.0,235304.62949281526,2927,191775384,173567001,790208,1045463,15807227,12524880,20512343,23560940,28374252,26735674,23912559,21159335,16783111,13748547,16319078,14898358,69276606,59893804
97,000514,2018-01-26,0.005873715124816492,0.011747430249632984,0.19836189903580698,11024.0,71112.37339943748,1179,14616783,22535089,1162542,1183317,4496076,5532521,3535709,4179333,2594167,4051563,1476071,3348113,714658,1061821,0,435390,637560,2743031
98,000517,2018-01-26,-0.009765625,0.0,0.09396936767448379,31496.0,226082.56191189965,2983,112086898,175454923,1235175,1948146,11976073,14186699,13933811,19869068,18546139,27570952,14853192,18896173,9916543,15417032,6269762,10716784,35356203,66850069
99,000518,2018-01-26,-0.004424778761061954,-0.001474926253687392,0.3162086339591871,4795.0,35858.75906268261,459,4943540,2597210,451831,532849,1420649,894466,997694,865768,609963,304127,1123403,0,340000,0,0,0,0,0
100,000519,2018-01-26,-0.008898776418242549,-0.007786429365962189,0.1941349396272222,12502.0,115648.98707082782,2147,54811424,33072239,2234093,1771671,10128636,8029114,8568856,7351463,10787904,5793325,4798396,1175108,3745750,1291337,932002,1336145,13615787,6324076
101,000521,2018-01-26,0.003883495145631022,0.005825242718446422,0.2378773017951243,6222.0,59446.568603786225,468,4630025,7117207,562993,393411,1817036,1072793,981041,979830,596435,1783045,0,805486,672520,984200,0,414400,0,684042
102,000523,2018-01-26,0.002450980392156854,0.003676470588235281,0.31391465695607756,13136.0,61254.05857589903,675,10848576,10200342,703727,668875,3508241,3265098,1711080,1997143,2299059,1930650,743591,716652,647943,1029692,0,0,1234935,592232
103,000524,2018-01-26,0.002629272567922891,0.005258545135845782,0.4304656779263197,4584.0,15126.640825444063,702,4062863,2448874,1531636,386538,1704899,1305167,601854,597041,224474,160128,0,0,0,0,0,0,0,0
104,000525,2018-01-26,-0.005247048535198973,-0.018801923917796226,0.5593931646586635,23070.0,138906.70423689616,1672,63269357,37809601,771924,1235451,7170096,8902992,11507948,5412334,17032527,7705056,5583749,3434513,3413970,1929793,6866483,883560,10922660,8305902
105,000526,2018-01-26,-0.029268292682926744,-0.0055284552845529245,1.249367939623676,12370.0,74140.03277573227,606,11936602,7600385,670697,610689,2603354,2505446,1102952,1497429,3328253,861723,1416056,496348,319665,0,0,473550,2495625,1155200
106,000528,2018-01-26,0.010465116279069653,0.018604651162790642,0.16851045378362542,26629.0,221919.2395862716,2608,77310978,120172219,2048465,1691706,10225299,12106944,10857394,17785073,15522472,23781746,11670009,24780269,4745668,10495859,6962482,3575751,15279189,25954871
107,000529,2018-01-26,0.004237288135593209,0.005649717514124353,0.3120690733509373,11432.0,46058.916929293664,514,6726169,6570334,483862,498616,2472790,2484082,1466930,2048176,909012,933110,426000,204490,390570,0,0,401860,577005,0
108,000530,2018-01-26,-0.009057971014492683,-0.005434782608695565,0.23544323197470726,7714.0,41367.65525148633,549,8682822,3696048,905332,449878,2320056,1433431,1522463,1377089,1697754,105050,2237217,0,0,330600,0,0,0,0
109,000531,2018-01-26,-0.013546798029556606,-0.006157635467980205,0.2461360264669748,8119.0,61459.02897525739,1088,19048779,8893437,1689476,866860,5971576,2502471,2772780,1867367,3596826,2091843,2123256,934782,377115,630114,0,0,2517750,0
110,000532,2018-01-26,0.006145741878841093,0.006145741878841093,0.3220103367805741,12672.0,75450.96063185536,1252,21843972,23218475,987590,912793,5566380,5464123,4816076,4217522,4800498,4691244,2984868,2912481,1032296,650050,987000,967630,669264,3402632
111,000533,2018-01-26,0.004188481675392541,0.003141361256544517,0.37843585384709943,10395.0,193309.18358261854,637,21661397,16017596,709311,708518,2927842,2578741,2147810,1815653,1405128,1170090,0,556016,0,312294,439450,946755,14031856,7929529
112,000536,2018-01-26,-0.0063559322033897026,-0.0021186440677966045,0.1591479114600862,6110.0,78469.27660243721,880,12266154,9654587,487903,809506,3625886,3236973,1571551,1119572,1873108,1431214,1849339,729045,353157,325208,447895,442169,2057315,1560900
113,000537,2018-01-26,0.005402160864345751,0.006002400960384291,0.3188707297546559,47516.0,365220.8221970388,2737,224272542,194981200,1140865,1140022,10662183,10867417,13333629,16204991,28822633,28974960,19517769,18729848,17734870,12547024,12830718,11071634,120229875,95445304
114,000538,2018-01-26,0.0017638412542870796,0.001567858892699725,2.466193568504311,30625.5,742463.4519042487,1712,154853832,128631555,18384,7158,6888213,9496282,8587992,11015612,15263679,11548742,12392041,5558518,6848416,6136185,2230026,4834342,102625081,80034716
115,000539,2018-01-26,0.0040567951318459805,0.0040567951318459805,0.19173162331255128,4950.0,25072.290534272855,661,3330659,5703099,514428,732867,1328002,3959641,398421,458617,593848,282150,495960,269824,0,0,0,0,0,0
116,000541,2018-01-26,0.013742071881606588,0.01585623678646919,0.22527804211580804,15232.0,121503.91718257187,1764,32369457,58753705,1310647,1937235,6153626,9292362,6303925,7600458,5885605,9213831,3932313,7499658,1709016,5271287,2722413,4953939,4351912,12984935
117,000543,2018-01-26,-0.0019193857965450478,-0.0038387715930900956,0.15268689071368016,4176.0,74504.75585469783,1165,16089766,11272668,2080241,660306,2579937,2849200,1687270,1979910,2801341,2090422,1448786,1268242,304720,1766346,1753778,0,3433693,658242
118,000544,2018-01-26,-0.003429355281207136,-0.005486968449931462,0.6711418943407818,11624.0,30459.37597958349,471,6879978,2979816,530316,420401,3109755,1498477,1824607,614300,1125100,175450,290200,271188,0,0,0,0,0,0
119,000545,2018-01-26,-0.003968253968254065,-0.001984126984126977,0.1826741535374403,10060.0,64066.46788700405,761,14783280,11266775,674469,603604,3030257,2313910,2055492,2462377,3777120,3645128,2897888,1404604,783322,334152,426699,0,1138033,503000
120,000546,2018-01-26,-0.013114754098360604,-0.015081967213114833,0.4077346732131812,12040.0,54415.52910119947,1399,26025992,20197088,613968,2193532,4239577,7236448,4908029,4027384,10875232,4079952,1798737,1285950,1214421,921722,1847991,452100,528037,0
121,000548,2018-01-26,0.09413580246913567,0.07098765432098775,0.13882006390650992,19432.0,196861.63908481845,2185,96138678,59277285,1247473,1946049,8640294,10901366,10372425,8677387,13685533,11873839,10111270,7653345,4588996,5498261,3635313,2619020,43857374,10108018
122,000550,2018-01-26,0.007287870900572591,0.0026028110359188616,0.4953411671572015,17329.5,92818.36355526418,1504,35240083,35211540,1419009,1325168,6369565,6105169,6811696,6227379,6397647,8817372,4054651,6018264,1876350,2828396,1309430,2631227,7001735,1258565
123,000551,2018-01-26,-0.008557457212713948,-0.0012224938875304847,0.4219064759978079,4100.0,58983.42070225311,375,4941324,2993530,367789,364566,783931,1325083,1031373,456333,697703,354237,416373,493311,375437,0,0,0,1268718,0
124,000552,2018-01-26,-0.002732240437158584,-0.002732240437158584,0.1018954032131208,8052.0,73994.02153944105,1293,14939499,19156870,866497,1429379,3362674,6714731,1626984,3184015,2459468,3203336,1481102,473197,1492018,1710498,417925,407724,3232831,2033990
125,000553,2018-01-26,0.012237762237762295,0.012237762237762295,0.3808016784998708,22464.0,151714.55488847598,2031,59858662,48675619,1157883,1542729,8286616,11438953,11908667,10456516,16725698,11698908,7286315,4611765,2470024,4730360,2235270,1705669,9788189,2490719
126,000554,2018-01-26,-0.008620689655172264,-0.004926108374384119,0.2463409110308518,14471.0,113357.58369597016,1087,29844431,16486016,967837,1100083,5721771,4166879,3868798,4429096,5168891,2845234,1692214,2029011,2997346,1020274,931478,895439,8496096,0
127,000555,2018-01-26,0.0033755274261604296,0.0033755274261604296,0.3417656098312278,11870.0,47026.75132598781,1202,16645451,15837238,836500,1450401,5870877,5517352,4185181,3777160,2890897,3376505,530655,1377008,756045,338812,837796,0,737500,0
128,000557,2018-01-26,0.00411522633744843,0.008230452674897082,0.14158082240613437,9101.0,57260.934602902096,1180,15990819,14679755,1288761,1160684,4925044,4260477,3082122,2525589,3265335,2629549,1861559,1491784,690090,1099165,877908,0,0,1512507
129,000558,2018-01-26,0.005870841487279677,0.011741682974559575,0.1623767975252865,10460.0,74879.97995484469,991,15966403,18736945,796251,871099,3718460,4144364,3464034,3678348,3444975,4010071,1397789,2220463,1404283,981336,1740611,411355,0,2419909
130,000559,2018-01-26,-0.01942740286298561,-0.015337423312883236,0.2351842161442927,13474.5,136600.6839023888,1730,57258986,32620940,1573068,2183925,7405915,7119217,7497855,4238931,10541365,6337300,6697398,4538898,4057703,1326900,4120293,2401317,15365389,4474452
131,000560,2018-01-26,-0.0032292787944024903,-0.0010764262648008671,0.30604140338521046,10186.0,62506.44097295787,921,17937781,10535099,1006040,980198,3536722,3679459,2279704,3110319,6634683,2256634,1149464,200725,1576747,307764,0,0,1754421,0
132,000561,2018-01-26,-0.002430133657351119,-0.002430133657351119,0.2982280718444471,4920.0,38564.94431145606,761,9138716,3879003,819107,633331,2832516,2116344,1980568,601185,1603596,528143,1005762,0,300300,0,0,0,596867,0
133,000563,2018-01-26,0.0022172949002217113,0.004434589800443645,0.10537262890296596,11275.0,136363.39557708814,1837,41247430,39192444,1643461,2237520,7666440,7957235,4911603,6624485,3861284,5537025,4118513,5118487,3373399,2484724,3537202,1704603,12135528,7528365
134,000565,2018-01-26,-0.008163265306122436,-0.006802721088435382,0.39809053325136967,11032.5,74569.51063273722,340,6560597,2659622,370751,309924,1865393,957934,1596955,800724,1244828,591040,220500,0,0,0,0,0,1262170,0
135,000567,2018-01-26,-0.005038759689922401,-0.008139534883720989,0.8042032775027365,18025.0,115878.34447420857,1031,25598958,23259900,674822,607028,4402430,6387082,3758401,2915996,4283741,3152602,1721994,3571514,1638116,953030,2227676,474300,6891778,5198348
136,000568,2018-01-26,0.014558823529411624,0.014411764705882346,1.1688096071872625,54991.0,276326.62903869495,3387,212885606,231940920,733287,301228,15934220,20602027,23018632,25874875,32437730,34339993,27567087,19990492,22097084,18619305,12258457,17553712,78839109,94659288
137,000570,2018-01-26,0.0,-0.003597122302158251,0.29901887314086706,2775.0,26583.50290292822,345,2475840,1945493,194897,386085,605139,883017,853366,360850,601238,315541,221200,0,0,0,0,0,0,0
138,000571,2018-01-26,0.001865671641791078,0.005597014925373012,0.19060012908004517,7532.0,39629.210126408536,791,7901196,5514775,1754581,312061,2333494,2674843,1823262,921714,709367,1070930,203416,0,0,0,0,0,1077076,535227
139,000572,2018-01-26,-0.00638297872340432,-0.004255319148936287,0.16122338346890822,5164.5,70076.43000557825,850,14218500,7740398,1163291,693052,3474242,2246556,1648281,1533465,1742964,2133951,1745890,444593,990480,688781,865203,0,2588149,0
140,000573,2018-01-26,0.005836575875486361,0.0077821011673151474,0.15592860436034128,10951.5,94044.62243832504,1088,22303981,22145219,1007679,810853,4133944,3651522,4966240,3498081,7302525,4412107,1913309,2711848,1077502,1768009,844810,847954,1057972,4444845
141,000576,2018-01-26,0.00591715976331364,-0.0017751479289939143,1.2493228512454757,8447.5,55416.222501222015,182,4179509,1223270,226247,108177,626367,650493,776765,354880,1555865,109720,0,0,994265,0,0,0,0,0
142,000581,2018-01-26,0.03519749706687514,0.03558858036761836,0.4667093494216683,64000.0,444143.99826114654,3003,230766401,337682623,857203,852322,10584818,11585336,15586093,22794694,29791073,36465061,25386308,26493529,21040779,18561569,17664949,16755767,109855178,204174345
143,000582,2018-01-26,0.000990099009900991,0.00990099009900991,0.2838830554693832,11231.0,58614.74563889379,1266,21775014,19150227,1019821,785984,5801463,5133071,4384304,4441697,5221487,3669822,3525422,1868467,1315142,1295382,0,1384506,507375,571298
144,000584,2018-01-26,0.026798307475317307,0.027503526093088926,0.3723458687098639,29040.0,150535.16481091184,1450,39858427,70503925,689531,715305,10401441,5596034,10839426,6224465,8586887,8897496,3089895,12361182,1005476,7412486,1384945,8868332,3860826,20428625
145,000585,2018-01-26,-0.004629629629629761,0.006944444444444198,0.08535909636777002,15207.0,277572.51315606706,2578,75001968,103184762,1285733,2577794,7123690,12237152,9160281,11909118,11372231,15884625,9196122,11110544,3693214,9384082,4942527,6760896,28228170,33320551
146,000586,2018-01-26,-0.005649717514124131,-0.011299435028248594,1.524226626113152,6120.5,129477.32035532586,134,1084605,2069593,123456,133806,420796,292282,540353,142832,0,0,0,0,0,0,0,0,0,1500673
147,000587,2018-01-26,0.01109570041608876,0.012482662968099856,0.15844547640131293,30874.0,403036.8368677047,2074,79571340,114496410,1240201,873274,9200771,13839852,10326267,13237485,11593824,15076861,8909121,8238546,3839396,4163365,951465,3153776,33510295,55913251
148,000589,2018-01-26,0.004357298474945592,0.004357298474945592,0.22221575419293862,4600.0,50852.613473922655,426,4688470,4662801,485236,371097,1321388,927620,1158111,912201,462023,778613,296423,909393,965289,341601,0,422276,0,0
149,000590,2018-01-26,-0.007942238267148016,-0.005776173285198527,0.8978949727837306,8262.0,37113.1242235705,237,2928247,1803387,233065,205663,1249941,810576,694723,331296,267218,138000,483300,0,0,317852,0,0,0,0
150,000591,2018-01-26,0.0017985611510793476,0.003597122302158251,0.15235300721788186,8400.0,107953.28900064374,1334,27881472,19432488,1000852,1194416,5271057,4084230,4206996,3158512,5700542,3557546,1656008,2477437,1404423,1394375,1303046,439374,7338548,3126598
151,000593,2018-01-26,-0.010112359550561778,-0.008988764044943864,0.3352740132572921,7947.0,36629.045928320695,704,9633909,3121620,1244214,572865,3361661,1464756,1944642,757783,1515407,100796,748160,225420,379208,0,440617,0,0,0
152,000595,2018-01-26,0.011605415860735047,0.011605415860735047,0.19495263742814842,10440.0,51026.012446514025,703,9747836,9640781,699617,540814,3245951,2614972,1831579,2387429,1660049,2118424,1038094,1654422,328008,324720,421538,0,523000,0
153,000596,2018-01-26,0.00244864644266074,0.001224323221330259,1.5331227682386195,22035.0,134892.39208544005,2303,65522534,71276184,834254,3619669,7543917,15655775,10084803,12485419,11081001,13675347,9501434,6108002,6464411,3892004,1318077,907888,18694637,14932080
154,000597,2018-01-26,-0.00987432675044897,-0.008078994614003632,0.34537176858040103,5540.0,95468.7727304145,1041,21922938,9822223,783334,1172149,4229229,2157773,3233320,1564302,3329998,1089774,2246955,1150179,1035740,1352701,0,0,7064362,1335345
155,000598,2018-01-26,-0.005555555555555647,-0.0037037037037037646,0.14760677820230036,8600.0,130121.69041364323,1340,35000940,20251099,1498005,1003674,5485249,3673944,3113845,3323834,4959896,2799203,5696612,2534553,1335316,390451,1296429,1295981,11615588,5229459
156,000599,2018-01-26,-0.013803680981595123,-0.013803680981595123,0.24853233631207694,9065.0,98356.47716539408,688,18075802,8733353,881564,512152,2558375,2585154,1808809,1296171,3818639,840102,1540125,790426,2427938,0,478938,430167,4561414,2279181
157,000600,2018-01-26,0.003658536585366079,0.003658536585366079,0.22973388204780013,13344.0,73222.19057311359,1274,23925836,22799923,1232341,1197999,6505465,5180025,4696788,4738367,5068880,3334980,2381892,2402380,2047730,3546435,0,454279,1992740,1945458
158,000601,2018-01-26,-0.012362637362637319,-0.008241758241758323,0.3263600666830299,6498.0,76957.75019949012,497,9451315,2684878,966544,374829,958768,1124362,699405,1039962,2788975,145725,1205827,0,331398,0,0,0,2500398,0
159,000603,2018-01-26,-0.0053272450532724225,-0.0007610350076103778,0.3043035028667433,24833.0,214784.56044623716,1867,79032890,57580550,1131344,1109013,9235387,8626555,9498990,8837071,12783536,8724391,9927135,8234489,6660045,5065517,4035835,3563765,25760618,13419749
160,000605,2018-01-26,-0.009299781181619338,-0.001094091903719896,0.6074380324102707,9165.0,42232.28855483929,905,10183069,8379668,1094298,717745,4138776,3968024,2292331,1471362,1239086,1260723,727949,961814,690629,0,0,0,0,0
161,000606,2018-01-26,-0.01225490196078427,-0.014705882352941346,0.3351855277610489,11312.0,35459.2784864399,592,7442664,5739025,505298,646006,3279434,3337747,1840452,957541,786132,574498,268398,223233,360450,0,402500,0,0,0
162,000607,2018-01-26,-0.006430868167202619,0.001607717041800738,0.2579239783979045,8099.0,51848.71500615929,581,6623665,6867816,566511,662468,1978437,2192280,1319561,1613490,1341729,1123030,295404,965048,316484,311500,0,0,805539,0
163,000608,2018-01-26,-0.008421052631578996,-0.01473684210526327,0.17397819159904102,46530.0,1140611.233811791,3013,423475881,369652005,1149254,1708337,9486713,14064811,11358864,14705306,20529189,28034083,18757746,26713855,14655024,21038257,11692414,17794767,335846677,245592589
164,000609,2018-01-26,0.007922535211267512,0.014084507042253502,0.41584002650381235,12688.0,62390.404930225646,746,12620949,13014754,609600,501267,4141293,3285423,2543708,2108280,3650498,3048165,718920,1651376,345600,709301,0,443120,611330,1267822
165,000610,2018-01-26,0.003442340791738552,-0.0060240963855420215,0.7277445831982238,4614.0,31985.470858943743,254,2845457,743992,402480,130829,965344,450053,523609,163110,378225,0,230799,0,345000,0,0,0,0,0
166,000611,2018-01-26,-0.009776536312849249,-0.012569832402234637,0.43744358924371884,8580.0,88945.05215084064,267,6027688,2860380,328892,262394,1300031,762522,961046,603522,971392,405415,279423,273177,1108936,0,0,0,1077968,553350
167,000612,2018-01-26,-0.011494252873563204,-0.010344827586206917,0.20251125552200297,4335.0,39431.85957297025,1847,19269803,8675550,2586635,1408208,6598484,3796523,4265533,1959678,2508356,614680,748434,525842,708430,370619,869248,0,984683,0
168,000613,2018-01-26,0.051219512195122,0.039024390243902474,0.3668665133126849,10272.0,69837.90462337757,499,5878853,10586727,352677,550953,1564320,2438319,1576092,1711871,1382146,2314634,699950,241941,303668,635198,0,1346012,0,1347799
169,000615,2018-01-26,0.014834205933682343,0.007853403141361293,0.21572309182265195,35867.0,149302.12155313033,2825,118557848,121454056,1266131,1176716,14470594,13837132,18678046,15782798,26131947,25845672,14734284,16515389,8048127,12261320,5353261,5816269,29875458,30218760
170,000617,2018-01-26,-0.011147540983606596,-0.005901639344262244,0.5641798149319559,10640.0,38977.701240899085,730,9395179,7836376,832972,560911,3807224,2355564,2434359,1592514,2033077,2086697,287547,427281,0,377169,0,436240,0,0
171,000619,2018-01-26,-0.0012642225031604948,0.0012642225031604948,0.39168721249881094,7930.0,46084.6154759886,407,5541094,2784042,370438,398706,1431186,1978368,1452326,406968,403547,0,227808,0,762524,0,893265,0,0,0
172,000620,2018-01-26,0.0045317220543807935,0.010574018126888296,0.2539983221926295,6660.0,36074.38234203093,679,6931367,5282686,666792,726721,2340241,2376380,1004415,778707,2258278,397279,249537,1003599,0,0,412104,0,0,0
173,000622,2018-01-26,0.0,0.00424628450106157,0.2967564694363828,7110.0,19328.19888111175,251,2089039,1325723,312649,308783,955696,710436,584464,306504,236230,0,0,0,0,0,0,0,0,0
174,000623,2018-01-26,-0.00256191289496166,-0.000853970964987294,0.5065682625330479,25828.0,162105.16391433193,2137,83166189,84179630,1927771,1079537,12072071,8783322,10738990,8546106,14656820,15649573,12090962,14398310,8436124,6793140,6304373,10005823,16939078,18923819
175,000625,2018-01-26,-0.0022761760242792084,-0.0007587253414264028,0.2745912766383279,15816.0,156921.58178196277,2305,92406040,68558592,1582986,1504293,7798639,9823164,9636033,8947981,14619192,12576369,12753607,6752795,8937607,8092131,4446662,2237149,32631314,18624710
176,000626,2018-01-26,0.002411575562700996,0.004019292604501734,0.5441898777569247,12450.0,57310.9431007961,522,7985176,7309768,418376,511509,2697564,2239064,1827508,1521001,665205,1638845,496700,427635,1371003,0,0,971714,508820,0
177,000627,2018-01-26,0.010714285714285676,0.0071428571428571175,0.21137449746025247,13552.0,84439.0488929094,1580,32764957,32929330,1546453,1464814,6812318,8194252,3949147,5346686,6215702,6058642,3737412,3089512,3311925,3622841,3107091,2233922,4084909,2918661
178,000628,2018-01-26,-0.002358490566037652,-0.002358490566037652,0.3047338191912093,11872.0,64954.33910505628,774,14986203,10865795,672820,876818,3549759,2968439,3617121,2847954,2700166,2266527,1206190,492374,1684418,0,906080,823028,649649,590655
179,000630,2018-01-26,0.003472222222222321,0.003472222222222321,0.05813928669609473,6090.0,211872.9872873059,2485,62090941,62982728,2391257,1533795,10109322,6353974,5978362,3702547,6487812,9311127,5903129,3966810,2991368,4469838,2963213,944741,25266478,32699896
180,000631,2018-01-26,0.015730337078651457,0.015730337078651457,0.11953982828420859,9856.0,96259.04890340591,1389,24343184,33682431,1546890,1162837,4181267,5417921,4046037,7206938,3419895,7793619,4558357,2883633,2009023,2384657,3045729,455000,1535986,6377826
181,000632,2018-01-26,-0.009787928221859588,-0.009787928221859588,0.27506749878152836,7890.5,49779.80363672808,496,7597520,5761459,415989,615538,1685515,1475813,2015674,1238175,1844861,1709793,1262771,244000,372710,0,0,478140,0,0
182,000633,2018-01-26,0.01014198782961473,0.01014198782961473,0.5936716781922506,5982.0,103990.08133339277,275,6083427,2703786,490593,255509,1262867,468074,725703,174757,726263,558450,208373,0,713458,324700,0,922296,1956170,0
183,000635,2018-01-26,-0.025165562913907258,-0.02384105960264893,0.5184715247174739,14735.0,83595.09977746366,848,18132278,11164765,718665,748863,4079861,4189529,3301917,2539357,2476582,2137396,1186255,1246800,689920,302820,408660,0,5270418,0
184,000636,2018-01-26,-0.05431034482758612,-0.047413793103448176,0.20990493043938788,43524.0,310184.30500773,3059,221285450,141898048,934271,1252065,13468004,15390393,17209346,19350988,30764092,30128391,24442771,16631325,19119380,10144402,12533830,7593338,102813756,41407146
185,000637,2018-01-26,-0.005093378607809784,0.0,0.28954460260133874,9408.0,41638.60949262072,413,5252888,4984737,494341,377173,1623923,1572477,1146222,1410072,1521119,813863,467283,811152,0,0,0,0,0,0
186,000638,2018-01-26,0.02631578947368407,0.023496240601503793,0.257224334145506,16432.5,160993.36267766985,1714,42467842,56875670,1148669,1294806,8070211,7565514,7031700,6247554,7142670,6420465,4472478,5800404,3115593,5604540,2182487,2568746,9304034,21373641
187,000639,2018-01-26,0.012389380530973604,0.015929203539823078,0.38246933647876136,10302.0,45847.82826129677,1966,17788850,27510624,1043563,2755189,6244655,11241912,5544867,5535596,1895323,4157408,1008537,1120656,1071438,399736,444469,1436857,535998,863270
188,000650,2018-01-26,0.0,0.0,0.20298695303251546,4824.0,62389.37018679254,697,11646814,4277902,695779,438970,2427116,916355,1795081,656029,2762689,820094,1322331,429600,1323153,0,475245,414832,845420,602022
189,000651,2018-01-26,0.04344664606435189,0.057080530812579466,0.9173978972509881,597414.5,1760663.1758678746,3596,1447518098,2207974971,16900,0,1067244,705815,4252035,5843738,24894041,31885964,42722802,38072940,49907570,55691158,58764912,59364449,1265892594,2016410907
190,000652,2018-01-26,-0.0021413276231262435,0.0,0.1623021305487608,4660.0,49925.75676541271,828,9079382,5860353,1208535,548313,2405478,2075673,1864421,1084352,942975,963033,488015,478675,0,710307,431516,0,1738442,0
191,000655,2018-01-26,-0.00940438871473348,-0.006269592476489061,0.23197002867243427,9502.5,57314.22044577689,756,14215439,6052605,771680,691604,3437407,2665677,2709043,1097691,1649517,1169947,1964042,427686,1650236,0,891314,0,1142200,0
192,000656,2018-01-26,0.01941747572815533,0.013592233009708687,0.12412897412780557,10752.0,188523.19942342277,1725,47507492,63180109,1270866,1092769,7021791,4772134,4730948,5284668,5892749,7354402,6178058,7034544,3697925,3102162,2700358,3426657,16014797,31112773
193,000657,2018-01-26,0.02454473475851149,0.028503562945368044,0.3093649572606398,18298.0,72458.85496261298,1668,35624449,29512015,1232725,841928,10426516,8409456,7397470,6730907,6988882,6474003,4570761,3039659,1050199,1979884,430950,0,3526946,2036178
194,000659,2018-01-26,-0.041162227602905554,-0.029055690072639306,0.12813017672795785,16523.0,158873.32231304995,1041,41673006,26404419,484464,1053354,3884484,5125130,4188708,4312733,6235230,3498876,6355196,2818304,2201901,969856,3267788,2158798,15055235,6467368
195,000661,2018-01-26,-0.03641840087623227,-0.038992332968236565,3.372836730597981,140704.0,1001590.2539277045,2942,665585790,619865853,15351,5596,4341176,9620505,13635525,16794061,32489594,38950823,26330683,35955157,21735869,25979176,18536423,24810922,548501169,467749613
196,000662,2018-01-26,0.005420054200542035,0.00880758807588089,0.6431487331699163,8907.0,325512.1522578347,526,6299247,13226051,621688,431712,1743915,1877524,2580487,1334449,1128157,1425654,225000,708669,0,0,0,0,0,7448043
197,000663,2018-01-26,-0.02552619793999089,-0.02866099417823542,0.5796731267494077,15186.5,40721.55681407951,1486,28501824,9434974,1989794,637647,11937613,3757507,6114270,1979770,5805879,1914821,1456237,236519,677011,339295,0,0,521020,569415
198,000665,2018-01-26,0.005769230769230749,0.009615384615384581,0.3527115579020644,10530.0,69562.15964670546,869,13697252,18145248,675727,665627,2935027,3687607,2630853,3007149,3175553,4919189,1459182,2207005,1743734,1410493,0,1725278,1077176,522900
199,000666,2018-01-26,-0.007444168734491274,-0.003970223325061917,0.5384348894277388,18054.0,111563.07095388795,1400,38059797,25616735,771653,1107133,5938762,7548819,4661295,3906706,10936811,4617946,5475644,3999221,1062943,1453630,1639720,1647413,7572969,1335867
200,000667,2018-01-26,0.006079027355623046,0.00911854103343468,0.09102347277018648,9990.0,215294.33724809907,1311,30654047,50181234,1245555,1257956,4617720,5146930,2543422,4623184,5005754,5503367,1786018,4830292,2299671,2936779,1376462,1905201,11779445,23977525
201,000668,2018-01-26,-0.016223231667748195,-0.015574302401038298,1.025524700149774,10682.0,36624.67926019985,225,2738000,2689558,150720,215387,790218,673511,1468446,765419,103360,1035241,225256,0,0,0,0,0,0,0
202,000669,2018-01-26,-0.00439560439560438,-0.00439560439560438,0.4955533781518098,13570.0,49993.284138659044,758,13354861,9278294,496575,771421,2949598,3535686,5394173,1960887,2727643,1435424,923460,631099,308940,0,0,411626,554472,532151
203,000670,2018-01-26,-0.00666666666666671,0.0033333333333331883,0.14128647439834557,9030.0,49094.393029910665,1806,26557361,17074022,1771564,1898124,7554702,6310689,5403361,4475768,4941659,2997988,2158518,710695,2425813,680758,860992,0,1440752,0
204,000671,2018-01-26,0.04419321685508737,0.05960945529290851,0.1683639970235744,76230.0,477549.20423305203,3353,306347762,413006103,882675,1071689,11232005,11015168,17664298,20255682,38820715,42268452,28821819,33259867,22153596,29966074,21594630,24308657,165178024,250860514
205,000672,2018-01-26,0.08065915004336532,0.06938421509106685,0.19941456131882374,79900.0,609551.2242807912,3353,298793271,441086299,679551,852651,12190564,12254923,22362417,22831770,36724449,46398466,24492598,33873455,26189239,29522951,17288570,23407399,158865883,271944684
206,000673,2018-01-26,0.021132075471698153,-0.01584905660377367,0.5079493646943813,13125.0,210549.74275279886,680,32708826,9508681,491408,433489,2612665,2557496,2683437,2076435,4265335,1738907,3604984,0,1467340,0,1262146,0,16321511,2702354
207,000676,2018-01-26,0.019730941704035665,0.011659192825111964,0.3714700390493433,7902.0,47316.071529083056,901,9291012,10816362,857264,750669,2930657,4305901,1990046,1365935,1528432,1684691,864613,1650434,0,622552,0,436180,1120000,0
208,000677,2018-01-26,-0.0076142131979695105,0.002538071065989911,0.20745521419106758,4740.0,42656.55660704128,360,4445121,2238074,413969,285994,1306940,782515,932185,190377,1251021,314440,212366,259281,328640,0,0,405467,0,0
209,000678,2018-01-26,0.005434782608695565,0.0013586956521738358,0.33494846738123235,7400.0,28994.916298288634,482,4718908,3785582,563341,684743,1761665,1691532,1058702,534441,1094528,874866,240672,0,0,0,0,0,0,0
210,000679,2018-01-26,-0.012640449438202195,-0.005617977528089901,0.41390934895523007,9204.0,56518.59650305926,295,5255338,2473871,328229,332547,949279,1187414,898502,561012,1038443,392898,660558,0,0,0,1380327,0,0,0
211,000680,2018-01-26,0.008064516129032251,0.014112903225806495,0.1570352461514972,9960.0,102345.44462338729,998,17614689,21438352,1170103,835680,4464175,3427291,2185007,2083862,3149820,2797529,1387057,3012355,2017888,2941647,1790615,1696840,1450024,4643148
212,000681,2018-01-26,0.0004786979415987158,0.010052656773575919,0.46307791285552774,20940.0,114406.75625565316,2046,61754459,50243022,2391787,576075,12200945,6088182,8997545,11318454,14130161,12801851,8598835,5032939,3782831,5811404,933655,3175897,10718700,5438220
213,000683,2018-01-26,0.0,0.0,0.08356013316883988,8288.0,191676.4957342084,1262,42250936,19899441,1207353,1326820,4673573,4719884,2891626,2776715,3282008,2315404,3837645,1431609,663006,1037776,970880,2733956,24724845,3557277
214,000685,2018-01-26,0.0,0.0,0.27683544673187716,8552.0,58380.80361356245,1491,20814721,16025174,3276031,1092550,4730422,3844256,3181135,1886708,3306148,3574936,1907987,1853422,2767214,978206,475260,2214596,1170524,580500
215,000686,2018-01-26,0.006486486486486642,0.00756756756756749,0.21084818585567766,22368.0,147316.61226849078,1926,68698851,76257271,1693097,1239916,7744290,7526346,7464889,11166392,13255012,15447354,10690774,10762947,5452250,5482812,9556391,3976462,12842148,20655042
216,000687,2018-01-26,0.013170272812793815,-0.0018814675446849893,0.34119626768341504,10620.0,54641.03568091531,970,15433987,12903309,1878572,543101,4608766,3063903,3344969,2127063,3033456,3439403,1003625,1061897,636300,1687482,424799,430920,503500,549540
217,000690,2018-01-26,0.015677491601343796,0.01903695408734607,0.23617388833406797,20619.5,177887.53826313122,1430,39489643,59468077,1472076,845175,7065719,5561255,7155114,6684665,7714047,9777881,3775604,7249608,2169020,2387224,1786875,6310135,8351188,20652134
218,000691,2018-01-26,0.020775623268698196,-0.0013850415512465242,0.41352583636211765,9340.5,34800.91163919616,304,3587008,2309034,270156,278113,1291646,1166806,1005954,206564,448252,448315,220014,209236,350986,0,0,0,0,0
219,000692,2018-01-26,-0.010845986984815759,-0.008676789587852451,0.2667805601205448,6892.0,97323.61893769924,298,6863369,3206740,370704,227038,1062150,937532,1095852,225432,780554,697719,1075492,537925,316244,0,944338,0,1218035,581094
220,000695,2018-01-26,0.026666666666666616,0.01025641025641022,0.4419584762219162,7963.5,51235.34495784374,486,5581081,4994236,678523,595456,1634539,1600496,808024,1140250,970310,445076,718836,223560,343000,387254,427849,0,0,602144
221,000697,2018-01-26,-0.004582951420714965,0.0022914757103575933,0.7295377871403488,13137.0,79385.01857466513,894,16497059,14990874,860503,598729,4168958,3794362,2936479,2677743,4585247,2354452,2034284,1633708,336182,0,923586,0,651820,3931880
222,000698,2018-01-26,0.004966887417218624,0.0033112582781456013,0.21608547043154977,12200.0,72767.81696369783,781,15366046,14380255,868828,623262,3063056,3432643,2805751,2379623,4949264,3036571,1091303,1968620,0,0,1354938,1806001,1232906,1133535
223,000700,2018-01-26,-0.008756567425569184,-0.008756567425569184,0.17440334331993684,4528.0,32154.18212248815,1072,12695742,3716175,1696043,283017,4177306,1129858,2962233,1512033,2321033,517758,1539127,273509,0,0,0,0,0,0
224,000701,2018-01-26,-0.000990099009900991,-0.001980198019801982,0.37519987245935965,9076.5,35797.91237368606,724,6952953,5395130,452177,872575,2383279,2411842,1765524,1211252,1015625,687117,754880,212344,0,0,0,0,581468,0
225,000702,2018-01-26,0.08203677510608198,0.08203677510608198,0.22923590238198413,20540.0,442895.95401836967,953,66906944,41474838,1181308,176196,5089317,1965424,5239504,2448619,6325105,6451907,3939641,4694165,3401688,3633963,3013618,1242780,38716763,20861784
226,000705,2018-01-26,0.004860267314702238,0.009720534629404698,0.40698931928505294,8250.0,31606.820252267164,408,3972996,4197100,368327,474394,2005740,1724704,874265,738908,724664,566931,0,692163,0,0,0,0,0,0
227,000707,2018-01-26,-0.012152777777777679,-0.01736111111111105,0.20144780571868032,10513.5,69189.96589366219,818,17073012,9575687,657598,668074,3428316,2687142,4515642,2067710,3809238,1782018,1987283,808200,384200,1081185,0,481358,2290735,0
228,000708,2018-01-26,-0.006768189509306244,-0.006768189509306244,0.4277496985906078,12968.0,295175.0439969248,763,33238426,9872935,383634,705279,3787352,2541366,3999390,2918908,3239299,2212627,966668,1494755,1454251,0,0,0,19407832,0
229,000709,2018-01-26,-0.007263922518159882,-0.004842615012106477,0.0840445447328378,13152.0,339842.4770524486,2428,139692537,74377572,2579498,1139250,11819800,9683179,8035767,6944927,11000022,6183493,7580771,4228233,4396571,3708826,7782008,4495298,86498100,37994366
230,000710,2018-01-26,-0.028898128898128927,-0.027858627858627916,1.2640182976520724,23430.0,71271.68669208013,1448,36846536,22459373,1363282,1626903,7538938,7629454,8047901,5215330,9556880,5574210,2334848,2413476,1746736,0,2259135,0,3998816,0
231,000711,2018-01-26,0.0014388489208632116,0.004316546762589857,0.38237660152599123,13920.0,59530.653646586296,1321,25290090,19137143,1583584,1016541,8073012,4151991,6520564,4104707,5831514,4285583,1857052,2181685,0,1427356,481944,873975,942420,1095305
232,000712,2018-01-26,0.005948839976204656,0.010707911957168248,0.44717942111099884,17000.0,126643.58866935849,1413,35149548,44668272,1145711,929638,5606934,5661755,7517949,5916594,5694906,10283075,4948794,5798081,3524248,3830489,878315,2281080,5832691,9967560
233,000713,2018-01-26,0.002954209748892156,0.005908419497784312,0.3224392112290571,9562.0,40445.2771375712,440,4663965,6498404,359901,566441,1339899,2211083,1478327,1158271,1485838,1758175,0,428784,0,375650,0,0,0,0
234,000715,2018-01-26,0.0010626992561104665,0.005313496280552776,0.500223980199858,3784.0,27323.33650913882,353,1793317,2293127,265848,657690,764746,626113,574723,480643,188000,184275,0,0,0,344406,0,0,0,0
235,000716,2018-01-26,-0.007312614259597838,-0.005484460694698212,0.1990494070877813,5490.0,57585.96010156943,755,11432193,6330998,626424,683174,2489121,2490552,2221360,1361629,2359418,1381754,1021953,413889,740655,0,0,0,1973262,0
236,000717,2018-01-26,-0.01794258373205726,-0.009569377990430672,0.1542728044060299,40523.0,426031.7825165283,2941,250270476,179390463,1652895,1538626,13684832,11693332,18779161,14523449,29401873,26426862,20679588,16243014,12338625,16275298,13982602,9364450,139750900,83325432
237,000718,2018-01-26,0.0020661157024792765,0.012396694214876103,0.1104121171280356,19560.0,149949.00918401012,1927,59568334,70937614,1663016,1366720,9243171,7719787,9346757,7377465,10609972,10535590,6162637,8599349,3915816,5868930,3632139,7743401,14994826,21726372
238,000719,2018-01-26,0.0052798310454065245,0.009503695881731833,0.3344955406233446,4740.0,33686.52002717495,801,6369158,7144143,697902,773224,2132676,3073188,1701486,1459661,1133306,1238647,703788,215423,0,384000,0,0,0,0
239,000720,2018-01-26,0.004545454545454408,0.009090909090909038,0.14913592188806046,6660.0,100791.06345405821,871,12313546,11347406,1126659,680793,3386407,2407069,2691552,1627331,2032645,1561162,690276,1674531,339570,0,415091,452480,1631346,2944040
240,000721,2018-01-26,-0.0018115942028985588,0.0,0.26416266257165244,5540.0,27991.56591578781,436,3343937,3329873,317326,582637,1087229,1675058,693072,641720,788798,430458,457512,0,0,0,0,0,0,0
241,000722,2018-01-26,0.022950819672131084,0.032786885245901454,0.31115756303741643,15104.0,102639.97938995813,865,17941596,20718470,865326,844622,3719074,3753639,3673607,3377517,3561159,3903922,1400352,2884568,2043398,1610613,0,1346592,2678680,2996997
242,000723,2018-01-26,-0.016296296296296364,-0.010370370370370363,0.2093191661401542,6750.0,95787.97015735052,1040,20190372,16451258,946781,1006353,3545587,2982218,2979106,2322846,1888724,3562933,2952090,2033644,2196468,1024737,1307801,0,4373815,3518527
243,000725,2018-01-26,0.0,0.009554140127388422,0.10484596446898707,377780.0,2094504.5248754604,3600,1319500159,1967301590,33492,23399,1979325,2961914,8090178,12688081,36261099,56589711,46427457,69178100,43807644,74617973,41232735,67384278,1141668229,1683858134
244,000726,2018-01-26,0.0027223230490018846,0.0009074410163338875,0.35334808737106044,6636.0,82927.81444528485,972,19810433,11334746,803246,996607,2927276,3069694,2561664,1961376,4827254,2915216,1240775,472739,1661630,317135,1314968,428351,4473620,1173628
245,000727,2018-01-26,-0.004065040650406471,0.0,0.05978310325650373,1230.0,68288.19504332686,1714,16368950,12873888,1178536,869618,4415934,3660425,1619394,1945855,2711352,1489870,2722482,1044339,326934,779679,479710,0,2914608,3084102
246,000728,2018-01-26,0.0008741258741258306,0.005244755244755206,0.2365324280353322,34500.0,177466.86004606241,2341,107914084,108970372,1140476,832531,11046123,9404542,12803209,12117943,24802468,21452014,13819838,12746993,14790624,7599337,5339743,8443052,24171603,36373960
247,000729,2018-01-26,0.0012658227848101333,0.0012658227848101333,0.17932810235922336,18354.0,126389.92703676624,1943,45466529,53199130,1515122,1506441,8571580,10395269,7305112,10074400,7831216,10433386,6121277,3353687,2790867,4046712,2140171,3206481,9191184,10182754
248,000731,2018-01-26,-0.010296010296010238,-0.009009009009008917,0.24296523332534908,19350.0,110446.48957709056,1023,26576760,23344795,755267,782490,4293166,6382807,3412926,3805301,5690853,4006979,1608429,2553245,4238688,3662863,1819233,432740,4758198,1718370
249,000732,2018-01-26,-0.028615622583139988,-0.005413766434648082,0.6654515801938669,138924.0,928258.0032621322,3403,557340348,581318037,490977,481126,7784078,8737422,19517605,16290869,38335282,40817016,34765491,41585382,35968451,41444505,30325120,35881186,390153344,396080531
250,000733,2018-01-26,-0.009219858156028327,-0.0007092198581559739,0.4622186199270188,9894.5,47781.76099402919,930,13333625,10036927,940235,1169632,3720257,3400495,2228314,3190901,2849085,1992699,2090163,283200,330175,0,0,0,1175396,0
251,000735,2018-01-26,0.04342984409799544,0.03674832962138086,0.16596843316004,48842.5,428982.8780262719,2934,160566111,286205258,1277684,1553682,11443756,13291965,15166056,21151576,23305995,32120824,18989611,25571631,15210087,16926969,12618808,19662140,62554114,155926471
252,000736,2018-01-26,0.04219653179190752,0.03988439306358371,0.6121165434551807,15876.0,135739.31759063367,799,13232672,21969058,731590,604331,2549344,4229960,3762881,3132934,3528050,3822156,1282081,1527919,1378726,1408520,0,1331410,0,5911828
253,000738,2018-01-26,0.002049180327868827,-0.000683060109289646,0.3860544116031563,11724.0,67280.41507567033,1438,26681216,18961357,1285584,1021415,6476131,5869425,4519826,3654724,5925337,2748685,2808898,2004172,2018174,1006771,2348033,1260864,1299233,1395301
254,000739,2018-01-26,-0.02076677316293929,-0.012779552715655007,0.21736088282393723,11818.0,133434.54544339242,829,22463689,15495058,552403,1171707,2091542,5113741,1242110,2718279,1647799,1681663,2000937,2190994,4487596,1001884,497600,401250,9943702,1215540
255,000750,2018-01-26,-0.001908396946564861,0.003816793893129722,0.12880988287524536,15794.5,183439.93479055428,1658,49345574,45418176,1326950,934187,8333376,5933408,6175274,5509177,7947735,9222297,7337095,3964781,3507128,2532233,1762875,2230468,12955141,15091625
256,000751,2018-01-26,-0.00932835820895539,-0.00932835820895539,0.11919188042983268,18620.0,224910.01171637082,2027,80319988,49365891,1199178,1595848,9671184,10179378,8423568,10332217,9447213,9829249,5750609,7161302,3834860,2765211,1841793,2779447,40151583,4723239
257,000752,2018-01-26,0.006211180124223503,-0.010869565217391353,0.5905756331784737,6385.0,46858.752033264944,475,5558748,2754961,361108,778214,2057277,1316037,553615,660710,844628,0,491720,0,0,0,0,0,1250400,0
258,000753,2018-01-26,0.0025839793281652312,0.0051679586563306845,0.18460590619257,7800.0,96986.63084209287,439,9496506,8209043,396791,364907,1441126,1825265,939299,830626,1754228,1167505,1991562,1280933,1032267,318240,466376,432179,1474857,1989388
259,000755,2018-01-26,-0.0031796502384738856,0.0,0.31984777115685165,6270.0,40886.7909072887,386,2786730,3615259,443226,422882,1220027,1617923,416928,644848,372859,298976,0,0,333690,0,0,0,0,630630
260,000758,2018-01-26,0.006116207951070374,0.01070336391437321,0.1727766338655636,11186.0,117074.94921114731,1434,31614480,26198695,1495454,1142493,6016065,5400953,4920335,4566712,5595265,5317911,4156495,1590654,1971645,1699058,1346194,912989,6113027,5567925
261,000759,2018-01-26,-0.0034129692832763903,0.0022753128555177415,0.2568598027025506,10584.0,59871.08529774719,1171,20908405,13512675,1328232,1232240,5662326,4177805,4587754,2671745,4452504,2705890,2544976,485760,1347498,1067697,0,432467,985115,739071
262,000760,2018-01-26,-0.00865051903114189,-0.0034602076124568004,0.19527911772954565,10431.0,61688.4460243632,876,12764016,11916182,720940,869839,3335577,2813455,5171581,2526867,1215095,1963215,201260,1467623,1078964,671346,461599,0,579000,1603837
263,000761,2018-01-26,0.0,-0.0034965034965034336,0.13067110056717782,18645.0,160273.41793021702,1920,74286277,62374559,1419574,1388875,7071703,8535973,7113846,8966522,13025316,12447142,8668337,7244698,6383846,6785127,4023862,3985862,26579793,13020360
264,000762,2018-01-26,-0.0033134526176276102,-0.001325381047051044,0.3829242078638815,16533.0,163436.87348239392,1553,50748170,31398960,1003369,1364066,8320455,6662049,7419794,4759376,8980162,7473207,4108198,1760621,3669724,978368,889192,455114,16357276,7946159
265,000767,2018-01-26,-0.0033333333333332993,0.0,0.1310805389294394,3887.0,125657.32090798,524,6236407,7453649,453679,644350,1112734,1218645,964217,579374,291050,941688,1287990,208600,376500,390000,923502,435546,826735,3035446
266,000768,2018-01-26,-0.0072551390568317276,-0.010278113663845123,0.33421740551987483,27786.5,158866.0369897969,2450,93037209,62695750,1477173,1804546,13785462,10834633,20276535,11431528,21947954,13512314,8313861,6070641,3334854,3705646,2599407,4023622,21301963,11312820
267,000776,2018-01-26,0.005569620253164542,0.0025316455696202667,0.3533862463424404,77415.0,510946.0388142329,3125,361237868,365626609,1082255,1202934,11401867,11934126,16628580,17793240,32900228,35913273,28326962,32150131,23215126,27728820,25368688,17746423,222314162,221157662
268,000777,2018-01-26,-0.002434570906877598,0.0018259281801582539,0.4045440700277899,16470.0,180673.47567534825,1651,53842819,50810539,1502244,1356451,7575465,6699748,7008705,6044332,8447168,9648676,4882322,2948075,3685045,2375004,3551607,859352,17190263,20878901
269,000778,2018-01-26,-0.007246376811594013,-0.0036231884057970065,0.12730495621634458,7714.0,118487.47257580557,1884,42645256,31915815,1784249,2013685,7181668,5747131,5694933,3770563,7240897,5079971,2823590,3442312,2984939,659260,3241150,2304255,11693830,8898638
270,000779,2018-01-26,0.02400000000000002,0.026181818181818084,0.6834252292612449,13980.0,53946.52666837625,404,5291700,8626870,387480,279259,1189439,1691101,826396,3405501,1196045,2759558,1128740,491451,0,0,0,0,563600,0
271,000780,2018-01-26,-0.00576923076923086,-0.009615384615384581,0.20255520019577147,4168.0,43470.51006583568,659,7527727,4345258,557936,509407,2188480,1290038,1824798,835522,1742754,1190291,481944,208000,0,312000,0,0,731815,0
272,000782,2018-01-26,-0.001335113484646211,0.002670226969292422,0.43988888163050205,7480.0,31216.000114842733,289,3733142,1653195,414312,222882,1339032,911181,838438,519132,834343,0,0,0,307017,0,0,0,0,0
273,000783,2018-01-26,-0.0011848341232226778,0.0023696682464455776,0.18743267172676722,27984.0,161755.3986561883,2030,67078456,94775575,1427298,1153206,9274014,8837088,8741092,15005668,18449527,18208583,7366250,9563622,4073282,6364857,3558360,3131409,14188633,32511142
274,000785,2018-01-26,-0.003780718336483968,-0.003780718336483968,0.33220772803347115,10530.0,68001.40521975468,1014,14798266,12640415,950310,985400,4487349,3965283,2936163,2146255,1756001,1797519,2270626,1453402,1085023,0,475650,470360,837144,1822196
275,000786,2018-01-26,0.035251215559157334,0.03322528363047006,0.4339338486131738,62750.0,349828.53925473965,3237,221082080,292272005,803579,1013676,13829620,13138136,20706800,22242252,36369925,40245469,29230057,25433309,21111830,21742536,13992179,20456134,85038090,148000493
276,000788,2018-01-26,0.002375296912114022,0.008313539192399189,0.39222055721359783,10188.0,40255.57368274009,460,5385789,6267661,473820,547269,1859049,2099689,1258707,2381880,1230197,598427,255000,212500,309016,0,0,427896,0,0
277,000789,2018-01-26,0.06507413509060944,0.07413509060955503,0.20622033958106592,123704.0,901364.3850631526,3478,573916153,632044263,425756,591056,8733780,11088794,18836952,22539096,44691047,49281129,35993666,46233088,34930565,35078707,25906962,38394573,404397425,428837820
278,000790,2018-01-26,-0.004087193460490468,0.005449591280654031,0.37317327275376827,7360.0,52476.93559817442,386,5734326,4138590,500197,352987,1763267,1087420,1298870,1149065,969432,810228,512600,738890,0,0,0,0,689960,0
279,000791,2018-01-26,-0.008860759493670933,-0.010126582278481067,0.2392490101994307,14991.0,79325.4537271441,1090,24985667,13621235,1055930,906565,6364657,4320924,5757583,2707101,3697755,2895339,2787304,984404,1735632,1030334,414480,0,3172326,776568
280,000792,2018-01-26,-0.0051948051948051965,-0.0025974025974027093,0.2715589062617848,74400.0,993476.7317119953,3219,417165472,449098439,822005,1156558,12143904,12547145,18890016,19433947,34122291,37773275,26385887,29325981,24654223,27349939,19632611,18782416,280514535,302729178
281,000793,2018-01-26,0.006263048016701411,-0.01148225469728592,0.26511119286325147,19100.0,511091.6293506842,1306,100344291,61815895,1209968,1198823,6024197,5280651,7179033,4314369,12066718,5831239,9017278,3267196,4438846,1864754,4542116,3077891,55866135,36980972
282,000795,2018-01-26,-0.0033112582781458233,-0.004966887417218624,0.1692743499527537,9045.0,69305.44155561912,1274,26013347,11634451,1353994,1442042,5264588,4796459,4763450,2512501,4243365,2562050,1939636,0,2391300,321399,2356018,0,3700996,0
283,000797,2018-01-26,0.02329916123019582,0.02143522833178002,0.27789719587150963,11946.0,122472.83782366638,1491,30360586,49102813,998516,1576616,6408517,5360612,3822725,5034720,6310262,6806919,4961279,5169626,3161227,5735005,3090060,2215139,1608000,17204176
284,000798,2018-01-26,0.0011086474501107446,-0.005543237250554167,0.44616033979203584,8950.0,54129.249206928645,408,6492449,2928568,518167,417596,1749573,1144638,938503,703600,795981,414850,839350,247884,1027060,0,0,0,623815,0
285,000799,2018-01-26,0.0034775888717155645,0.007341576506955327,0.5047104784110011,10420.0,82464.787197218,2629,43690609,56274269,976169,3538611,8049660,11528485,7788448,9429130,8900571,11035063,5759887,5745828,4271453,4253832,3050723,3503694,4893698,7239626
286,000800,2018-01-26,0.0418445772843723,0.032450896669513174,0.21975387270482738,40324.0,259851.62991820512,2843,151266222,181437069,1227933,1127148,13704663,12928590,17777207,16275412,28655699,24643457,16302111,18831336,11441099,12394900,10882327,11086218,51275183,84150008
287,000801,2018-01-26,0.015432098765431945,0.012345679012345512,0.13066286105974068,18144.0,164721.53838552872,2467,75820303,62797761,2187908,1335796,13113324,8892717,13236967,9242574,15183776,12367828,7866007,7464854,4804982,5174510,3582336,2525827,15845003,15793655
288,000802,2018-01-26,0.008739985433357633,-0.002184996358339464,0.3966614963629905,13920.0,57063.971211700446,1198,22922940,18655934,1162813,949880,5741337,5349996,4629318,5830385,5234251,5054800,3111405,1470873,699965,0,426116,0,1917735,0
289,000803,2018-01-26,0.060287081339712945,0.027272727272727337,1.8074940667368553,6348.0,18941.158438288316,133,720156,672197,118730,144528,442701,250674,52975,67712,105750,209283,0,0,0,0,0,0,0,0
290,000806,2018-01-26,0.006607929515418665,0.007709251101321701,0.19378726398797108,21045.0,393629.9576353016,2201,89465390,172406826,993076,1886021,10371887,11099387,7088963,8191970,9619171,8468196,8067647,11335382,9076229,7468457,8250309,11820549,35998108,112136864
291,000809,2018-01-26,0.005464480874316946,0.008196721311475308,0.20125845806362716,6273.0,50896.13078200823,330,4439779,3851945,367943,203234,1491807,1072255,850402,567820,1072011,1290296,289616,273060,368000,0,0,445280,0,0
292,000810,2018-01-26,0.012499999999999956,0.023611111111111027,0.20711519132921866,11760.0,101083.48721013941,1210,14982409,29718013,1181925,904334,4222342,5478039,3258100,7710513,2984164,5763346,2676713,2276340,659165,311250,0,887148,0,6387043
293,000811,2018-01-26,0.003726708074534013,0.00248447204968949,0.3340406120509982,13955.0,190512.39188688353,580,17296626,15443946,560915,522843,2191453,2298300,2282091,2110097,2902528,4139665,497550,2140315,318377,1336761,1215952,0,7327760,2895965
294,000813,2018-01-26,-0.013392857142857206,-0.01562500000000011,0.36932577842907865,8860.0,76474.08027305691,588,13547880,5468867,749442,733899,2273029,1782622,3012766,974132,1870420,971561,945751,676401,1064399,330252,871728,0,2760345,0
295,000815,2018-01-26,0.019159456118664986,0.024721878862793423,0.5050411090112163,16850.0,112540.09025602847,1029,19145053,25219931,650248,868330,5917729,4341756,5183780,3893097,3544677,3280266,221000,3182009,1674769,2411097,0,845020,1952850,6398356
296,000816,2018-01-26,-0.010135135135135087,-0.0033783783783782884,0.09019995048374427,5880.0,100557.18496975987,1081,16994604,11642530,1198117,1008109,3929559,2712909,2396092,1338008,3351029,1578724,1861599,2229642,681420,1091868,472000,0,3104788,1683270
297,000818,2018-01-26,-0.014173228346456623,-0.017322834645669194,0.35848363256531685,15024.0,156188.18718275218,1255,45893129,29995501,706195,1234232,4023550,5348995,6113474,5145074,7693608,5358649,5391687,3412419,5769070,1806771,2246160,1401253,13949385,6288108
298,000819,2018-01-26,-0.01653611836379454,-0.00870322019147085,0.45120841886664165,5760.0,31382.0684886626,648,6317280,4586629,536622,617570,2621883,2214756,906029,936226,1591644,818077,239400,0,0,0,421702,0,0,0
299,000820,2018-01-26,0.07470588235294118,0.0388235294117647,0.3157457501731743,51011.0,269836.0661203887,2901,165573374,198636099,1139573,1063824,13801339,11568893,17942144,16375252,31593733,32492818,23009578,22402615,17551132,24624669,12389743,18277877,48146132,71830151
300,000821,2018-01-26,0.03251318101933198,0.02987697715289972,0.3283621074127316,17490.0,87268.79162875935,1201,18029897,32506269,829651,760181,5694706,5376199,4058031,9109148,4375779,6449172,1200952,3656618,694718,1674313,469680,1296352,706380,4184286
301,000822,2018-01-26,0.012806830309498585,0.01067235859124871,0.19153700281075242,12174.0,86620.55747471905,2396,48606949,46356091,1843572,2362237,10449984,10963976,9074573,9928516,8926543,10314471,4553047,4585239,2837684,1361479,926052,3120658,9995494,3719515
302,000823,2018-01-26,-0.01031746031746028,-0.0071428571428571175,0.2972162828509505,25050.0,207059.96227296992,1798,65709053,34510109,636676,1566777,10905371,9431294,11123384,7631318,7615895,6499551,5209241,2735604,3467002,3155627,2217966,821146,24533518,2668792
303,000825,2018-01-26,-0.005597014925373234,-0.003731343283582156,0.10429935037737312,26725.0,299684.519702982,2650,167132220,124449162,1607680,1218887,9499341,8834369,18779073,11211819,25040590,17511063,12048400,13712877,12220250,8449391,6085391,9094913,81851495,54415843
304,000826,2018-01-26,-0.015812776723592714,-0.007273877292852671,0.8775840489603497,18759.0,160289.07262501318,1298,44799237,28737358,1107340,1236373,5679264,6674590,6659548,4414492,8802645,3885884,4678225,702993,2377891,1947278,2260949,437920,13233375,9437828
305,000828,2018-01-26,0.013157894736842035,0.012280701754385781,0.3974569262408931,10327.5,63466.18796029164,822,12001611,15150323,414551,1134954,2360348,3378980,2658404,2063340,3901408,2522742,1221924,3262024,996108,1785857,448868,446976,0,555450
306,000829,2018-01-26,-0.00650054171180936,-0.0010834236186348933,0.3091496467560716,4590.0,41544.50941025946,891,8212049,6594413,1429662,694439,2757695,2218380,1210183,1625519,1191441,897141,1623068,0,0,0,0,458500,0,700434
307,000830,2018-01-26,-0.00850259801606057,-0.014643363249882024,0.368019416683604,85280.0,481251.3872454276,3314,425679730,348939681,647339,634296,10772908,11931388,18070456,19080418,33638662,45510319,34066366,39357436,27482245,26793891,21822388,25421815,279179366,180210118
308,000831,2018-01-26,-0.016792611251049472,-0.015113350125944613,0.2861597859387082,21114.0,148396.2169318193,1733,58357132,35516188,1076674,1128876,8910261,9167919,8575246,6007803,11583516,9352216,4584678,4010340,3141015,2702122,2149537,439076,18336205,2707836
309,000833,2018-01-26,0.0,0.004285714285714226,0.2570511827717962,8436.0,44140.40473375391,741,8733289,8346179,787704,855812,2761339,3057571,1911455,1829159,1581651,1033571,1199040,839130,0,730936,492100,0,0,0
310,000835,2018-01-26,0.0,0.0036540803897684437,0.32284603044589316,9858.0,37135.72637848917,646,9291209,5920051,782415,653752,2796149,2849344,2433135,796099,2863823,972782,415687,0,0,648074,0,0,0,0
311,000836,2018-01-26,-0.0077071290944122905,0.0,0.1078463953079687,16448.0,112414.80793349183,2325,56158935,47697214,1804094,1541470,10714744,10626287,11267692,8427900,13150745,11134486,8815215,4894915,2701346,2260426,1808837,2196531,5896262,6615199
312,000837,2018-01-26,-0.009787928221859588,-0.006525285481239762,0.26050386880534826,9760.0,49772.29694985962,553,8611635,5761853,626611,515139,2572531,1960937,2316760,1159460,1469405,464968,686318,1234349,0,0,940010,427000,0,0
313,000838,2018-01-26,0.009868421052631415,0.00493421052631593,0.17188180896476044,12160.0,86079.96289901766,1252,21716973,22614017,1208922,1104822,5908207,4786985,5077482,2926585,3604509,4006772,664899,1121676,1412101,2843160,955912,3399740,2884941,2424277
314,000839,2018-01-26,-0.01119820828667406,-0.01007838745800671,0.16655488784603684,28512.0,179154.27220912624,2878,153088906,87790261,2255636,1521464,15831545,11628406,20946185,12343306,26275600,18159438,16985994,9996749,11132476,5892955,11739206,5442591,47922264,22805352
315,000848,2018-01-26,0.003898635477582957,0.0029239766081869956,0.27401092816410366,8026.0,63442.64892345652,1403,18776956,18398033,1083226,1404469,3978988,4863021,5189325,2109943,4487841,3088457,2294978,1746965,774475,940410,968123,964400,0,3280368
316,000850,2018-01-26,-0.0021459227467810482,0.0,0.24567745496091362,5126.0,50626.10273165944,359,4823887,3377823,376203,371114,1097217,1362753,475459,842666,1245008,238828,512600,236262,652400,326200,465000,0,0,0
317,000851,2018-01-26,0.0194508009153318,0.0194508009153318,0.24585406932992487,21576.0,168494.79898360482,1265,39906903,51174175,996514,988214,5193549,7285481,5351900,4788469,6648003,6551546,5323345,4814106,1800132,2465985,3203792,3155890,11389668,21124484
318,000852,2018-01-26,-0.00598205383848438,-0.004985044865403632,0.25542925430829216,13965.0,68963.3710424475,1542,34362597,21125232,1816071,1673475,7651217,6734032,7949330,4064196,7975401,3206695,3289531,2268061,1749333,1033763,1780937,0,2150777,2145010
319,000856,2018-01-26,0.02098214285714306,0.029017857142857206,0.40810559737884944,50061.0,204211.315452599,3016,143380672,197451238,973275,1153496,14488830,12959411,20442247,17604551,29040237,33050681,24137384,20388117,11353091,18285951,12495415,16533700,30450193,77475331
320,000858,2018-01-26,0.01567251461988306,0.02163742690058479,1.4360390366035496,277152.0,985936.5470585156,3545,856606185,1140106411,258653,120832,3204334,5140291,10768718,18660112,41672861,43680449,51083148,51286990,44678372,52087821,37652117,53608823,667287982,915521093
321,000859,2018-01-26,-0.002358490566037652,0.002358490566037652,0.21701441020114984,5100.0,46647.818866906935,381,4736278,3003382,499024,239793,1804186,1006708,1058724,240264,540494,777507,213775,739110,0,0,0,0,620075,0
322,000860,2018-01-26,0.01189296333002976,0.005946481665014991,0.40065039321853724,4064.0,106721.42587963266,2538,29367776,44798472,552018,5515723,4175794,7400182,2741418,4710930,3603159,3961275,5129643,4777895,2073398,2811545,1640893,2664219,9451453,12956703
323,000861,2018-01-26,-0.006389776357827448,0.0,0.13697702349723895,3140.0,45784.60411512623,522,5077883,4475344,598111,458355,957524,1019893,543614,522436,1678586,1099866,676048,742084,624000,632710,0,0,0,0
324,000862,2018-01-26,-0.021052631578947323,-0.021052631578947323,0.15074712319911185,14220.0,81105.8653731663,994,20449027,6862427,510130,811858,7923369,1978527,1688253,1358079,1047736,1187941,2138262,771307,1704317,754715,1832549,0,3604411,0
325,000863,2018-01-26,0.003824091778202643,0.005736137667303964,0.19502405019980676,7920.0,88340.3559721911,719,9294687,15674402,668087,615742,2254741,2765862,943026,1795324,1911485,3057708,2320648,490770,678700,1752855,0,422400,518000,4773741
326,000868,2018-01-26,-0.019883040935672502,-0.019883040935672502,0.15861375190252677,28934.0,171054.7753648278,2911,116747131,92523830,1420625,1976186,14822251,15035584,18511324,17066827,21710262,19032616,13723299,9900166,9481403,4903625,5759939,5935013,31318028,18673813
327,000869,2018-01-26,0.01298357180710119,0.016958134605193464,0.9959846570331747,22680.0,92048.08661584299,1435,32924304,36881645,1035966,877268,9100533,7968863,5059280,7247544,6693897,8360366,3866293,4239565,2817027,2490385,1280191,2678432,3071117,3019222
328,000875,2018-01-26,0.002732240437158362,0.0,0.0977300261348251,13946.0,59639.83745600352,1407,17965728,15918323,855161,1286784,9311377,5208086,1988049,3067575,2282400,1845706,665388,1498285,389344,713504,467925,0,2006084,2298383
329,000876,2018-01-26,0.030450669914738215,0.020706455542021995,0.14933981570763202,31135.5,270772.0923469858,3028,125194521,196476414,1165985,2488083,11151567,17255365,14202253,18503601,19774708,26502630,10734187,17216763,11083750,8771235,15735029,13767064,41347042,91971673
330,000877,2018-01-26,0.01304347826086949,0.017391304347825987,0.21096758156565196,37600.0,203246.74410048654,2974,137519462,160331400,1210275,1547278,14693621,13871549,17613803,18121241,25643692,27379972,20158911,19056355,10524238,12614489,8410619,9745641,39264303,57994875
331,000880,2018-01-26,-0.0032051282051280827,0.0,0.5634782229763586,9360.0,45268.11420766352,275,3130077,2798820,333439,326314,934160,1347727,612587,876751,105056,248028,258060,0,0,0,886775,0,0,0
332,000882,2018-01-26,0.0032573289902280145,0.0032573289902280145,0.10738208511063227,5544.0,82568.22598990596,819,8602341,14842420,775214,888182,1964593,2386493,1593691,2589284,1567750,2555966,249788,435172,617924,1747667,0,1759300,1833381,2480356
333,000883,2018-01-26,-0.004184100418410108,-0.004184100418410108,0.13918905966010497,4760.0,103722.6741609501,1181,21461306,11581716,1433459,1167668,4401837,2953890,2000126,1158287,3170881,1612506,2603409,1172983,676628,695588,2378589,0,4796377,2820794
334,000885,2018-01-26,0.022261277094317355,0.02284710017574687,0.3276758131420198,36624.0,166471.7690087371,2717,122701080,121074631,1125501,1409540,12396920,13940129,14114827,19372048,21387132,24019968,17810551,18197349,15938503,7645904,4830344,9044529,35097302,27445164
335,000886,2018-01-26,0.02156334231805923,0.030997304582210283,0.2030635422614266,21880.5,199480.23363211978,1336,49552133,57144533,937285,1005100,6419388,5458466,5481520,6670160,8131250,9520382,4732798,6938168,3061095,4234268,2628831,2640728,18159966,20677261
336,000887,2018-01-26,-0.011435105774728394,-0.007432818753573378,0.5090829259093809,13944.0,106397.54861283924,1180,39203872,15611532,1332246,670557,6266943,4084756,4753762,3083761,7886623,3441787,4068737,902427,2788852,1037308,2147374,1358911,9959335,1032025
337,000888,2018-01-26,-0.0066225165562914245,-0.0009460737937558861,0.448752204852356,5255.0,49634.050656790256,554,8042105,4217456,408408,590868,2163260,1520989,965540,802008,2433059,689221,488624,246870,1047204,367500,0,0,536010,0
338,000889,2018-01-26,0.008661417322834764,-0.0023622047244094,0.5374248531269947,7584.0,100634.04119646981,558,10321661,8825193,540296,450397,1279564,2495626,1169407,826344,1085237,656576,806997,756200,756600,1486150,841680,0,3841880,2153900
339,000890,2018-01-26,0.007407407407407307,-0.00592592592592589,0.3410295411715455,11407.0,55934.18993891807,391,8777845,3932357,273027,301102,1568389,1415005,1744517,1319304,1805663,896946,2718749,0,667500,0,0,0,0,0
340,000892,2018-01-26,0.0036496350364962904,0.0,0.3816703765143531,8189.0,55629.43583182555,463,7051160,4035783,616384,349267,2187722,1351719,1350290,939064,1147900,997548,218386,0,303478,398185,409000,0,818000,0
341,000893,2018-01-26,0.0,0.0,0.25871587592790446,15740.0,268002.90366442356,875,20344065,30801182,714665,712702,6525147,2767694,4115885,2347235,3186315,2094039,2472296,1973142,1750477,2143734,0,497783,1579280,18264853
342,000895,2018-01-26,0.019016864011481838,0.013275923932543954,0.5016594040870079,39368.0,165616.11244091758,3088,142952712,130761136,1247253,984812,22406795,15755138,21648142,18545521,28549983,23044593,13140601,19140859,11761287,10513882,4854993,6685864,39343658,36090467
343,000897,2018-01-26,0.005479452054794498,0.010958904109588996,0.11422393172199426,7400.0,50247.23321604239,1023,11839680,12686458,1105130,860706,3300191,4525047,2090070,2132534,2327588,2378257,1224110,1647891,753361,739093,487966,402930,551264,0
344,000898,2018-01-26,-0.00974930362116988,-0.005571030640668551,0.14051390006186842,29967.0,265576.89106342837,2616,147315929,134687553,1224572,1829820,9136830,13149787,10337271,15562698,14711367,19528060,13088255,16351723,12548813,12845323,9223749,6753075,77045072,48667067
345,000899,2018-01-26,-0.018835616438356073,-0.003424657534246478,0.2559471879465596,7026.0,58264.46960698981,520,11681130,3967701,815725,346978,2562035,788893,2311488,707270,2982820,793416,2070502,918719,383760,0,0,412425,554800,0
346,000901,2018-01-26,-0.009930915371329951,-0.003454231433506094,0.5978916711987957,20848.5,113644.43897164387,1500,46477472,25470864,1049657,1145177,8724746,7210527,7033779,5179216,9794646,4731664,6542994,1226900,1422696,1043521,1292619,956818,10616335,3977041
347,000902,2018-01-26,-0.011144883485308954,-0.007092198581560183,0.27461725192304254,5928.0,63610.86029346697,1293,12452793,8150756,1005515,3515475,2720655,2486627,1228989,517041,1448326,828229,1180662,803384,696353,0,424018,0,3748275,0
348,000903,2018-01-26,0.0029069767441860517,0.0029069767441860517,0.14694939362715578,6545.5,92265.66773822597,548,8449069,5639108,636763,357971,1710868,2048942,1758921,299510,1239099,842365,717068,0,0,0,0,0,2386350,2090320
349,000905,2018-01-26,0.007407407407407307,0.008333333333333304,0.3271154159141328,15210.5,91048.99456590744,1090,18144211,26199264,962123,737742,4349396,5705163,4199842,5306931,3164185,5322190,3075969,2055970,973286,1352498,837835,858972,581575,4859798
350,000906,2018-01-26,-0.01187648456057,-0.009501187648456089,0.2202227432476128,15084.0,84205.68130771031,1463,34220033,21138426,1342459,1076599,7990698,5587023,7529402,5867756,7398831,5054009,3455299,994993,1317141,359268,401157,0,4785046,2198778
351,000908,2018-01-26,-0.01317957166392092,-0.0032948929159802853,0.254784015894525,6070.0,78612.14772011757,567,9956904,5014152,548334,536458,1531586,1963696,1160734,815157,2371645,375277,272634,405779,926180,0,490859,0,2654932,917785
352,000909,2018-01-26,-0.01146131805157602,-0.006685768863419317,0.4541209277776348,9324.0,62920.7637868759,531,9157083,6537496,405956,513655,1729861,1755479,1486274,879547,2722786,1479172,1062976,422737,617055,966906,468855,0,663320,520000
353,000910,2018-01-26,0.011726647796198808,-0.0008087343307723316,0.7308351292369027,14649.0,179303.15606577933,1146,37024299,37318201,951243,950508,4031532,4401374,3655261,2919220,5227143,5727287,6574462,5548059,1762084,2112269,2822213,1488488,12000361,14170996
354,000911,2018-01-26,-0.0010964912280702066,0.0010964912280704286,0.387878592808883,7312.0,45558.33866477195,552,7253866,5106147,648359,564886,2187581,1719469,1135254,1052084,1534906,1239923,1292266,209535,0,320250,455500,0,0,0
355,000913,2018-01-26,-0.012513601741022895,-0.008705114254624613,0.9758705170172903,10019.0,67459.31164958398,354,5165060,4108682,381133,364237,1539368,1530796,1391194,646401,567158,908423,0,0,378708,0,0,0,907499,658825
356,000915,2018-01-26,0.00111358574610243,0.006681514476614581,0.6266995097639017,16221.0,109766.18493540019,1848,39859109,53460577,1065339,1689953,7259397,9519275,6141600,10084239,6515655,10829175,2911235,7916940,2766043,3478924,1718685,3367500,11481155,6574571
357,000917,2018-01-26,0.017241379310344973,0.008045977011494232,0.22640014406625156,17640.0,146634.8714008228,1477,44672651,42146912,1466254,1148104,8304470,6434765,5850928,4337017,6598683,8407942,5170008,5396693,2421098,2770969,2189352,1338049,12671858,12313373
358,000918,2018-01-26,0.004037685060565233,0.004037685060565233,0.17862263076458418,20115.0,147036.16526618914,1732,52140903,43485305,1277600,1418922,7543522,9067523,8711357,7165104,11072005,8733135,5638931,5041152,5773524,2103761,1886224,0,10237740,9955708
359,000919,2018-01-26,-0.008695652173913104,-0.008695652173913104,0.3762765639676015,9572.0,68419.3225340728,597,11982706,7083600,552706,736315,2127437,2485327,2352338,1521826,3414814,1847197,940435,492935,388025,0,0,0,2206951,0
360,000920,2018-01-26,0.005170630816959676,0.0031023784901758056,0.4241185102126111,13617.0,49942.64374151272,519,8547812,7101666,607056,510571,2669554,2278861,2655516,1532493,1899449,1364844,716237,795096,0,0,0,0,0,619801
361,000921,2018-01-26,-0.002629848783694988,0.0013149243918475495,0.3397082603186418,18252.0,102286.00530063082,2005,51757644,55009407,1184195,1532122,7842953,10881184,9120487,9081815,11235057,10586974,3568247,6799630,3290122,5298038,4804502,5458639,10712081,5371005
362,000922,2018-01-26,-0.0027247956403269047,-0.0027247956403269047,0.22850643950895888,12166.0,146967.56642397633,1032,19702879,29260138,473281,1641363,3570132,4891269,3913567,3532742,3289608,3741842,2084186,1721569,2175969,1716512,1311558,863067,2884578,11151774
363,000923,2018-01-26,-0.012004801920768249,-0.011204481792716936,0.6040008986079447,24770.0,89233.99657625616,1712,49002341,34982345,1291783,1346294,9850367,9418374,9693757,7646105,8187144,6616641,7244184,3854596,3071042,1661495,2647975,2211577,7016089,2227263
364,000925,2018-01-26,0.005718370264474526,0.008577555396711789,0.5201052273665392,12771.0,80139.98756990895,723,13635697,10846739,618331,545757,2521035,3582435,2040245,2826831,1627360,2833366,1778606,751846,358140,306504,423900,0,4268080,0
365,000926,2018-01-26,0.020815986677768628,0.02248126561198993,0.24961272977439505,30087.0,244398.57033554796,2316,104357065,151248930,1623184,892494,9372720,10208521,10234923,11616699,16409166,21805530,13129642,17483942,10139058,10780100,6054888,8255632,37393484,70206012
366,000927,2018-01-26,0.006787330316742057,0.006787330316742057,0.15009016514317278,10644.0,86239.22895309402,868,13981081,17849224,896202,666687,3096572,4085997,2109748,3085942,2660743,3789482,2401692,1698444,1394980,999179,0,944658,1421144,2578835
367,000928,2018-01-26,-0.005970149253731294,0.004477611940298498,0.22480295296078656,13470.0,75730.78648814201,888,18645470,17798090,947250,561798,5030513,3097983,3741239,3178942,3154986,4298248,2595186,2734404,1373538,1663224,416472,427284,1386286,1836207
368,000929,2018-01-26,0.0017436791630338622,0.0017436791630338622,0.5638690254155224,9192.0,27118.16274918612,413,4143089,3484580,322429,410819,2152437,1744075,789079,757106,672144,345980,207000,226600,0,0,0,0,0,0
369,000931,2018-01-26,-0.008620689655172376,-0.005747126436781658,0.2837540184349985,8292.0,107424.7924580843,601,12530305,5197277,707987,573703,2763569,1891770,1319954,1267977,1975737,1258995,1347748,204832,0,0,0,0,4415310,0
370,000932,2018-01-26,-0.006479481641468721,-0.005399568034557101,0.20041020978963478,27390.0,227520.75533997273,2137,120136030,88714195,1751270,1360606,9715905,9363863,10563491,9445776,17735206,14343803,13817373,9212045,8124087,6536959,10744866,5539978,47683832,32911165
371,000935,2018-01-26,0.07168458781362008,0.07987711213517668,0.33636572036054835,67360.0,323585.2089774247,3377,195323714,301520512,636158,689280,12995147,14705489,22785782,27826487,36505876,45417265,29794832,31420911,18259258,25012291,14309734,16782712,60036927,139666077
372,000936,2018-01-26,0.0014388489208632116,0.0,0.1988719673540837,13214.5,94233.68382479697,1222,26264561,19344909,1170818,1013555,5516724,4840270,4391593,3164176,4221374,5804046,2889059,3474242,1349973,331380,866609,0,5858411,717240
373,000937,2018-01-26,-0.009868421052631637,-0.008223684210526327,0.1365548471450785,7845.5,108470.5060525046,1986,41888275,21440725,2670786,1568504,6800491,5950837,6057919,3702844,7017928,5384783,3345889,1645803,2689929,1014143,0,1665000,13305333,508811
374,000938,2018-01-26,-0.009490810485085821,-0.0034648990659835732,1.537382563947363,33337.5,168363.37891176358,1864,81181043,75675187,1138453,993332,9287417,8894409,11652645,10107574,14553380,12910326,9114358,9598213,6235185,6843535,2165871,3359522,27033734,22968276
375,000948,2018-01-26,-0.0019361084220715918,0.0009680542110357404,0.568746364620276,10310.0,36652.80133197833,329,3032116,3523631,216456,349399,1345461,1263486,630790,987135,485784,440150,0,483461,353625,0,0,0,0,0
376,000949,2018-01-26,0.0071428571428571175,0.004761904761904745,0.2285300471325201,7208.0,45742.80830320755,337,2779936,4708126,366501,354522,1212973,1648821,167338,965162,589232,464700,443892,485904,0,365017,0,424000,0,0
377,000951,2018-01-26,0.012478729438457403,0.005672149744753385,0.4145467986740265,17740.0,79618.47420107432,1809,35324170,41934513,1292494,1646070,7911930,9628045,8781263,7924821,8211854,8391286,3680988,3934995,1408492,4578340,1352637,862166,2684512,4968790
378,000952,2018-01-26,-0.018841591067690122,-0.01953942777390083,0.5880765975244268,8514.0,56377.96249401261,593,10182240,4803702,735461,560038,2438680,2043581,1600267,1533487,1820582,367398,1258943,299198,1073292,0,492100,0,762915,0
379,000953,2018-01-26,-0.007633587786259555,0.0,0.24085426634877105,15700.0,83766.85493908616,1067,19632896,21923742,766533,850141,5469141,4753544,3794516,3620134,4111016,5400734,2502307,2655623,350959,946027,435505,0,2202919,3697539
380,000955,2018-01-26,0.005830903790087438,0.005830903790087438,0.25461260339310804,6563.0,86556.79221929464,726,9984873,12281693,356861,868830,2917557,1708751,3160802,2226212,2488145,1713859,716508,1116267,345000,688122,0,0,0,3959652
381,000957,2018-01-26,-0.000948766603415585,-0.002846299810246644,0.29856753813321046,9441.0,79919.2044439458,1246,27211126,14373705,1040578,806024,4498667,3764741,3754079,2025009,9606187,3604986,2237930,1537574,1376699,1345336,1314220,409110,3382766,880925
382,000958,2018-01-26,0.005791505791505891,0.009652509652509744,0.1482569657473735,9946.5,99811.71912310201,1222,23401686,16807721,1195311,1053307,4794413,4034458,4958038,3401665,6351982,2480601,1584833,889260,306600,367500,1275510,406100,2934999,4174830
383,000959,2018-01-26,0.0032051282051281937,0.0064102564102563875,0.16210422311003464,11951.0,86245.99685103042,1484,17798729,31235780,1439483,887396,5648717,8878016,2344118,7216212,1485254,3229256,1109689,1161206,1592390,1035205,431875,0,3747203,8828489
384,000960,2018-01-26,0.008414239482200658,0.005825242718446644,0.2818029349811857,64370.0,702855.2923312275,3013,346907534,316763727,1521481,1012016,11282577,8987135,19150599,12869060,32097920,28460593,28726054,26760961,25073613,22620497,17736773,20789634,211318517,195263831
385,000961,2018-01-26,0.009358288770053402,0.014705882352941124,0.149980446538424,32046.0,203338.59139618734,2492,95942624,147909456,1530910,1370010,9945880,11517838,12185324,13839671,15714465,21975708,13705158,18993423,11659224,14115274,5775452,12747077,25426211,53350455
386,000962,2018-01-26,-0.0078037904124861335,-0.0078037904124861335,0.2051463682727982,17940.0,263445.7930845318,1915,56453415,71066557,1583014,1777688,8643995,9232222,7003533,8086178,8481467,9404850,4365542,7466600,3102857,5583403,2216871,4576980,21056136,24938636
387,000963,2018-01-26,0.0012683457148034982,0.0038050371444102726,1.2676330902361435,27747.5,102613.24538823485,1898,37047699,59355990,925054,914667,6208261,19327012,8464981,11984875,7508437,6833794,2883109,5323024,3795861,2739956,1317927,901390,5944069,11331272
388,000965,2018-01-26,0.001612903225806317,0.003225806451612856,0.14848344019905665,15699.5,116677.89538878322,1746,51509347,37787043,1873177,1525453,7445817,7666977,9940032,6996732,7674182,6738332,5674957,3403012,2661119,3107340,2607991,468368,13632072,7880829
389,000966,2018-01-26,-0.00520833333333337,-0.00520833333333337,0.20134670939843113,5362.0,47944.898271719314,363,5099813,1726869,766539,247401,1130548,702767,609979,262411,1417918,284490,228436,229800,383000,0,0,0,563393,0
390,000967,2018-01-26,-0.007882882882882969,-0.0022522522522524513,0.33646235382827744,15930.0,58510.34244979133,696,12258853,7288274,663787,690595,5766149,2256341,1639193,1341554,736139,1472159,1507773,473884,971644,1053741,0,0,974168,0
391,000968,2018-01-26,-0.006324666198172846,-0.00913562895291642,0.3298994695639933,8433.0,46495.58652280728,1864,23035356,14775412,1906704,1316329,9356871,6090027,3406069,3466872,3749351,1696193,1192214,808414,1319444,397032,0,435745,2104703,564800
392,000969,2018-01-26,-0.008215962441314617,-0.0035211267605632646,0.23560870623569555,5124.0,108651.67336209113,1308,24765009,13655590,787108,2430315,3466137,3940394,2032278,1563756,3530302,2119532,2899484,694958,717854,0,1339027,0,9992819,2906635
393,000970,2018-01-26,-0.009811320754717023,-0.00905660377358486,0.2946083986122766,19845.0,127569.00556249738,2023,68512645,51466617,1237130,1510849,9201109,10001606,9367562,9092944,12084473,12941863,6256805,5649516,6738933,3594530,4124272,467180,19502361,8208129
394,000971,2018-01-26,0.03331020124913264,0.052741151977793166,0.37329149727409594,20188.0,158604.5147552809,1497,45715463,48316392,964558,991266,6731245,7205577,7829800,6163062,10595185,10100019,4892393,4969596,3148167,2790952,848125,1792068,10705990,14303852
395,000972,2018-01-26,0.0,0.0,0.23186815736467858,7692.0,122173.55935640243,288,7707204,2083997,316837,246166,1143848,508834,594348,476714,706592,369559,655735,482724,651816,0,452628,0,3185400,0
396,000973,2018-01-26,-0.006535947712418277,-0.004901960784313819,0.20547546268732886,7969.0,56472.32416606998,887,14804052,9045465,1018154,920403,3376753,3053517,2863435,2033331,3109464,1937823,1003177,456678,1777028,643713,890491,0,765550,0
397,000975,2018-01-26,0.002666666666666595,0.004666666666666597,0.35686832860392037,10633.0,84884.27641533167,1768,29125546,35085599,1388046,3126254,7010501,9992099,3934129,5893387,4836980,3695215,3462278,4414301,1006313,3883297,2661046,2268406,4826253,1812640
398,000976,2018-01-26,0.0037641154328733606,-0.0012547051442910462,0.31710203585123153,9576.0,163518.73460453798,631,20505116,6982099,1661314,383177,2614141,1046017,1623467,834886,2165687,1262287,717900,239400,718300,327227,1300128,0,9704179,2889105
399,000977,2018-01-26,0.004048582995951344,0.009832272990167867,0.333246744804784,30888.0,224105.28690321802,2694,125581302,123722958,1259886,1972987,11822873,12803178,14812835,13582318,21053500,22916639,11762056,16140734,11379717,15109145,7058401,7926972,46432034,33270985
400,000978,2018-01-26,0.0,0.0,0.38497833342305154,14263.0,69994.94106565032,473,7747709,7093306,573613,364150,1870766,2653764,936167,2774754,2308691,986013,439460,0,375812,314625,0,0,1243200,0
401,000980,2018-01-26,-0.007054673721340388,-0.0017636684303350414,0.24256102633617868,11350.0,65813.35466491424,2187,37099991,17245228,2429069,1662170,14718857,7019800,4820094,3099650,3937925,3561725,1637570,697296,1670834,709903,434705,494684,7450937,0
402,000981,2018-01-26,0.015662650602409567,0.02530120481927689,0.26472586536149356,10224.0,91996.55201883464,983,18308253,16078467,1101742,768688,3424927,3736793,4124468,3851106,3603359,3437064,1187640,1443424,687652,1362960,452919,860672,3725546,617760
