,code,date,pchange_whole,pchange,change_std,amount_median,amount_std,length,sumsell,sumbuy,sell_vol_0,buy_vol_0,sell_vol_1,buy_vol_1,sell_vol_2,buy_vol_2,sell_vol_3,buy_vol_3,sell_vol_4,buy_vol_4,sell_vol_5,buy_vol_5,sell_vol_6,buy_vol_6,sell_vol_7,buy_vol_7
0,000001,2018-02-06,-0.016163035839775186,-0.007730147575544688,0.23804358973524292,297348.0,2443781.764125527,3578,1350474636,1435217026,143855,341518,4520103,5979016,12645176,15272267,38557204,38862341,48407703,55249255,39962549,52280195,40760461,48644766,1165477585,1218587668
1,000002,2018-02-06,-0.003061508488728104,-0.010576120233787956,0.6027885504621118,208978.0,1180520.376972771,3555,943888863,840402845,202506,227428,6636657,7412205,18132804,17241377,41682305,45386221,48586638,43159252,49900345,48941399,40843990,41156775,737903618,636878188
2,000004,2018-02-06,0.01851851851851838,-0.029320987654321007,1.0595160442298373,13593.5,43955.14785915702,336,5680598,3491726,397672,272664,1724982,1302973,1400778,889469,1035036,1026620,766002,0,356128,0,0,0,0,0
3,000005,2018-02-06,-0.034574468085106336,-0.0026595744680850686,0.1430904961915328,3740.0,48161.43377012138,691,9317588,3332943,612172,751680,2244901,1666596,1812856,430267,1602132,484400,259000,0,1707956,0,450740,0,627831,0
4,000008,2018-02-06,0.0,-0.0026281208935611255,0.2583812750729581,7570.0,50747.576959452424,869,12225056,7858535,876160,1074145,3111905,2373501,2058292,1862603,2279187,1342022,1896874,637752,1009718,0,465120,0,527800,568512
5,000009,2018-02-06,-0.08673469387755095,-0.017006802721088343,0.131524397875016,10647.0,125089.9695247405,2004,46946642,29391709,1666408,1942747,6827341,8654422,6283129,5521955,6581702,8328641,5969891,2293092,3210062,997138,876296,0,15531813,1653714
6,000010,2018-02-06,-0.06588235294117639,-0.03764705882352948,0.1224158456551534,5188.5,43215.008222313874,1208,13442376,8216193,1044356,1496828,4137877,3626941,2937777,1504011,2668232,1379913,893654,208500,376480,0,418000,0,966000,0
7,000011,2018-02-06,-0.04508453350031316,-0.02254226675015658,0.40858969829011244,14220.0,74328.4159629332,1529,31061643,18992291,1026277,1592900,8189503,6617656,5682145,3079916,6946344,3643668,2836866,1461524,3650635,313427,959370,442400,1770503,1840800
8,000012,2018-02-06,-0.052121212121212124,-0.0072727272727273196,0.18054603722996093,22568.0,227480.43782533397,2093,106461453,61174793,1217983,2267489,8406069,10319757,9537829,9313717,15360516,10217111,13218292,5180994,6373743,3975528,7574895,7178366,44772126,12721831
9,000014,2018-02-06,-0.07328833172613303,-0.028929604628736616,0.30904643685558797,11456.5,67050.27490762125,1130,24135897,14404533,855164,957529,5099953,3946791,5731513,3665559,5200143,2730299,2287104,1721975,708386,929376,496506,453004,3757128,0
10,000016,2018-02-06,-0.08181818181818179,-0.07878787878787874,0.14018388124060038,35424.0,354604.0609137189,2233,152030747,171460813,413202,2061819,3485267,10547416,5703476,10826489,20417055,19379950,30857781,16852515,14645313,11842733,13698927,11437051,62809726,88512840
11,000017,2018-02-06,-0.06785714285714284,-0.03392857142857131,0.28532997057195847,5450.0,29649.176625094697,385,4537569,1554439,283414,366202,1361570,813505,1319839,272990,1276846,101742,295900,0,0,0,0,0,0,0
12,000020,2018-02-06,-0.07825295723384895,-0.05368516833484982,0.40015098211550626,7297.5,45209.63282956844,756,6180112,9093523,683835,764690,2686162,2810629,1355889,1467017,799226,1651255,655000,888044,0,319095,0,498888,0,693905
13,000021,2018-02-06,-0.036114570361145626,-0.013698630136986245,0.1490365854172225,22680.0,155883.77090763164,2911,105490279,66320201,1653975,1566721,20499781,12489197,19223036,11794584,16706488,13196731,10855863,7040004,4004842,2849766,7445426,4962655,25100868,12420543
14,000023,2018-02-06,-0.06412698412698414,-0.02857142857142858,0.6118729842178424,7900.0,41593.575399099034,665,7559096,6143195,511684,739577,2840149,2316532,1691044,1201095,894448,1041696,1000785,444808,620986,399487,0,0,0,0
15,000025,2018-02-06,-0.06738868832731659,-0.0285800240673888,0.8790781003242852,9952.5,43287.327828791036,1430,20546357,15792309,1654251,2021811,6730734,5531706,4693254,3810909,3826411,2777398,2601040,736706,1040667,301041,0,0,0,612738
16,000026,2018-02-06,-0.0065420560747662115,-0.021495327102803663,0.4610444415681904,11407.0,61241.005685477925,538,11006990,4934355,376710,496934,2938412,2186016,2032389,1060114,2669367,462047,207000,222180,693690,0,1365442,0,723980,507064
17,000027,2018-02-06,-0.02086956521739136,-0.008695652173912993,0.15927506741215522,6346.0,98117.4264971193,1306,25071508,16962371,1172084,1324296,4575645,2793335,4145043,2626495,5237305,4771516,1907088,782231,1058429,1066752,402500,948868,6573414,2648878
18,000028,2018-02-06,-0.03907225691347005,-0.01926851025869758,1.534343183533331,11240.0,85154.54199886513,1337,29778609,19329596,1241817,925034,8544128,4360497,3834358,3081864,3825443,3713546,5314820,977352,1388284,946758,1336448,494460,4293311,4830085
19,000030,2018-02-06,-0.03462050599201061,-0.010652463382157085,0.20847627490683382,7400.0,61627.987773126304,1299,15230476,10769045,2073528,1286917,4331881,2498917,2981244,1576761,2205370,1366375,676590,970387,1295171,1010371,416442,421281,1250250,1638036
20,000032,2018-02-06,-0.04993757802746557,-0.02122347066167285,0.3269228770910341,5554.5,78972.73338654879,602,5916165,5522897,556257,699980,2027713,1609898,1824836,503033,902770,382225,223949,239370,380640,310284,0,0,0,1778107
21,000036,2018-02-06,-0.07249255213505468,-0.030784508440913627,0.19200283445078473,41996.0,244812.24167420092,2757,185129813,121489389,932758,1859211,10905515,13685703,16200114,18023882,29853177,26685809,20496049,14862219,16740650,6405331,12115084,6204410,77886466,33762824
22,000037,2018-02-06,0.028318584070796238,0.04955752212389375,0.23692180660257695,8520.0,92548.78611519389,570,6169769,10123557,514694,477001,2142821,2182555,1541768,1266974,1521386,1209633,449100,1465914,0,0,0,0,0,3521480
23,000038,2018-02-06,-0.0005376344086022167,-0.003225806451613078,0.701308115632558,16560.0,37118.261789299744,703,13689271,5512760,854963,427816,5167684,2577394,4050922,1433927,2969057,740263,275700,0,370945,333360,0,0,0,0
24,000039,2018-02-06,-0.07785032646911105,-0.061778001004520355,0.352513114520603,55045.0,506814.33604403335,3199,336433464,270237882,1563809,1292869,12592821,11123451,15022691,15641360,36812060,30870888,25919185,27977206,24976898,17975516,25418179,21595103,194127821,143761489
25,000040,2018-02-06,-0.00423728813559332,-0.011016949152542477,0.3773209837327246,4728.0,86100.26530621469,981,13352866,9197929,578678,1133789,3077463,2765410,1516846,1365827,1525652,1073980,437860,523824,1058611,321540,841492,875560,4316264,1137999
26,000042,2018-02-06,-0.03288201160541582,-0.014184397163120588,0.7163607780041811,9150.0,54645.74639691089,469,6030015,5858824,755699,430253,1957017,1235669,925412,1115182,1110446,1715871,972441,0,309000,672383,0,0,0,689466
27,000043,2018-02-06,-0.07367280606717219,-0.037919826652220934,0.3246809379044744,13095.0,77157.44816274257,809,20233561,11596180,734981,752043,3621185,3057118,3954472,2200648,4622646,2547249,2484063,736321,1019864,1251455,2270500,0,1525850,1051346
28,000045,2018-02-06,-0.08491761723700886,-0.03929024081115329,0.26876702830468874,9984.0,50156.89322424586,863,13031327,8568424,739702,971237,3928411,3515568,2659558,1487926,2215518,1531154,1181460,233544,1264586,320720,443820,0,598272,508275
29,000048,2018-02-06,0.06454352441613587,0.07176220806794054,0.5991444997191115,19512.0,76523.98320284292,1549,29622067,33464752,1012563,1367503,7301387,8044935,7126730,7931017,5212169,9490007,5125829,4119741,1040299,1336169,866970,0,1936120,1175380
30,000049,2018-02-06,-0.02794840294840306,0.006449631449631399,0.786182605601538,16430.0,73417.05845160283,1717,37309619,26405652,1133843,2236229,8314281,9012088,7241422,5365973,8460674,4209586,3854195,2209504,2616533,1071321,1744788,463891,3943883,1837060
31,000050,2018-02-06,-0.04767959313413861,0.0012714558169102386,0.2933962806438754,31500.0,216915.96322569525,2880,122083718,130733733,1457310,1783047,14491507,15269690,14550194,14669428,22169805,20561822,13835229,15468865,11339586,15109867,8839357,9039948,35400730,38831066
32,000055,2018-02-06,-0.06725888324873097,-0.017766497461928932,0.14836164300606489,33626.0,251419.35185701077,2830,144443912,108513075,1545888,1459651,13754442,12983043,17646304,16458054,25445852,21129347,17422041,11929158,12688880,13816103,13463325,6475554,42477180,24262165
33,000058,2018-02-06,-0.05705229793977806,-0.02852614896988903,0.23070069824200792,8610.0,51029.85531959048,748,12073000,5699457,713157,771526,3297140,1730629,3360918,1929575,2788075,507624,468280,458228,0,301875,0,0,1445430,0
34,000059,2018-02-06,-0.0419921875,-0.0185546875,0.21434537008636495,28084.0,225667.88039302145,2285,114557379,85530976,870050,1621916,8519590,11981810,11202801,12872984,15661920,13040671,14967988,9931366,8494401,7941928,7791203,4990882,47049426,23149419
35,000061,2018-02-06,-0.041358936484490294,-0.025110782865583436,0.19428610037133298,5280.0,53568.92659737595,1217,12232661,9654182,1426797,1297488,2690643,3460657,1447808,2044335,2868474,1009409,557938,440120,1299211,339503,1378535,0,563255,1062670
36,000062,2018-02-06,-0.09013282732447814,-0.06166982922201125,0.6115609988100357,13902.0,91404.15947421174,1192,25965855,18700394,811305,1020500,6107721,4814811,4833109,3092401,5635846,3342707,2489849,2135204,964124,650197,2296743,0,2827158,3644574
37,000063,2018-02-06,-0.0017543859649122862,0.017192982456140316,0.47689163051998795,208296.0,1273733.2390257062,3575,736094338,845966825,155972,271553,6042067,7746149,13744721,18698983,44304377,54737156,42409052,56922396,48883836,52635531,48056085,42624114,532498228,612330943
38,000065,2018-02-06,-0.04683544303797471,-0.016455696202531733,0.35969050588030743,11123.0,83805.87145372441,1935,39880840,31099946,1870714,2138673,7978966,8076856,7536671,4457405,7421555,7629833,4149966,3427517,3431698,1003401,2851694,1895792,4639576,2470469
39,000066,2018-02-06,-0.06033182503770729,-0.018099547511312264,0.13812622628609025,22505.0,200647.686775005,2310,91071488,72290670,1267458,1925826,9777141,11019535,11791643,11401329,17069902,15563998,9900658,6684177,7774971,6927412,5731479,2659801,27758236,16108592
40,000068,2018-02-06,-0.053763440860215006,-0.012903225806451757,0.22893889799872907,8271.0,49961.300253828296,412,6021707,3926745,375969,395077,1663055,1204961,1164239,1093376,1207041,624936,486016,200695,647487,0,477900,407700,0,0
41,000069,2018-02-06,-0.005030181086518981,0.012072434607645954,0.1752356798282718,63441.0,400734.2864637507,3229,354916227,256320239,1111615,626761,19328828,7799418,21885188,14444352,31408353,27895667,31743160,35011143,26985169,24884512,26277268,18897231,196176646,126761155
42,000070,2018-02-06,-0.045977011494252706,-0.01724137931034464,0.27797794952236415,8795.0,50661.46750895945,980,14903328,10733061,871534,1215538,4231942,4192642,2906706,2319947,1977643,2259971,2313729,416013,1454394,328950,415530,0,731850,0
43,000078,2018-02-06,-0.03749999999999998,-0.005357142857142727,0.13360268554311175,8944.0,92956.65042258463,1761,28994813,24783746,1386252,1801279,6503275,6808395,4834698,3726572,4018771,4509969,3901558,2749838,1324621,1029280,896716,0,6128922,4158413
44,000088,2018-02-06,-0.06430446194225725,-0.03149606299212604,0.2182680654630161,12208.0,93863.88628802395,1220,31375301,16220228,952819,1374120,5302496,4647198,5468955,3606863,4474042,3032672,3169088,2291535,2149669,307128,2759262,402336,7098970,558376
45,000089,2018-02-06,-0.02777777777777779,-0.007777777777777772,0.21606544782803952,17880.0,143542.19277483516,1737,61659518,40078839,1505226,1531122,8638006,7878316,7870546,6403009,9990426,6852551,6735785,2805990,4490571,2149316,3129207,2704731,19299751,9753804
46,000090,2018-02-06,-0.026600985221674867,-0.011822660098522286,0.23669446651561735,13162.0,135033.65087165468,1846,48317489,23533683,1361684,1577474,9104527,7811577,6920087,5123544,5817405,4324807,4900061,2299093,4396579,775519,1741282,429345,14075864,1192324
47,000096,2018-02-06,-0.0051132213294375894,-0.0021913805697588717,0.6788352182323647,9078.0,22197.034325959947,406,3967747,2783870,465740,361443,2066852,1254863,1051454,1030764,383701,136800,0,0,0,0,0,0,0,0
48,000099,2018-02-06,-0.07926829268292679,-0.03658536585365846,0.2381986734258971,8130.0,59969.69406439976,1188,21135220,9706882,1125276,1381750,5504266,3989117,3400815,2416012,3889082,1203075,2641542,716928,382320,0,488032,0,3703887,0
49,000100,2018-02-06,-0.023323615160349864,-0.008746355685131268,0.0635474999938358,20580.0,253350.38869321352,2943,139828210,91125778,2208669,1911951,14805504,12856078,16709091,10681333,19493693,14934129,9017990,8007040,8981439,7235992,3160753,6033522,65451071,29465733
50,000150,2018-02-06,0.011148648648648507,-0.00878378378378386,1.2709837704156914,26280.0,104134.24339842488,547,16993344,13718256,518718,279488,2947083,1874762,4532319,2467347,4228670,3438440,1452424,1726272,683820,0,435000,418770,2195310,3513177
51,000151,2018-02-06,-0.08658420551855373,-0.06089438629876309,0.2971225844677139,12480.5,63300.521427848485,1254,24171120,19124657,807963,1534038,5327905,5803782,5805848,3523255,5374856,3626602,2675079,1843005,2113483,1409149,829645,854354,1236341,530472
52,000153,2018-02-06,-0.04225352112676051,-0.016901408450704092,0.30850913209248837,7100.0,25410.66367774579,529,6704265,2496569,518368,667571,2970865,1354482,2020455,474516,942577,0,252000,0,0,0,0,0,0,0
53,000155,2018-02-06,0.0018050541516245744,0.032490974729241895,0.12778322868142847,17100.0,99853.39631973581,1886,41461382,39534684,1305996,1473039,7998442,8711518,10165385,7373517,9436630,9197080,6376034,3710927,3060805,1672315,0,1817180,3118090,5579108
54,000157,2018-02-06,-0.01839080459770115,-0.0045977011494251485,0.08905432652561038,15120.0,213745.4798242789,2399,93533552,58084065,1694401,1645840,12071783,9370097,9001827,8804782,11755350,11943399,8378608,6703334,1724051,4009339,7730605,2771481,41176927,12835793
55,000158,2018-02-06,-0.02789400278940035,-0.02231520223152028,0.1754262634621942,10635.0,57740.167043453315,1673,31172591,19801644,1396261,1468138,7859732,5923932,6714109,5598611,5654160,3192118,3712513,2654965,1442832,963880,2620448,0,1772536,0
56,000159,2018-02-06,-0.04535147392290251,-0.01814058956916098,0.15205181365398387,6062.0,40263.93282193875,842,9841203,6026654,974419,1059861,2943041,2577445,1490125,1343257,1926209,839731,957585,206360,690360,0,859464,0,0,0
57,000166,2018-02-06,0.0037664783427495685,0.009416195856873921,0.11477089346073405,17814.0,232040.54039897208,2148,88289961,85067102,1197631,1503137,8556034,8819900,8601345,11430975,12952266,11088824,7662776,8766494,5625154,4541225,4748929,2532440,38945826,36384107
58,000301,2018-02-06,0.019503546099290947,0.03546099290780136,0.13371031165178984,15768.0,89190.91486073418,1783,38422166,42520223,1546365,1360420,7244707,7219157,7513258,8052144,7429312,11776537,5198901,5691172,1026924,5135755,1845695,2158990,6617004,1126048
59,000333,2018-02-06,-0.0035906642728905647,-0.012567324955116699,0.928518265451679,531560.0,1872208.6283865497,3601,1992129355,1658629676,10103,0,1584035,1582361,7818399,5313869,35842867,21588116,61350360,30478292,70631178,43686216,61307703,53996627,1753584710,1501984195
60,000338,2018-02-06,-0.020361990950226172,-0.013574660633484115,0.15166649778273614,63000.0,441287.2330452578,3409,354179490,245256421,961013,656075,17428713,11604897,27658044,17802883,43148723,32957286,32161205,24326126,21573092,18810939,26253846,19988166,184994854,119110049
61,000400,2018-02-06,-0.0401785714285714,-0.022321428571428603,0.2235894168880991,11035.0,126880.35987728485,2516,55663142,33963047,1366623,3172668,10046204,10519366,6670467,6241725,8152962,7078801,4352299,2619993,3022731,1108168,831305,431118,21220551,2791208
62,000401,2018-02-06,-0.07142857142857151,-0.0087301587301587,0.24540150237635486,27269.0,236987.02305572186,2640,117828399,94411106,1337761,1480989,13085553,11368825,14348048,13833777,25968086,18738508,13896938,12564093,13217519,6032241,6311548,7615070,29662946,22777603
63,000402,2018-02-06,-0.023851590106007015,-0.015017667844522964,0.2202464733955053,33570.0,341819.5617071997,2646,222223849,91426839,1687910,959656,14403307,8617064,18417286,9469654,28644407,13740949,16931754,9821326,14661868,12762938,16523694,7948547,110953623,28106705
64,000403,2018-02-06,-0.025783972125435484,-0.0202090592334494,1.4467861665275996,19558.0,53658.33184483046,393,8674662,5000704,296490,233479,2853303,1379102,1353264,1114695,2598975,1786766,725430,486662,336000,0,0,0,511200,0
65,000404,2018-02-06,-0.046904315196998114,-0.009380863039399556,0.21216049116237967,6384.0,56632.517764198456,631,11239721,5647770,446067,707762,2418629,1235985,2000340,1223866,1707557,1693157,1765823,787000,1986035,0,406545,0,508725,0
66,000407,2018-02-06,-0.03181818181818186,-0.015151515151515138,0.21803533531375024,8502.0,85482.49447672935,918,20513903,10634236,523180,953809,3072374,2987156,2970451,2591553,4622606,2280298,2365174,219780,3741168,956640,859510,0,2359440,645000
67,000408,2018-02-06,-0.041640770665009263,-0.01864512119328776,0.428149181699534,27378.5,859942.1405109781,1414,196292164,45850395,860814,1010950,7162170,6298522,9107847,4999069,10691606,5740307,7147064,3540829,6697493,3756019,5549941,2674521,149075229,17830178
68,000409,2018-02-06,0.007421150278293043,0.04452690166975892,0.15069479512455644,10036.5,50987.340633738815,1288,16697683,16938265,1070491,1242227,4713789,5486396,3434098,3495482,3921270,4163392,1632868,1414287,347576,672481,961570,464000,616021,0
69,000410,2018-02-06,-0.016094420600858417,-0.016094420600858417,0.231619869412936,14672.0,131667.37490892137,1621,32708386,47924244,841331,2289619,4718538,9794926,4832805,7408207,6390537,8274366,5745286,4181802,377199,3207972,2741172,1402093,7061518,11365259
70,000411,2018-02-06,-0.03196590303676072,-0.026105487480021283,1.1498319024145562,7231.0,63298.20080797621,266,4048127,1981423,388785,217735,954051,549034,993667,541928,793624,672726,0,0,0,0,0,0,918000,0
71,000413,2018-02-06,-0.03205128205128205,-0.0064102564102563875,0.1418694116428067,31488.0,171406.02237712583,3029,140677441,111325802,1556587,1806470,14831628,15063900,17557669,20555841,21541823,22973328,18337001,11311918,13040416,7138252,8878052,9816194,44934265,22659899
72,000416,2018-02-06,-0.08793103448275863,-0.06379310344827593,0.1683109351664039,12926.0,59331.736977160384,1193,19936734,13668264,585127,1221196,6805387,4993167,2801474,2786408,3162569,2554729,1502785,1292718,2769674,0,1771718,0,538000,820046
73,000417,2018-02-06,-0.0662162162162162,-0.04189189189189191,0.20852268463702475,7832.0,67845.36058917567,1261,18346878,17576561,710768,1497929,5261784,4311365,2964098,3315067,3466818,3283576,937163,1975179,1740616,1409745,1307356,0,1958275,1783700
74,000418,2018-02-06,-0.014310747663551449,-0.007593457943925408,1.5338626986495907,13705.0,136722.82169310807,2002,63472677,33420564,3630525,777622,12077022,5781917,9002347,5669330,9228603,6156341,5001377,4419527,4055692,3342474,3961638,1362229,16515473,5911124
75,000419,2018-02-06,-0.056140350877193046,-0.03157894736842115,0.1977960807776684,3432.0,52628.68856649917,832,9840546,7467622,690629,654720,2492231,1685730,2319064,1157429,2142034,1137455,478389,1460328,329840,360750,1388359,461760,0,549450
76,000420,2018-02-06,-0.0068728522336769515,0.0,0.11249319080405619,5238.0,41852.40177999289,670,7928012,4472167,613049,656434,2512673,1538967,1941605,796105,1755075,892916,491100,277830,0,309915,0,0,614510,0
77,000421,2018-02-06,-0.056261343012704135,-0.03266787658802173,0.2368110229130296,5885.0,37920.620843212404,541,7056459,3453488,470630,615169,1802636,1738845,2003793,766714,1952215,332760,297550,0,0,0,0,0,529635,0
78,000422,2018-02-06,0.02405498281786933,0.03436426116838476,0.07122135402967725,10150.0,67316.69673837771,1682,26891374,24509074,1267924,1585932,7136894,6997835,4493386,5014782,5343995,3904605,5050749,1754376,1058606,958276,0,467478,2539820,3825790
79,000423,2018-02-06,-0.011075441412520037,-0.008828250401284099,1.1935989846469188,55377.0,336406.42952562094,2725,235085290,155012860,810309,1097279,10492926,13929043,17018960,19184276,25333358,27431274,21614610,17890252,21142245,11511242,11501417,10675893,127171465,53293601
80,000425,2018-02-06,-0.020000000000000018,-0.0022222222222221255,0.07861943086961545,45854.0,378689.3576860291,3298,245971442,205852204,1245378,1734046,13507821,15024329,19503702,22443210,32969388,28799097,20821427,23135354,18237603,16842106,19172194,12941691,120513929,84932371
81,000426,2018-02-06,0.0,0.021477663230240474,0.20964037165581462,60051.5,426793.9138990878,3098,269951934,286246917,1061516,1151290,11699562,11158169,17729376,15337522,32037288,35634995,26790078,23649791,26889184,18357378,21796470,19477798,131948460,161479974
82,000428,2018-02-06,-0.01388888888888895,0.0,0.1666115794372611,5505.0,44648.77406438973,467,5877576,3966595,350706,386041,1311264,1322588,1618189,1236367,1231947,1021599,214800,0,664864,0,485806,0,0,0
83,000429,2018-02-06,-0.01602959309494434,-0.013563501849568338,0.21064995195950154,6472.0,107470.43194455141,1485,34110909,18800492,1372043,1385288,4969451,4490526,4082342,2956663,3744814,1989971,2930269,713450,3179565,605473,5376789,3084011,8455636,3575110
84,000430,2018-02-06,-0.05061728395061715,-0.01975308641975304,0.36308800699758176,8100.0,47615.498492066035,497,6278067,4270523,561708,618106,2573767,1471791,1531181,473327,819505,375939,791906,243000,0,373410,0,0,0,714950
85,000488,2018-02-06,-0.021052631578947323,0.007894736842105177,0.32946177835930907,108357.0,697722.1980614649,3331,470115446,417947087,639010,927367,10377553,10157515,19042891,18308345,38283024,39467719,38018556,35687165,34614275,32468986,35236637,36353583,293903500,244576407
86,000498,2018-02-06,-0.02564102564102566,-0.009049773755656076,0.20888136888775896,7265.5,51022.76807608367,1008,16630944,9004946,896828,1163864,3812998,2969833,3000680,2352250,4990046,1051578,1928494,1056661,1351898,0,0,410760,650000,0
87,000501,2018-02-06,-0.027946537059538312,-0.009720534629404587,0.3575331516900041,11445.0,176648.64275454206,2121,57844673,34465610,2561894,2213442,9664630,8348473,6823646,4635755,6686448,6401015,5942096,2643850,4098481,3144447,2303704,1401436,19763774,5677192
88,000502,2018-02-06,-0.06989247311827962,-0.021505376344086113,0.48654590031867245,9180.0,147555.74028542414,365,5860392,5024236,342064,405771,1621166,911642,880568,422028,1511269,0,496348,719198,1008977,725599,0,0,0,1839998
89,000504,2018-02-06,-0.015197568389057836,-0.0169344333478072,0.9169720187066104,17944.0,139128.30458423137,633,21480708,19925639,561585,361721,2654383,1658502,2555114,1804934,3744204,3499961,4773652,2541826,1426069,2103417,1424852,473970,4340849,7481308
90,000505,2018-02-06,-0.03924050632911402,-0.021518987341772156,0.17203070862355505,16728.5,154810.53458270812,2118,59315129,50388268,1570634,1718137,10169892,9201631,11567092,8228787,7112528,9450436,6962314,2721077,4755204,7036441,884968,1782624,16292497,10249135
91,000506,2018-02-06,-0.004297994269340966,-0.008595988538682042,0.2701005208627676,4188.0,68125.26938548831,669,8327170,9280238,390387,772548,1652824,2186068,2074820,1058974,1427873,980976,704084,443315,1042177,1723922,471965,417240,563040,1697195
92,000507,2018-02-06,-0.08482142857142871,-0.056919642857143016,0.1689991765944877,24011.0,130290.41457468187,2817,93018687,78964205,1425603,2590647,11496014,17208579,13107048,14443071,19701494,15690796,11224723,9414317,8035303,3361716,4857936,3629236,23170566,12625843
93,000510,2018-02-06,-0.08676470588235297,-0.06029411764705883,0.1945358340075981,11556.0,152227.699510843,1227,30870056,20532435,712126,1521103,3875137,5435230,4487200,3937559,6170116,3325971,1668606,1456275,2339412,1677945,949067,441098,10668392,2737254
94,000513,2018-02-06,-0.052676905411224384,-0.022247739342615147,1.3173781922657846,48369.0,240310.0665701044,2801,189474251,133187454,909257,1168107,13035293,13229213,19560774,17307806,32115586,26739432,20802003,17359424,12945321,12734972,12846859,6550530,77259158,38097970
95,000514,2018-02-06,-0.04738562091503273,-0.004901960784313819,0.19253223150531057,6721.0,47472.86611456154,1011,13118798,6543039,1083943,1085121,4147012,2961992,2823005,1261608,2145221,413416,255731,212628,753396,608274,0,0,1910490,0
96,000517,2018-02-06,-0.023255813953488302,0.020930232558139528,0.0848115533285453,20010.0,214274.7305954027,2591,85171458,84884040,1825305,1708708,11786863,12393389,13369533,11403565,14247751,12681774,7484178,9025651,5548704,5479126,6252593,4858485,24656531,27333342
97,000518,2018-02-06,-0.06589785831960471,-0.054365733113673764,0.23262348116234677,5900.0,28623.744967113482,681,6775430,3923010,543258,930478,2290982,1830074,1867752,486155,1578511,676303,494927,0,0,0,0,0,0,0
98,000519,2018-02-06,-0.06125166444740349,-0.015978695073235683,0.15272635379951052,10458.0,54799.05984027369,2427,37675889,24837617,4159081,1873597,13202949,8386884,6930101,4784445,6990970,3538923,1387357,1771391,1092842,2117580,839355,853887,3073234,1510910
99,000520,2018-02-06,-0.04672897196261683,0.0031152647975078995,0.09732017153982359,4860.0,62817.70816556318,1091,13162987,11076147,1132079,1142088,3690692,2733320,2098146,1677693,3121237,1357642,897726,523749,1694663,1371641,0,0,528444,2270014
100,000521,2018-02-06,-0.03588516746411474,-0.0167464114832534,0.13913797236859046,8260.0,85724.65035239633,905,19628505,9061463,741568,918815,2495941,3596319,2534439,1548331,4205997,1350638,2744199,208500,1425207,0,1750757,411000,3730397,1027860
101,000523,2018-02-06,-0.06142857142857139,-0.019999999999999907,0.2758547588154183,10327.5,61402.814929644795,644,10077836,8302222,413917,726845,2726657,2575170,1789568,1758331,1902572,1417100,779628,759788,709614,1064988,0,0,1755880,0
102,000524,2018-02-06,-0.08640776699029129,-0.06504854368932034,0.34832075526301753,8856.0,29398.46738624519,886,10071051,5513711,910385,946448,5048442,2515013,2583478,1468067,994072,584183,224994,0,309680,0,0,0,0,0
103,000525,2018-02-06,-0.022421524663677084,-0.014349775784753382,0.533798632089359,19449.0,112131.41123314903,1749,49833348,33074226,1330681,1020927,10201628,6657048,7923744,7143236,9714614,6104762,8320899,2940916,3013197,2014629,2640874,1892666,6687711,5300042
104,000526,2018-02-06,-0.023051591657519133,-0.01756311745334782,1.4600200889844452,13670.0,71503.52670633394,351,8482149,3342131,255175,254978,1536501,1352780,1423871,497417,2056857,505376,1538540,0,730125,0,409750,0,531330,731580
105,000528,2018-02-06,0.014134275618374437,0.036513545347467646,0.15696090210054164,38275.0,194456.32688421334,2936,124334729,152492687,1484505,1451628,12646512,12585995,20276269,17607587,28410833,27246819,11836458,21001117,9335855,9853717,8104844,10146044,32239453,52599780
106,000529,2018-02-06,-0.06833333333333336,-0.018333333333333424,0.26810585053045194,8288.0,38673.37278749598,501,7270270,2940143,419245,505303,2279579,1424597,1774684,351703,1240244,434306,1244007,224234,312511,0,0,0,0,0
107,000530,2018-02-06,-0.042553191489361764,-0.010638297872340385,0.15252575037957986,8930.0,65731.91800824064,951,17561820,9475528,666873,1267556,3859977,3432611,3171470,1600221,2958004,1487586,3459940,525092,1001900,688636,1348050,473826,1095606,0
108,000531,2018-02-06,-0.04915730337078661,-0.0351123595505618,0.2717895018487659,7524.0,57473.79356757767,686,11146401,6330412,581623,924015,2721044,2122039,1713771,1856624,2033336,539792,736210,524586,1346350,363356,893298,0,1120769,0
109,000532,2018-02-06,-0.07547169811320753,-0.027805362462760774,0.29398655775695415,11176.0,55656.95400772631,1177,22060837,13063266,1068338,1079679,5774141,4246979,4479701,2881729,6256936,3100987,2713473,0,394965,0,861500,457178,511783,1296714
110,000536,2018-02-06,-0.051980198019802026,-0.00990099009900991,0.12675364356435273,8090.0,63949.898048862335,1018,17515586,10897684,554177,881377,4711460,2598990,2930728,2417769,2735928,2053978,2083977,1616921,1277991,0,845887,1328649,2375438,0
111,000537,2018-02-06,-0.08012618296529961,-0.028391167192428957,0.31513258157922647,44138.0,338182.27467236173,2539,154768960,143269694,818234,1674318,8484056,12589719,13491107,16271917,27166317,24477864,14242247,11580932,15871580,11560954,7372229,8671134,67323190,56442856
112,000538,2018-02-06,0.00452679229392583,0.01179071481208549,1.9207043746557761,37906.0,370833.3834866262,2448,165644055,189602920,2177690,2625506,10289043,12318690,11442244,12205096,16182919,22220268,11694996,11314807,6526694,10345148,11793129,10876113,95537340,107697292
113,000539,2018-02-06,-0.017021276595744705,-0.004255319148936287,0.12977355001415808,1880.0,22734.625641611372,1315,5299770,5435411,450745,2043287,2913277,1420469,1278628,868093,657120,304666,0,0,0,370256,0,428640,0,0
114,000541,2018-02-06,-0.05948372615039277,-0.024691358024691468,0.19177949482040177,13215.0,106767.7460107412,2163,59133409,33869244,1782607,2244257,9747796,8705726,9474527,6686629,10447058,6441564,6806589,2831092,2083991,2034637,2293958,901259,16496883,4024080
115,000543,2018-02-06,-0.039094650205761416,-0.012345679012345734,0.1332968918905045,9620.0,107217.42960576122,1331,30371631,17028675,1763303,1034693,5741742,4181580,4344095,3527733,2898393,1480612,3360566,2421721,4453640,1383772,1843976,991532,5965916,2007032
116,000544,2018-02-06,0.06239600665557399,0.006655574043261225,0.44289650923005824,7128.0,54346.27085656744,737,7610668,8412488,708076,828675,2883118,2319483,1727631,620874,1776573,1043781,515270,695573,0,666378,0,411085,0,1826639
117,000545,2018-02-06,-0.022471910112359716,-0.004494382022471988,0.1306557376242567,8860.0,79142.90713341905,1162,21120280,13142331,981660,1372099,4988009,4159463,3841063,2457262,3142553,1940563,1854728,1020898,1301185,0,442000,0,4569082,2192046
118,000546,2018-02-06,-0.021428571428571463,-0.02571428571428569,0.4502896652264122,12447.0,117174.32029119282,969,28670259,10333360,749636,911958,4717940,3100024,6507569,1477731,2884087,1789926,3266184,1108616,1032162,0,1332421,1262005,8180260,683100
119,000548,2018-02-06,-0.04538087520259326,-0.017828200972447417,0.20423816445310297,9075.0,83861.42888385466,913,15201516,8090200,780682,1053290,4492854,3137484,2414494,1535219,2272446,1113534,1203798,0,969602,307111,0,943562,3067640,0
120,000550,2018-02-06,-0.015499732763228136,-0.003206841261357729,0.4971076796428183,18600.0,143667.88365910086,1417,45372192,26838604,1213392,1279669,7268245,6527614,6721247,4408588,9159868,5689074,5591286,1353378,3525262,1047770,1299912,0,10592980,6532511
121,000551,2018-02-06,-0.08452722063037255,-0.0386819484240688,0.2653834510950884,10072.5,53469.29589594568,692,11088614,7154217,495406,755829,2792350,2658661,2602355,1834289,2690414,1041391,692795,235451,717884,0,426070,0,671340,628596
122,000552,2018-02-06,-0.05134474327628358,-0.02933985330073341,0.07377596492522522,34252.0,645790.0524601841,3106,204908389,223510386,1463188,1750163,13984015,14874074,14194905,15343799,21127768,23299999,20147881,24178304,12168140,14830067,11656992,14523837,110165500,114710143
123,000553,2018-02-06,0.002855103497501954,0.023554603854389677,0.3374160178879353,14500.0,81408.84607953533,1731,34302558,27026752,1648404,1278088,8771283,7959049,6404149,6698681,7447508,6842728,3790799,1101985,1718074,955057,2164206,0,2358135,2191164
124,000554,2018-02-06,-0.08640226628895176,-0.06373937677053809,0.18562848446723335,11232.0,101202.92159768421,1449,34662368,19722983,1001898,1970864,6093227,6103846,5194345,3162244,5479018,4083757,3268676,2382416,2400744,983608,1849147,422448,9375313,613800
125,000555,2018-02-06,-0.06832298136645965,-0.011387163561076497,0.26419256336155095,9500.0,34805.71864642442,1338,16251416,12078879,1647918,1434785,5603643,4939536,3885074,3088324,3364919,2171476,1749862,444758,0,0,0,0,0,0
126,000557,2018-02-06,-0.06635071090047384,-0.04739336492891,0.13209777672836565,8020.0,58126.048926075826,1024,15830860,9367597,1031384,1178420,3810245,4107159,2238994,1627690,2783620,717672,2260258,708329,1125538,0,806000,446476,1774821,581851
127,000559,2018-02-06,0.004469273743016755,-0.0022346368715083775,0.21561372946522256,13387.5,107321.87187674778,1726,44472152,31797264,1526702,1828446,7824571,6906416,7850808,4751495,6617042,7230225,6225001,5100377,2460881,3386511,1796373,441234,10170774,2152560
128,000560,2018-02-06,-0.04528301886792452,-0.021383647798742134,0.2354579764595972,10794.0,85930.09285490909,1143,27748900,15913049,1070035,1121747,5320880,3997204,4228561,2698306,4477200,1952223,2656434,2239600,4562559,690110,1357900,1416701,4075331,1797158
129,000561,2018-02-06,-0.07737226277372256,-0.03795620437956204,0.23082092918705316,6540.0,32866.79786566199,882,8766817,4616255,805518,1325237,3652292,1723837,915687,1030676,1600882,536505,932678,0,387260,0,472500,0,0,0
130,000563,2018-02-06,-0.012499999999999956,0.012499999999999956,0.09718198251373564,8452.5,106890.58381562539,1702,36985232,22077469,1696683,1720990,7068245,6398320,5234117,3879409,4053828,4147397,3789852,1641780,1075862,1398926,2152251,407836,11914394,2482811
131,000565,2018-02-06,-0.06721311475409819,-0.021311475409836023,0.2303624170059372,6030.0,38510.47422597111,701,8921746,4577593,379286,752932,2436075,1945302,1904733,1340804,2297126,236953,1186926,0,717600,301602,0,0,0,0
132,000567,2018-02-06,-0.05840336134453783,-0.04159663865546226,0.6740686931685216,9316.0,340974.95858386834,1253,24896424,27699219,1576644,1317582,4635867,4419580,3004102,2850053,4014432,3167008,2677829,2141983,2242552,359380,410508,0,6334490,13443633
133,000568,2018-02-06,0.0353023418385181,0.03617616218105568,1.0382408093248336,70194.0,462217.8408737141,3044,302664746,293427676,768705,557944,14726056,8803423,18612051,15440109,34960639,28184203,26072455,25032843,27222350,21050070,17415940,17438480,162886550,176920604
134,000570,2018-02-06,-0.05439330543933063,-0.01673640167364021,0.21157211849676552,2880.0,32769.04442872448,511,3887899,2200150,337699,600537,1762705,806813,278865,605200,515180,187600,485448,0,0,0,0,0,508002,0
135,000571,2018-02-06,-0.051181102362204633,-0.017716535433070835,0.13111268031318693,4064.0,57440.4053813084,1505,20557154,10067360,1273659,1059732,5408096,2791538,3998753,2286656,2978329,1762462,3532371,738243,399249,388938,0,485759,2966697,554032
136,000572,2018-02-06,-0.008522727272727182,0.014204545454545414,0.09871713108729623,6811.5,74283.85640458549,1276,18909479,17147966,1247274,1233247,3758829,4094082,3301606,2178818,4836848,2646411,2165855,2266295,1137503,2462209,466455,851846,1995109,1415058
137,000573,2018-02-06,-0.018058690744921058,0.018058690744920947,0.17895436165849643,8920.0,56096.80444153953,613,9666348,6226513,740800,558875,3092171,1734581,1429650,897528,1599744,1173036,1326318,877743,977928,308250,499737,0,0,676500
138,000576,2018-02-06,0.010807736063708884,0.019340159271900026,0.6040651529190904,17970.0,174199.42682107887,848,22382947,52228088,575297,615822,3692413,2772837,3664845,1876126,6272392,4647625,2175170,8386554,1719043,6275365,864588,6096766,3419199,21556993
139,000581,2018-02-06,-0.03665338645418337,-0.012350597609561809,0.46800667605338314,37792.5,248681.78423115626,2880,189544105,102768665,1112100,1006217,18704472,11361472,18018036,16677452,26489930,23090732,24277069,14189921,12672458,7566337,4512672,2620782,83757368,26255752
140,000582,2018-02-06,-0.06642941874258601,-0.04033214709371291,0.23496214552020186,12397.0,54688.81131483207,1288,24779809,14461125,899763,1562420,6364079,5586313,5483275,3600925,5223507,2365003,2792582,980602,1476027,365862,1383392,0,1157184,0
141,000585,2018-02-06,-0.03975535168195721,-0.01834862385321101,0.09502969218569839,4452.0,31566.16114343625,1189,11418003,6018154,1379160,1157752,4007910,2460289,2235266,1401169,2251716,722496,779929,276448,354522,0,409500,0,0,0
142,000587,2018-02-06,0.005908419497784312,0.002954209748892156,0.16234036647977212,13440.0,161017.34810705265,1744,39444404,85323265,1547659,1315786,5609797,5998758,6274750,5449287,6012858,7579152,3132305,8271288,3046088,10461273,2711390,4977044,11109557,41270677
143,000589,2018-02-06,-0.0337349397590363,-0.01686746987951815,0.15973931850531733,4140.0,47249.22270229577,675,9800768,4835640,688508,588868,2451348,1971071,1664140,659319,2151975,1003989,1368179,214347,656734,398046,819884,0,0,0
144,000590,2018-02-06,-0.03960396039603953,-0.058505850585058417,0.530469211840559,10053.0,40948.661802128845,440,6226737,4123975,286363,296787,1410066,1733558,1819757,947994,1671298,890436,661392,255200,377861,0,0,0,0,0
145,000591,2018-02-06,-0.027722772277227636,-0.003960396039603853,0.13704576413893862,8964.0,57224.491855956774,1360,25000413,12975298,1083791,1355507,6064945,3554137,5142113,3138637,5196940,3244590,3151158,703637,1844254,0,1866914,432694,650298,546096
146,000592,2018-02-06,0.050970873786407855,-0.02669902912621369,0.09275085272504913,12752.0,87615.05135791823,1986,47133912,30886051,1399938,2008991,7890115,9007553,7115427,6296198,8554509,6600611,6463973,3701709,3896419,768624,4018482,1289935,7795049,1212430
147,000593,2018-02-06,-0.07163742690058483,-0.042397660818713434,0.2182100062608659,6790.0,50152.330609413526,986,12622445,8733872,616353,1424261,3319590,3657281,2541888,1640864,2231066,1331031,1050700,680435,1936008,0,0,0,926840,0
148,000595,2018-02-06,-0.004830917874396046,-0.004830917874396046,0.13598027169239024,8240.0,62944.77687781574,928,12806089,10158027,539209,1153835,3589999,3744646,2983973,1875230,1938332,1763116,2382177,0,0,1028766,0,0,1372399,592434
149,000596,2018-02-06,0.03619756427604881,0.04448579161028432,1.1614208479410586,55242.0,245680.63488825655,2595,171555160,165073964,1178240,829345,12710236,9672329,13864914,17725533,28057673,23360355,29116014,18935600,16243003,20217409,14011071,8188846,56374009,66144547
150,000597,2018-02-06,-0.0596858638743456,-0.047120418848167644,0.25480784777607984,11388.0,117916.96907619573,1407,32804454,24385695,1413170,1548753,6024736,5690449,5844347,3721018,6523171,3076832,2890732,2178648,733578,1013904,2768073,880344,6606647,6275747
151,000598,2018-02-06,-0.045544554455445474,-0.015841584158415856,0.11177771392766302,9940.0,127507.12780999052,2048,48923407,32128275,1133522,3072924,8498285,7840157,5078723,5243327,5933033,4838596,6676591,3631687,2366573,1298091,3619907,1343186,15616773,4860307
152,000599,2018-02-06,-0.03264604810996574,-0.015463917525773141,0.2020728196585751,5805.0,73593.19661903994,830,14574580,7073922,806226,895581,2439693,2259184,2103346,1169386,1926419,349813,2191322,1151829,1037330,680651,862916,0,3207328,567478
153,000600,2018-02-06,-0.06980273141122917,-0.009104704097116834,0.16414904032432606,9787.5,71205.69395487568,1614,29399090,21059243,1329753,2086643,6919878,6086759,6071061,2779594,5420038,4575374,4117020,1101769,2683705,1043660,0,409860,2857635,2975584
154,000601,2018-02-06,-0.03221083455344065,-0.019033674963396807,0.30474134316425106,6770.0,231622.52389578577,502,15463738,5027868,394252,445467,1667417,1195045,1842384,1199123,1924062,677076,951866,437857,0,333000,404140,0,8279617,740300
155,000603,2018-02-06,-0.042780748663101664,-0.009167303284950301,0.3256814845260128,26140.0,169171.65953207668,1621,63269518,45486924,575473,1023550,9048065,7471540,9278303,6770153,13319223,10095417,8328434,4501386,5134082,3630111,876002,1648945,16709936,10345822
156,000605,2018-02-06,-0.09372937293729378,-0.0435643564356436,0.4590661402798275,11512.0,39298.12250920298,1090,14078694,11678128,762474,1352619,5268316,4738223,3537088,2144445,2553673,2042716,1311769,1053190,645374,346935,0,0,0,0
157,000607,2018-02-06,-0.04999999999999993,-0.017307692307692246,0.2086674674314043,5676.0,39991.17648611487,621,8137246,3842862,676642,463034,2306918,1392057,1932365,759939,1794506,614232,706985,254500,719830,359100,0,0,0,0
158,000608,2018-02-06,-0.06259097525473067,-0.02183406113537123,0.15111287876296378,20832.0,135699.96651076936,2075,75802973,48619459,1602598,1320129,10640411,8199406,10567498,8775113,16765490,12479379,8077160,3965471,5470362,3370835,4570030,2510372,18109424,7998754
159,000609,2018-02-06,-0.028402366863905182,0.00591715976331364,0.3247032604431856,10146.0,63521.927962447764,678,11432524,7882364,645977,685879,3421220,2255275,1841044,1556196,2593827,1064899,891369,790066,612372,1028120,0,0,1426715,501929
160,000610,2018-02-06,0.0,0.009090909090909038,0.5862035298283903,8286.5,46293.150526340665,352,4489040,4879682,223545,273642,1194128,1229753,1009113,1355613,838720,1558503,921034,462171,302500,0,0,0,0,0
161,000611,2018-02-06,-0.09830508474576272,-0.0661016949152543,0.25984587159907196,11100.0,44211.59025093036,517,6977705,5588235,351148,366927,2652684,2075805,1281727,1210337,1651875,1380060,220000,227856,335616,327250,484655,0,0,0
162,000612,2018-02-06,-0.007936507936507908,0.022486772486772555,0.17581720246848764,6975.0,63668.86706299709,1854,22896383,16621326,1440813,2068019,7682102,5444848,4864420,3823146,4313921,2252034,1652312,1294479,312000,0,1299485,0,1331330,1738800
163,000615,2018-02-06,-0.08152173913043481,-0.04239130434782601,0.18425452848220014,20448.5,89708.33168587719,2498,70744169,51570574,1672480,2076676,12658131,12880220,13664210,10135783,16382191,13756656,7696043,4571935,5472770,3122575,2194474,813179,11003870,4213550
164,000617,2018-02-06,-0.052023121387283267,-0.025289017341040387,0.48155334065080074,9541.0,77573.41564440865,828,18320657,8962492,651581,799102,3579060,2586703,2293694,1598761,3131046,2444966,1607547,213616,1734244,0,2210800,1319344,3112685,0
165,000619,2018-02-06,-0.05270270270270283,-0.04054054054054068,0.3021665747379893,6868.5,53742.95385442777,600,9025435,4594042,547468,807864,2206134,1032490,2603677,797371,1857988,886840,437348,1069477,0,0,0,0,1372820,0
166,000620,2018-02-06,0.023972602739726234,0.018835616438356295,0.19852299674941906,6501.0,39205.5685718569,867,9737254,9577912,1075907,505701,3500152,1746942,2481848,5472748,1271564,1067385,711953,481440,695830,303696,0,0,0,0
167,000622,2018-02-06,-0.08333333333333337,-0.04761904761904767,0.1804466895940935,4890.0,27557.338691571764,544,5257327,2949100,497555,564973,1969884,1447686,1607222,639045,643988,297396,203813,0,334865,0,0,0,0,0
168,000623,2018-02-06,-0.017202354006337628,0.0009053870529651675,0.4705734125079028,33090.0,237696.92518438297,2204,143244564,89479952,1056023,1150361,11443414,9278796,11119401,10607699,22235818,14196131,13088587,11347762,12630068,8283024,11138225,7154164,60533028,27462015
169,000625,2018-02-06,0.003968253968253954,0.0023809523809523725,0.2591849731648093,23864.0,243238.1484334483,2365,117741744,99656535,1103529,1507909,10929471,11444919,12723515,10432561,14530661,12029744,7840286,10085717,9983553,5549727,6140699,1863766,54490030,46742192
170,000626,2018-02-06,-0.039272030651340994,-0.0019157088122604415,0.333745301511072,8480.0,39368.52262925724,980,9202746,9099301,915635,1042270,4028212,3745174,1276491,1747276,801271,1662738,738593,901843,0,0,404448,0,1038096,0
171,000627,2018-02-06,-0.013513513513513598,-0.013513513513513598,0.1653031459393904,11664.0,84619.06581191078,2008,44789394,33473879,1612388,2538448,8561710,7287709,8300576,6814662,8876811,7465576,6225509,3201452,3812891,2823093,1310759,1393720,6088750,1949219
172,000628,2018-02-06,-0.0794117647058824,-0.045588235294117596,0.24212974714564103,8100.0,33175.75459812532,790,9350482,5625952,663494,952816,3790071,2982582,2057500,832303,1663452,858251,528800,0,647165,0,0,0,0,0
173,000630,2018-02-06,-0.024137931034482696,-0.006896551724137945,0.05357460348864386,34848.0,380940.64004007116,2970,237811507,182226626,1495976,1577936,12299422,11572533,16802371,15355336,32105409,23707704,19374995,17394702,12780834,11633158,13034347,9127061,129918153,91858196
174,000631,2018-02-06,-0.03827751196172258,-0.014354066985645786,0.09883448228440433,7470.0,75475.90121051564,1797,32267841,17914533,1231444,1525404,8544804,6890830,3882823,2198990,3396408,2936485,4609577,2215735,1950605,1039270,1726427,409849,6925753,697970
175,000632,2018-02-06,0.025490196078431504,0.019607843137255054,0.2117504195751444,9747.0,29581.49115309039,580,5352135,4822442,568591,378860,2584858,2192050,1161711,993161,828975,423371,208000,520000,0,315000,0,0,0,0
176,000633,2018-02-06,-0.07909604519774005,-0.0610169491525423,0.3167746256396736,17750.0,233616.24038051692,796,18759747,39650370,488747,810271,2241938,3781969,3360301,4268187,4183076,6547092,881277,6254459,983680,2480166,431025,2149395,6189703,13358831
177,000635,2018-02-06,-0.09236641221374042,-0.046564885496183206,0.43774023091400055,9089.5,30931.195195660708,896,9719603,8567582,738770,1063902,3827060,3696144,2787709,1928652,1352123,1878884,1013941,0,0,0,0,0,0,0
178,000636,2018-02-06,-0.006979062811565129,0.019940179461615193,0.1960983928102214,24264.0,236582.50459029162,2624,110146421,102701437,1533774,1275918,12451695,10731831,13322967,11621173,20971277,16144547,13090919,11833237,9383765,7458370,8744589,3632779,30647435,40003582
179,000637,2018-02-06,-0.02840909090909094,-0.013257575757575801,0.2224771194993424,6192.0,25568.284857681985,563,6271720,3156002,383113,528705,2791151,1650676,1770130,472518,1327326,504103,0,0,0,0,0,0,0,0
180,000639,2018-02-06,-0.013788575180564755,-0.011818778726198298,0.4480136509881431,10531.5,55884.6069627267,1156,18310508,12863166,1520008,718194,6530535,3036812,3630075,2746734,3851268,3276215,514344,505015,722310,1309538,426730,490406,1115238,780252
181,000650,2018-02-06,-0.05432595573440635,-0.022132796780684028,0.1577945108387387,7425.0,66385.0947342089,993,16958391,10483943,1085541,1233056,4485776,2875053,2783658,1222707,3335088,2346161,1309636,725058,707241,692706,2227883,1389202,1023568,0
182,000651,2018-02-06,0.023567733282238157,0.016095037363479614,0.8709134374358546,548808.0,2506176.007029248,3594,1772092641,1918715268,21130,21110,1467938,878966,5820727,6097291,28730092,31431914,40395690,43917291,54497569,57460618,50105048,56860736,1591054447,1722047342
183,000652,2018-02-06,-0.045454545454545525,-0.01363636363636378,0.1310190828003708,6146.0,74032.1112657624,1131,20170911,8465132,1430529,1165082,3812410,3462419,3012972,1209926,3871514,1638191,2586555,237600,724381,751914,883493,0,3849057,0
184,000655,2018-02-06,-0.055118110236220486,-0.013779527559055205,0.1424172650005687,5010.0,37090.29296478337,1275,12567738,7402867,1043473,1477507,4265200,3306198,2979875,1589528,1892655,1029634,471662,0,359970,0,844403,0,710500,0
185,000656,2018-02-06,-0.03512014787430695,-0.01848428835489846,0.10660223334715649,29735.0,432034.25880329986,2591,199419212,168824876,1498239,1350370,11990956,9469486,11146528,10887553,16819786,20357724,12085805,17696009,10218097,11645419,8904836,7193638,126754965,90224677
186,000657,2018-02-06,-0.07548770144189987,-0.031382527565733565,0.3487323258910399,11840.0,62676.88362378796,1145,21011416,13827189,778531,968774,6027373,4880586,4720002,1944500,3230656,2913937,3486294,1144662,681000,1426090,442975,0,1644585,548640
187,000659,2018-02-06,-0.031331592689295085,-0.026109660574412552,0.13342869201935006,14791.0,187822.53758909044,826,36333903,17616556,485928,723577,3379337,3994852,3743039,1644329,5868653,2791549,2252001,2221166,3224923,679296,1319434,440076,16060588,5121711
188,000661,2018-02-06,0.003109452736318463,0.00534825870646749,3.6779773504206794,48405.0,249704.39747100644,1919,80250226,113117206,12740,15303,10625332,18179533,9052307,13984400,11932261,14595348,7045541,8839340,7414706,10808579,5437819,5032502,28729520,41662201
189,000665,2018-02-06,-0.030818278427205192,-0.013815090329436841,0.32736629793183114,8469.0,111640.52705790846,826,15296739,7037266,1348505,625359,2891912,2530063,2282186,1188248,2432045,871278,1546750,495339,0,0,459999,1326979,4335342,0
190,000666,2018-02-06,-0.043004587155963336,-0.02580275229357809,0.39492155668164974,17215.0,131280.98471180713,1954,48902082,37860883,918998,2021118,8224873,10819517,8423433,7247838,9744709,5424859,3628266,2289123,1672549,3561802,1875771,432264,14413483,6064362
191,000667,2018-02-06,-0.02931596091205202,-0.013029315960912058,0.08311234082255879,7550.0,152358.25254847726,1371,34830279,18928928,961463,1600476,4554775,6655160,3577987,2135960,4408863,1924349,2302680,1419359,1669210,1017502,2739546,900336,14615755,3275786
192,000668,2018-02-06,-0.10035587188612105,-0.04626334519572961,0.9182821419317759,9467.5,61677.78160807414,234,3439275,3460422,161425,277651,999271,579810,1031187,238526,678092,524849,200750,716358,368550,667000,0,456228,0,0
193,000669,2018-02-06,0.031088082901554293,0.007772020725388629,0.3428652899723487,11630.0,96256.14991474185,1142,27544973,17947840,820714,795068,5017846,4166812,4841543,2745640,5654788,2415805,3993670,2345295,3228013,1005222,452796,0,3535603,4473998
194,000670,2018-02-06,-0.08219178082191791,-0.029680365296803624,0.09854355122507785,8904.0,58035.88375184318,1985,29654801,22326421,1941826,1861162,8841378,6977595,6862105,6355234,4520903,3684427,2251267,1210550,701567,1046891,901761,480699,3633994,709863
195,000671,2018-02-06,-0.06559139784946244,-0.05053763440860226,0.16154914385446303,68967.0,623545.9951356279,3327,315908651,444720986,750774,1494632,8734350,15752394,15457797,22802881,28229355,47835480,25409282,33690485,23104093,23113797,18792130,25179831,195430870,274851486
196,000672,2018-02-06,-0.04801829268292679,-0.01676829268292679,0.22645958460891544,61920.0,382536.04243331356,3369,270323994,209250359,1018549,835937,13217783,14289520,24528514,22161641,42356766,36340480,36474936,24890126,23162211,17425096,20150948,14789975,109414287,78517584
197,000676,2018-02-06,-0.028021015761821366,0.003502626970227851,0.3112125834518351,13608.0,77839.94844846983,1350,28090408,21873411,1145356,860307,7896865,5115561,5427678,3856008,4972875,4908808,2701658,2547843,1341086,1341314,912164,477000,3692726,2766570
198,000677,2018-02-06,-0.05810397553516822,-0.042813455657492394,0.13513980714597415,5652.0,35358.411233817285,586,6362550,4395167,416134,616993,2348384,1459527,1445955,1243356,1902437,641291,249640,0,0,0,0,434000,0,0
199,000678,2018-02-06,-0.04047217537942649,-0.00843170320404718,0.25124797119890335,5900.0,26624.505770460804,557,5643209,2917105,615406,482346,2746401,1471767,1098817,660547,768091,0,414494,0,0,302445,0,0,0,0
200,000679,2018-02-06,-0.05405405405405406,-0.020270270270270285,0.2717866714932925,7020.0,25512.80091477674,474,4766368,2986123,370479,552684,1918551,1549386,1360368,633245,1116970,0,0,250808,0,0,0,0,0,0
201,000680,2018-02-06,-0.040632054176072185,-0.015801354401805745,0.12014863965622426,6132.0,82187.25146410461,1363,19744381,12619433,1140632,1794383,4434989,4085832,3587244,2257143,2477571,917090,2500026,715189,732648,327672,1376882,445000,3494389,2077124
202,000681,2018-02-06,0.12565445026178002,0.1439790575916231,0.37032078920773626,63026.5,756276.5065582851,2670,352466688,168495652,1344232,451311,14471783,6122095,18790027,11813378,31804762,21446974,36722272,15607099,19145011,13592354,23810862,9477796,206377739,89984645
203,000682,2018-02-06,-0.07964601769911495,-0.03761061946902655,0.15198606680442242,5759.0,52723.47368414574,888,14783386,5307024,1041469,933722,3824148,2056770,1610705,593189,2450374,721987,3794201,206699,766019,386507,1296470,408150,0,0
204,000683,2018-02-06,-0.03214285714285714,-0.014285714285714346,0.06891662004697974,9590.0,140065.0846947554,1663,43239248,22507700,1000552,1764081,7929701,6056566,4252527,3689959,4453373,4819689,2816542,2461876,1396010,654360,2203154,0,19187389,3061169
205,000685,2018-02-06,-0.020771513353115667,-0.007912957467853587,0.24778286406198993,13168.5,170669.68326205626,1666,55771479,23116963,1329650,1228660,7350379,8065741,5840946,3565549,7936347,3492277,4924313,1224151,3639374,1243741,2843612,846865,21906858,3449979
206,000686,2018-02-06,-0.024647887323943518,-0.0011737089201877549,0.19236212212707424,18787.0,166429.3128316198,1966,80873332,59204650,1514199,1725169,9155625,7162625,11398376,5958013,12146086,7054319,11184285,8377813,5931561,4562377,8738120,5650946,20805080,18713388
207,000687,2018-02-06,0.016666666666666607,0.005555555555555536,0.2670690597651987,11064.0,73360.09535693825,1136,22089056,15422281,1079855,1102523,5158926,4510638,3776944,3539368,5775168,1874890,2237026,923661,1765048,374625,1395089,1329214,901000,1767362
208,000690,2018-02-06,-0.04059040590405916,-0.0184501845018451,0.22202218598795692,21060.0,235924.41288722426,1342,78474574,30027296,967119,1086900,7858344,4535672,8591688,4310494,9565805,4260036,6175975,2908323,5206991,1048035,4030629,2442279,36078023,9435557
209,000691,2018-02-06,-0.01449275362318847,-0.004347826086956608,0.46046657022277915,11568.5,88810.86344796451,224,4853550,3304365,152931,150556,991800,491282,475242,727313,1216627,716919,552230,495438,394400,722857,0,0,1070320,0
210,000692,2018-02-06,-0.08629441624365475,-0.025380710659898553,0.15243690034417204,1965.0,35747.285286482045,669,5470541,3357227,417197,507426,1837814,1459477,886203,583590,1311885,559144,432442,247590,0,0,0,0,585000,0
211,000695,2018-02-06,-0.027413587604290912,-0.00715137067938032,0.522545789627488,8340.0,26663.59650680567,257,2615340,1469761,366711,152984,1495843,969842,317994,246255,102300,100680,0,0,332492,0,0,0,0,0
212,000697,2018-02-06,-0.04994686503719459,-0.02444208289054206,0.4676443423503214,22212.0,138224.13627888443,1622,64907863,47349523,1261913,1034513,7055049,6761458,8033129,7574619,13072856,10892710,7256781,6902187,8613930,1052677,4019144,3541433,15595061,9589926
213,000698,2018-02-06,-0.02898550724637672,-0.010869565217391242,0.20742466204433743,10940.0,70918.81917042781,708,14441397,8945049,474651,745656,3063970,2635557,2447903,1511814,4212346,1435741,1282243,710054,0,1062268,445500,843959,2514784,0
214,000700,2018-02-06,-0.050200803212851364,-0.028112449799196915,0.17362385962191354,9291.0,65453.61040545694,823,16091254,8664303,638169,1084697,3205044,3031498,2499705,1464162,3477076,1428639,1637337,446456,2034205,327361,984168,881490,1615550,0
215,000701,2018-02-06,-0.05368289637952561,-0.024968789013732895,0.2251326209572409,7800.0,46694.966022092034,1268,16207803,11489103,1406146,1158164,5046719,4113867,2648890,2826690,3685075,1473243,1496878,1143252,794000,773887,445600,0,684495,0
216,000702,2018-02-06,-0.08769230769230774,-0.05999999999999994,0.1654821325035125,11552.0,37767.66384043736,1547,20335116,14682007,1586304,1509722,8028328,5968261,4881986,3508191,3871792,2021592,1449341,1164737,0,0,0,0,517365,509504
217,000705,2018-02-06,-0.04022988505747127,-0.02011494252873558,0.27387371211382183,7634.0,65338.06751303672,646,9533716,5387770,504981,611308,2901725,2480117,2213408,907445,1167056,643524,1370546,0,0,341000,0,404376,1376000,0
218,000707,2018-02-06,-0.037135278514588865,-0.013262599469495928,0.11612570688064056,8118.0,110730.66272141211,1058,12660401,15607414,870624,1136305,3918237,3938525,2747317,2141298,3243610,2551471,731040,1137579,683968,380358,465605,445656,0,3876222
219,000708,2018-02-06,-0.0386266094420602,-0.012875536480686733,0.307392663879766,16541.0,110947.31063973665,1440,37963117,32005918,699531,1193080,6855358,6904763,5584813,5328123,8700042,4800128,3831046,4781616,2360701,2901082,1790890,1324052,8140736,4773074
220,000709,2018-02-06,-0.01970443349753681,-0.004926108374384119,0.07459742994389411,34030.0,545768.5021299775,2983,240162666,215650560,1764130,1488612,14226414,10867142,16344131,13616949,22396226,19315059,23343697,17256796,10932319,10712480,16153209,10163271,135002540,132230251
221,000710,2018-02-06,0.032955444239388454,0.05061956235170051,0.8840600778959752,20440.0,103220.33333946492,1850,44460076,48146909,1266215,1477116,8855939,9784648,8826481,8792183,7275981,10563900,7130494,3867545,3484035,2462866,2623787,3088437,4997144,8110214
222,000711,2018-02-06,-0.022435897435897578,-0.011217948717948789,0.4478994050074839,12450.0,62588.960027986344,776,13063554,11267929,543134,800469,3634172,3141915,2858063,1934189,2551934,1952026,1713711,1880600,341940,629470,0,929260,1420600,0
223,000712,2018-02-06,-0.05192878338278939,-0.016320474777448135,0.3123956371321206,19890.0,158875.96669877248,1871,61691651,53024538,831176,1753415,7289595,8395318,8844465,8093343,10418240,10743211,8667756,8159391,3670084,3930098,1295394,3431729,20674941,8518033
224,000713,2018-02-06,-0.06176961602671116,-0.028380634390651083,0.20602497525311558,5930.0,45006.49041516333,846,9036685,6208059,967831,738266,3458568,1925802,1706498,1589948,1192013,757011,245114,0,300736,700252,0,496780,1165925,0
225,000715,2018-02-06,-0.04393063583815038,-0.04161849710982668,0.48509606932200405,8310.0,40646.822533015635,318,4562468,2405743,432483,342487,1361506,768377,1302649,451532,680336,550826,785494,292521,0,0,0,0,0,0
226,000716,2018-02-06,0.004065040650406582,-0.018292682926829285,0.1465288862280055,4347.0,40958.699264383904,1129,11819387,6154133,1122969,1222390,3525769,2524246,2163058,851287,1790494,622340,1226518,533328,1074080,0,916499,400542,0,0
227,000717,2018-02-06,-0.057644110275689275,-0.007518796992481258,0.140692829482382,61103.0,708324.6382360848,3227,387599781,300172893,1023812,1415835,11473091,14143643,19364472,21327398,31800479,30929632,31845313,22181321,23960476,16132650,27980982,23231894,240151156,170810520
228,000718,2018-02-06,-0.040632054176072185,-0.022573363431151128,0.11072773074139845,9592.0,114797.96864029042,1607,36184234,24145252,1234488,1764146,7089679,6088187,5894166,4306975,5230275,3570487,2803093,1905721,1452410,1039872,1722097,3112569,10758026,2357295
229,000719,2018-02-06,-0.03926096997690531,-0.024249422632794504,0.3177071281664618,7596.0,46901.25579098729,743,10097314,4018233,688450,534076,4757712,1725184,1544384,722461,1378606,799910,422474,236602,332128,0,0,0,973560,0
230,000720,2018-02-06,-0.016091954022988353,0.01839080459770126,0.14110192695786394,8800.0,50630.17726764633,952,11027618,11351768,1005468,851873,4568988,3211338,2411561,1925631,2353462,1858559,688139,962539,0,310100,0,424256,0,1807472
231,000721,2018-02-06,-0.0688172043010753,-0.04086021505376347,0.155088140610508,5562.0,34475.47379549666,900,12214538,4658488,766194,965343,4336777,1487218,2557856,850537,3445809,1133390,1107902,222000,0,0,0,0,0,0
232,000722,2018-02-06,-0.05028571428571427,-0.02857142857142858,0.36052960660973704,9344.5,62010.21246122191,590,8285738,5946890,539633,698061,2599411,2255816,1566170,1165207,1364300,1405181,0,422625,0,0,437235,0,1778989,0
233,000723,2018-02-06,-0.012345679012345734,-0.012345679012345734,0.12874722980546702,5823.0,54221.49005011495,2546,29713782,22855196,2121305,3051433,9395361,6760762,5165344,4645317,5721240,3284221,2471986,2451777,1795829,1037673,0,0,3042717,1624013
234,000725,2018-02-06,-0.03942652329749097,-0.010752688172043112,0.09318585594289468,578470.0,2304458.0691032354,3602,1978884514,2087040330,0,0,360875,810029,3796963,6222525,19865836,35345254,38721208,58936229,52117977,75634292,52568782,77526564,1811452873,1832565437
235,000726,2018-02-06,-0.020579981290925975,-0.014031805425631427,0.2811864474591327,8552.0,98707.77826223301,1446,28266130,20527125,600001,4500412,4327526,4554504,3559738,3488151,4058149,4247576,2616144,1521011,1352036,747630,2649270,415841,9103266,1052000
236,000727,2018-02-06,0.004629629629629539,0.01388888888888884,0.04912502231717501,7128.0,131999.90679492988,1964,36652687,45721030,1149957,1807557,5398524,6972495,4456948,4778501,6630469,8861859,5208220,6720472,2780696,1789356,490600,3142380,10537273,11648410
237,000728,2018-02-06,-0.023210831721470093,0.01547388781431347,0.20823366230819937,27456.0,158589.8027217114,2469,102032597,85891774,1405226,1192636,13403212,10968517,13929683,11139124,19885440,14369340,9845893,10205381,10389675,7797736,7234283,4959041,25939185,25259999
238,000729,2018-02-06,-0.05936675461741425,-0.02770448548812665,0.1616297096008305,15000.0,127341.64578778163,2204,69253628,46139161,1828726,2087904,8715259,9010892,10141052,7419318,12589626,9510621,10665666,5031801,6135811,5693103,2730379,1370632,16447109,6014890
239,000731,2018-02-06,-0.027814569536423805,0.0,0.21593490556090247,15686.0,110134.3222329256,1224,37957993,23008521,1093350,963088,6326526,4511425,5843330,4520380,6982651,3761147,4184032,2048972,4220935,2939949,1355447,1382725,7951722,2880835
240,000732,2018-02-06,-0.0015698587127158659,-0.0015698587127158659,0.5815580921069585,76800.0,671712.7352469001,3011,387259673,360159521,1267916,994608,11216320,9280085,13903642,16466486,30003318,27147674,25944872,19937873,28109537,26763936,18031450,19636666,258782618,239932193
241,000733,2018-02-06,-0.055371900826446274,-0.02066115702479343,0.35176761648813987,12130.0,78654.63550147662,1184,24978789,13989494,899942,1008984,6433751,5225641,4315371,3172697,3885803,2411577,2415168,1272523,300792,0,1833699,898072,4894263,0
242,000735,2018-02-06,-0.05672823218997358,-0.0316622691292876,0.13900247106281857,43040.5,256368.2678762346,2986,194662128,136292635,1444473,1351891,13860174,11523329,19457437,15532179,35592144,28039721,24156703,17583704,13760484,18089798,14311996,7847748,72078717,36324265
243,000736,2018-02-06,-0.015971148892323428,-0.015971148892323428,0.48591193748200306,30568.0,358143.01103211305,1602,92244841,74193843,979791,1044444,7483618,6103467,9376537,7008519,13788542,11992140,12164097,6435484,6062682,6522108,5204938,3991348,37184636,31096333
244,000738,2018-02-06,-0.07599999999999996,-0.03520000000000001,0.3031366612297481,13420.0,103043.4230944867,1703,41540871,32980954,1087589,1501328,8357481,7742949,6102771,5604061,8273479,9654602,4114302,2665618,2329695,1353732,3039854,473007,8235700,3985657
245,000739,2018-02-06,-0.06578947368421062,-0.005639097744360999,0.17030545474433167,8480.0,66850.73403296217,977,18359361,12457514,1914256,753064,3379463,2951765,2263305,2925736,4266022,2711968,3165837,997778,1631005,0,451260,860684,1288213,1256519
246,000750,2018-02-06,-0.01483050847457612,0.0021186440677967155,0.10942460893540633,11750.0,158141.0257211412,1869,54456772,51351463,1562260,1846201,8175612,6282930,7079904,5278813,7925356,4424760,5804291,2823128,3778021,3179822,2713189,2220671,17418139,25295138
247,000751,2018-02-06,-0.04600000000000004,-0.008000000000000007,0.1005241816715698,21693.5,186590.39582893267,2484,92063433,65760602,1205749,2367801,11357351,13524059,11689190,10677880,15185789,13218069,9160329,11323767,5141802,3032067,7574037,4015481,30749186,7601478
248,000752,2018-02-06,-0.010869565217391353,-0.013975155279503215,0.6151043234657622,10144.0,77766.73876827712,438,7050589,6264947,426535,392384,2058774,1170098,1708190,513786,1481091,795774,1063191,815280,312808,328900,0,0,0,2248725
249,000753,2018-02-06,-0.07162534435261703,-0.05509641873278226,0.1242854582821795,6900.0,158012.22497660684,857,17545556,18326152,553340,929224,2763692,2550679,1966028,976934,3004367,1139004,2182031,663840,1378683,1044583,1300514,457007,4396901,10564881
250,000755,2018-02-06,0.012027491408934665,0.030927835051546282,0.20148337988111392,9712.0,58225.481369762565,835,13583923,10180955,1089920,598868,3089970,2600442,3909601,2959932,2452991,1939583,1192328,1231646,343893,326034,0,0,1505220,524450
251,000758,2018-02-06,-0.04172876304023854,-0.00894187779433675,0.13814047645074057,20100.0,144665.32813057344,2365,84791201,61172324,2047114,1538460,11414038,11038584,10249676,9948500,17543062,13264158,9041709,7279386,7450951,4920855,3923140,2624456,23121511,10557925
252,000759,2018-02-06,-0.06777645659928655,-0.022592152199762183,0.23112359673320276,9218.0,58588.52887674712,1325,23595275,12337975,1340652,1510559,6002141,4796983,4088129,2657455,4695504,1678800,1977144,899099,2729791,333877,1686888,461202,1075026,0
253,000760,2018-02-06,-0.07029478458049898,-0.038548752834467126,0.12870580369450096,7497.0,63688.102362877486,1179,16072245,12330291,993437,1210293,4517311,4461077,3523193,1708033,3269991,2245764,1026330,490379,1412423,302022,1329560,403123,0,1509600
254,000761,2018-02-06,-0.03068592057761732,0.012635379061371799,0.10719461794988054,28786.0,213885.3686188599,2686,119548167,116977150,1408446,1464511,11460402,10998481,14703334,15543378,19248723,24087974,14603201,17301490,12332922,10208972,7260727,8809520,38530412,28562824
255,000762,2018-02-06,-0.0664652567975832,-0.024169184290030232,0.2924549114477063,15840.0,179185.93825847533,2091,58983755,40816567,1253333,1751741,9265684,9075493,9961463,8822069,12429147,9044123,7089387,3176991,3371175,3398705,902391,2708751,14711175,2838694
256,000767,2018-02-06,-0.0078125,0.0234375,0.07483415521617942,4845.0,66326.60527048797,1179,14544679,14617923,1148389,940874,3341926,3239865,2049550,1843858,3155002,3843438,1224405,2065667,729661,341760,816570,414976,2079176,1927485
257,000768,2018-02-06,-0.08145695364238414,-0.03576158940397345,0.2982870299665266,24582.0,174012.39023416757,2567,113390466,77288038,1064054,2193017,10609768,13355069,14342568,12715362,18577478,13370073,11297298,7686521,11283322,10627454,7599016,5271879,38616962,12068663
258,000776,2018-02-06,-0.025040827436037083,-0.008709853021230285,0.32690152680256057,99224.5,807562.0816496941,3160,514291787,406847409,746334,1006218,10342177,9187446,19994443,16733301,41681600,32935218,39948921,34223417,30145714,24928498,28375309,24743464,343057289,263089847
259,000777,2018-02-06,-0.08424110384894701,-0.02904865649963695,0.3573054598544126,13220.0,70945.08939369903,1489,30549401,18463091,1277316,1533362,6688469,5969537,5243006,3312728,6422739,4508840,3228923,1649284,1408174,1062144,1231704,427196,5049070,0
260,000778,2018-02-06,-0.032136105860113395,-0.009451795841209809,0.10501069666276791,15645.0,142641.09051665617,2548,80027950,59286831,1550652,2058273,9366436,12689990,9153367,8889109,12450323,10777291,10222116,6465923,4348962,4094018,3379773,3644011,29556321,10668216
261,000779,2018-02-06,-0.06614173228346454,-0.017322834645669194,0.5777494986908508,12670.0,60840.831809378535,483,8798841,6151991,381228,347488,2431527,1486721,1443314,825740,2034806,2358152,1199491,257200,310267,372300,411510,0,586698,504390
262,000780,2018-02-06,-0.03488372093023251,-0.013565891472868241,0.161060739588103,13986.0,105892.52184251806,1028,29536870,15881378,435172,955694,3246055,4909743,4358480,3446942,6908069,3076047,3257146,1513015,3961574,0,869461,0,6500913,1979937
263,000782,2018-02-06,-0.0016528925619834212,0.0049586776859504855,0.22569047688820343,4350.5,64461.334352705206,720,9882601,5482940,471768,1039990,2143464,1414550,1372588,681733,2010271,1017432,1000028,689744,333060,0,430660,0,2120762,639491
264,000783,2018-02-06,-0.006369426751592355,0.005095541401273884,0.17018524251191253,20618.0,207757.81394486804,2133,95803197,72236361,1815837,1503589,11897380,7494060,12255604,6883917,14806425,9270872,8276791,4503658,6240722,3916286,8449551,4518070,32060887,34145909
265,000785,2018-02-06,-0.04210526315789476,-0.030526315789473624,0.31153675854556556,9842.5,38016.19026669438,930,12812710,8492223,966960,1150510,4865933,3664802,2558155,1028929,2936694,1896875,1065490,751107,0,0,419478,0,0,0
266,000786,2018-02-06,-0.045593869731800796,-0.012643678160919603,0.4442644751008085,88567.5,470381.0092798047,3458,380393222,365055785,681197,686907,10975576,12350598,17382233,18804295,43964346,40565948,32075870,37727051,27102701,34851693,30247343,21790048,217963956,198279245
267,000788,2018-02-06,-0.04795486600846255,-0.02538787023977429,0.27560253398373424,6910.0,44254.48356152836,662,7364283,6377224,583738,525306,2714353,1804021,1929246,1657616,604527,1293041,1207105,487280,325314,0,0,0,0,609960
268,000789,2018-02-06,-0.07264957264957261,-0.02991452991452992,0.21821367838150776,36042.5,235223.35142942378,2884,149285725,124872113,1295434,1236896,13780062,13824015,16662893,16085336,30878786,22616091,16356895,16223807,13622452,14467617,10139209,5290038,46549994,35128313
269,000790,2018-02-06,-0.06412213740458017,-0.021374045801526687,0.2645750734587398,7084.0,39303.105485211796,614,8289289,5130037,517173,796260,2418744,1903983,1515925,1125048,3074847,902186,451360,0,311240,0,0,402560,0,0
270,000791,2018-02-06,-0.0014705882352941124,0.002941176470588225,0.16142859141596794,10267.5,49985.828207916486,1778,25246412,23412373,1199360,1982088,7656943,7532352,5587835,5638837,5291051,5448117,3224850,1169351,974902,648838,465696,410710,845775,582080
271,000792,2018-02-06,-0.034782608695652195,-0.00521739130434784,0.21250756648364183,42940.0,348604.76501702575,2939,213770196,175182119,1078169,1252076,12497649,11576240,16008664,16503707,28480491,26607626,26908833,21761095,14424927,11553915,16138697,10136033,98232766,75791427
272,000795,2018-02-06,-0.040740740740740855,-0.009259259259259411,0.14866458979619812,10336.0,45174.49662669425,1321,18724417,13474363,1004901,1409662,6076180,5121529,4739393,2158524,3808562,2767650,1546528,1050488,1014538,0,0,405540,534315,560970
273,000797,2018-02-06,-0.04475982532751088,-0.017467248908296984,0.2536811451371014,9140.0,104737.87503135778,1305,28587858,19479284,891775,1457769,4441407,3904150,5270368,4080714,7216006,4536352,2556871,2615588,2133587,1389232,1811725,467125,4266119,1028354
274,000798,2018-02-06,-0.042236024844720554,-0.018633540372670843,0.3003819777578682,7815.0,33300.18731911345,720,9510185,3236104,760294,837248,3351955,1586266,2362340,481022,1990110,331568,714766,0,330720,0,0,0,0,0
275,000799,2018-02-06,0.01057692307692304,0.024038461538461453,0.43860430523581173,23001.0,112710.66053926665,2253,60509452,70726978,1273276,1398961,10983739,11143311,9495494,10944641,13613761,13838148,8848309,7529495,7725487,4905929,2611183,4436988,5958203,16529505
276,000800,2018-02-06,-0.05166051660516613,-0.024907749077490715,0.21782554443443844,30576.0,247992.11452315547,2483,128244184,91532218,1127921,1456621,9858053,11450064,13071051,13372304,23493381,18044495,15289469,10523395,12145668,7211470,7061205,3052388,46197436,26421481
277,000801,2018-02-06,-0.07956600361663657,-0.0452079566003617,0.12361296151035321,10860.0,90101.90452942831,2010,44501608,28816899,1505196,1974676,8105092,7571790,8251556,6073589,8527755,6181726,4960966,2004261,3726145,1691255,2176916,446958,7247982,2872644
278,000802,2018-02-06,-0.05565068493150693,-0.020547945205479423,0.2971710462084394,11780.0,100286.70558534228,1548,36440538,22343134,887988,1779003,6629673,7253865,5577286,3714242,5164732,3603682,3545689,1472505,1907883,1765443,2701485,0,10025802,2754394
279,000803,2018-02-06,-0.033500000000000085,-0.033500000000000085,1.5109549741397164,5928.0,35473.82489578547,175,1547620,1835235,231952,184039,404167,466906,636502,707173,274999,194899,0,282218,0,0,0,0,0,0
280,000807,2018-02-06,-0.06279069767441847,-0.005813953488371992,0.15109531356962186,62160.0,399795.2444303236,3249,257644323,253964384,991587,1241666,13000534,12877413,21672465,20552283,40736169,35294663,25524190,35813938,21582828,22779693,21188132,15245628,112948418,110159100
281,000809,2018-02-06,-0.028391167192428957,-0.006309148264984188,0.1500407436604784,6985.0,57584.395076385474,446,7135957,4820510,335209,448502,1258094,1487577,1308765,806111,2285034,1160796,955143,270084,362092,647440,0,0,631620,0
282,000810,2018-02-06,-0.06497622820919169,-0.01426307448494446,0.20694090298731685,5561.0,29738.12056875875,931,9908459,5195257,992417,884129,2909779,2714220,3528928,1176585,1210042,420323,951033,0,316260,0,0,0,0,0
283,000811,2018-02-06,-0.07210884353741487,-0.03537414965986396,0.2613776347265728,7996.0,76782.07216031913,791,16760351,8692593,556908,930763,3245220,2507294,2911703,2081770,2607477,1126794,2775158,250624,1752717,321728,921516,0,1989652,1473620
284,000813,2018-02-06,-0.06078665077473189,-0.07032181168057217,0.24293595025366746,15470.0,152798.88172657325,1198,57842676,23112850,508262,1497971,3472926,5348559,3466508,4188804,6831464,5476288,11529539,2774726,12000128,1748632,3903009,804325,16130840,1273545
285,000815,2018-02-06,-0.04771929824561405,-0.04771929824561405,0.5219262434028188,12618.0,51739.34455061665,749,11149975,8177427,544115,741178,3584336,2803164,1754644,2757082,2066046,1172483,1030924,274720,1160250,0,420300,428800,589360,0
286,000816,2018-02-06,0.08778625954198471,0.08778625954198471,0.06916374882502929,11400.0,370510.58532171044,1438,88331223,62623258,2328338,7709,9246093,202702,5867625,1171005,6890349,2077527,8200306,6929343,5980469,5122421,3071513,6604206,46746530,40508345
287,000818,2018-02-06,-0.018103448275861966,-0.002586206896551646,0.31252234294151937,14937.0,114026.05399512827,1381,42715189,25285286,668684,1142142,5372202,6541540,5010269,5438064,7019195,5835619,5737043,2575941,3878265,663182,4478353,858698,10551178,2230100
288,000819,2018-02-06,-0.06629213483146068,-0.014606741573033766,0.2812712455825858,8130.5,41449.86962472008,1002,10758175,9817564,857313,1271023,3752123,3516952,2760440,2457860,1669525,1320114,722062,495478,0,304736,423907,451401,572805,0
289,000821,2018-02-06,-0.03208065994500453,-0.03574702108157657,0.3395858120507664,11880.0,84457.99194172713,1035,19007628,16752447,720686,943828,4673056,4797530,3703128,3243208,2903387,1448407,879111,2346253,1305668,1377620,1359296,0,3463296,2595601
290,000822,2018-02-06,-0.05503512880562045,-0.015222482435597096,0.17380413728750288,16640.0,109287.00696651575,2418,70078325,39589564,1767680,2335858,12572556,9860261,12473268,8426255,13913580,9394296,6393269,3301784,5104062,1733883,1328542,831302,16525368,3705925
291,000825,2018-02-06,-0.0453172205438066,-0.025679758308157052,0.11185012826697693,125760.0,877011.1493883714,3519,702186296,505245556,612581,531176,11220642,10136341,23178263,21142704,50138013,38411987,39711293,44497878,41146998,38652907,36642578,28147179,499535928,323725384
292,000826,2018-02-06,0.004684684684684637,-0.005765765765765818,0.6173321870760227,22000.0,209182.42531919238,2022,100422934,67350114,995211,1848144,7956396,10396967,8502200,7764709,12714225,11086378,8237725,6496310,7586163,3655646,3492557,4025466,50938457,22076494
293,000828,2018-02-06,-0.047272727272727244,-0.011818181818181839,0.3404087059139243,6591.0,66870.13582279114,1044,23591442,7369604,1157144,865223,3748803,2114162,3972398,1262634,6292971,2101913,2792760,672802,1287636,352870,1779120,0,2560610,0
294,000829,2018-02-06,-0.024390243902438935,-0.014634146341463317,0.2461072637277537,7930.0,75741.17847045783,1112,14881378,11596418,1095968,1424928,3315304,4412387,2156228,2579626,2112143,1481280,1109112,663672,1003444,1034525,860534,0,3228645,0
295,000830,2018-02-06,-0.03934426229508181,0.0036885245901638886,0.4100105644440918,162214.0,883696.1745932184,3550,721488723,687308492,510022,530051,8330787,7659630,18663770,19710603,37288607,43401893,37821422,48262367,31909906,43026134,33954341,41400409,553009868,483317405
296,000831,2018-02-06,-0.07899628252788105,-0.01579925650557623,0.2578755587265878,15794.0,120387.80066370708,1743,47637714,36276446,1005850,1516255,7986818,8289538,8228891,6322739,8071263,6465245,4541645,2832935,2928744,3838175,3150900,1757590,11723603,5253969
297,000833,2018-02-06,-0.03877221324717284,-0.02746365105008086,0.21248408522540077,8955.0,45873.520887611616,849,12377477,6443109,730094,1075382,3634930,3503374,2320418,1595760,2119736,268593,1533095,0,980180,0,412824,0,646200,0
298,000836,2018-02-06,-0.06138613861386133,0.005940594059405946,0.09770212806963668,22484.0,174195.49519393028,2689,94570356,65607970,1823269,1537628,13048527,10900789,15877271,12822844,19724718,15016913,10704042,8041774,8328076,6985887,4517233,1824039,20547220,8478096
299,000837,2018-02-06,-0.02734374999999989,-0.0078125,0.17824051745927466,7560.0,46523.740375874775,826,9483249,8080743,725266,797532,3063012,3015178,2240429,1673335,2196574,731514,547904,469576,710064,735366,0,0,0,658242
300,000838,2018-02-06,-0.09671532846715336,-0.051094890510948954,0.13567243735978182,10360.0,71304.0487687035,1635,27176742,20326167,1101819,1849685,7054396,6487477,6436283,4440848,5196406,2222275,1653517,1234082,1082698,344088,1319597,405058,3332026,3342654
301,000839,2018-02-06,-0.07770700636942673,-0.043312101910828016,0.13424430193200784,59881.5,377235.43020848144,3430,269093794,280737221,803308,1496974,12021230,16953058,20532962,26045417,34939991,42188808,25884768,31320413,23810418,21631308,18843438,21150745,132257679,119950498
302,000848,2018-02-06,-0.034375000000000044,-0.044791666666666674,0.20653550531396325,12253.5,98055.9502425242,2166,53291987,32355445,2188293,1894726,10488732,7904174,8448275,8653199,8732332,7846109,3628451,2610826,4939898,1374737,1826276,869590,13039730,1202084
303,000850,2018-02-06,-0.026128266033254244,-0.009501187648456089,0.20479728779855239,8350.0,45249.51338012712,422,6705712,2773890,346962,352318,2179290,1483512,1251787,145986,1633059,283994,436301,508080,0,0,858313,0,0,0
304,000851,2018-02-06,-0.07630522088353409,-0.01740294511378848,0.2350833744142592,13711.0,75340.63511626543,1012,23795975,13981965,806930,1001193,5323734,3654176,4288510,3353567,4136895,3191951,3517382,1167106,1058420,0,414000,465732,4250104,1148240
305,000852,2018-02-06,-0.07283950617283952,-0.040740740740740744,0.1892448772422361,12954.0,65218.74721936313,1835,33598601,27067937,1565689,2232428,7802840,8906373,7789610,7029572,5614165,3262374,4037777,2458617,2361696,1363160,911900,457403,3514924,1358010
306,000856,2018-02-06,-0.04260355029585794,0.016568047337278236,0.3484134452417054,22256.0,91817.20465195316,2357,61901157,54099231,1422152,1592882,12290551,11857291,12507273,12423332,14806548,12443047,7259709,4968160,3497720,3852047,1283510,3110396,8833694,3852076
307,000858,2018-02-06,0.0057894736842105665,0.007894736842105177,1.2697673443635182,452711.5,2184991.194153108,3584,1457760952,1623933842,53254,38064,2345779,1961728,10153125,6436334,36809188,29380358,50155622,40386992,51099303,48631051,58725444,57520500,1248419237,1439578815
308,000859,2018-02-06,-0.04619565217391319,-0.00815217391304357,0.13914877884143012,7370.0,74341.1830724419,700,10887956,8210554,570996,683530,3176694,2279834,1654698,1363140,1711711,1590411,1619583,703069,719818,1049666,0,0,1434456,540904
309,000860,2018-02-06,-0.03419253024723845,-0.009994739610731274,0.4338775202390211,28125.0,493701.3013950932,1931,109201656,92256750,733688,1753334,5504720,9506149,12264782,9132024,21116998,15491607,7866055,7317983,6850106,4606824,4083743,6510449,50781564,37938380
310,000861,2018-02-06,-0.03146853146853146,-0.013986013986013957,0.11594504864499085,5076.0,48688.67961825905,609,7506099,3283298,579032,535781,1837523,1547612,1396877,363023,1308496,556712,1247720,280170,368106,0,0,0,768345,0
311,000862,2018-02-06,-0.008108108108108136,0.002702702702702675,0.14569781560870243,3710.0,32261.457351630506,646,5041700,4339997,429583,766719,1919551,1677784,805377,508479,1669389,689701,217800,0,0,697314,0,0,0,0
312,000863,2018-02-06,-0.07708333333333339,-0.03541666666666665,0.18247939871373606,7311.5,35479.75475487293,692,8760739,4723427,576503,802140,2851708,2541925,2086586,659290,1309208,720072,1322470,0,614264,0,0,0,0,0
313,000868,2018-02-06,-0.031509121061359946,0.00995024875621886,0.1122145778485286,21455.0,177915.33034302414,2901,93902376,108453095,1847453,2251817,12077068,13765632,11729603,14636645,16196957,22777129,10157998,10744816,7899171,9169235,3544068,7550441,30450058,27557380
314,000869,2018-02-06,-0.012109264995775804,0.00253449732469746,0.954631120484242,21123.0,95293.60393846396,1384,32906701,30453980,699824,980707,6432854,9881033,6354216,5907371,7480015,3847568,3714329,726405,3737926,2099472,451839,445000,4035698,6566424
315,000875,2018-02-06,0.016286644951140072,0.03583061889250816,0.0765383700182334,9711.5,95029.2157148781,1620,26211901,33891579,1390026,1632564,5013364,6865891,4555610,5793610,5972350,5430691,2679033,2268687,2607680,3378827,2584951,1390522,1408887,7130787
316,000876,2018-02-06,-0.016887816646562026,-0.021712907117008462,0.15397359780384923,35882.0,278153.5399963295,2906,193658905,139792764,1543770,1415972,15725989,11244495,18813602,13294988,26987895,22897842,17018864,12954292,13158855,8281285,19645657,17170381,80764273,52533509
317,000877,2018-02-06,-0.0407030527289548,0.020351526364477124,0.20335890731904008,32550.0,194650.3117645155,2835,133125866,120322167,1299632,1502770,13241384,13956092,14239290,14723557,23340594,22175795,19170945,17334773,12228192,7496332,4865044,6044258,44740785,37088590
318,000878,2018-02-06,-0.03115942028985519,0.018115942028985588,0.259668945041343,69800.0,319116.7853219272,2835,226032899,232104578,991690,1088984,9735606,9824357,16380198,14656525,32113167,36051734,25556093,35057960,23382492,19699480,17637364,16086398,100236289,99639140
319,000880,2018-02-06,0.023282887077997527,0.01396973224679865,0.3354404395345421,14705.0,51758.58130588736,657,12139053,6996006,515779,383525,4020570,2288618,1878069,1605816,3596814,1620206,1163241,719489,327860,378352,0,0,636720,0
320,000881,2018-02-06,-0.043020193151887653,0.006145741878841093,0.34488376362097833,11560.0,53238.9611643273,1092,19419678,11584403,760521,1183980,5458967,4458002,3298389,2007857,4047197,2310400,3237778,1185649,672240,0,862215,438515,1082371,0
321,000882,2018-02-06,-0.010948905109489093,-0.007299270072992692,0.08396642412785771,4102.5,49828.73555209405,1070,12369532,8523365,966699,939666,2527424,2752229,2866238,1308898,2528056,1592804,1978376,541876,0,376202,904339,461690,598400,550000
322,000883,2018-02-06,-0.012875536480686844,0.0,0.110956629434658,7005.0,89919.3082224917,1770,32462181,24194074,1874503,1439462,6369848,5341707,5382803,4233566,7607414,4135293,1908080,1518740,1318320,1754758,1808319,867239,6192894,4903309
323,000885,2018-02-06,-0.059925093632958726,-0.028714107365792718,0.3393384627994727,18528.0,84214.34757543069,2234,55664844,39112393,1429207,1982857,11251103,11943316,10499336,9204731,12815558,8700203,7258109,3050538,5205495,689223,428180,469006,6777856,3072519
324,000886,2018-02-06,-0.08362369337979103,-0.07317073170731703,0.12625154257162663,21040.0,240487.47940588897,2081,84933355,83092080,1046712,1671799,8921524,8499240,8671965,8768851,11445780,15449651,9300200,8823189,3566153,7533895,3536905,6391514,38444116,25953941
325,000887,2018-02-06,-0.08260869565217399,-0.06211180124223614,0.33884605210487173,15940.0,287958.6946102477,2264,106841576,66541349,1026220,2035694,6939692,14236199,7655234,8202951,12522563,11483895,8382825,6301269,6541327,5539100,6290457,2138677,57483258,16603564
326,000888,2018-02-06,-0.01787487586891756,-0.013902681231380387,0.3430951153774158,9870.0,71950.90588627612,861,13798269,8848304,820513,1049068,3907786,2712945,1836269,1421205,789111,1414527,1316423,927859,698860,312170,962000,0,3467307,1010530
327,000889,2018-02-06,-0.017968749999999978,-0.021093750000000133,0.5193917514476125,12720.0,117525.8806274951,607,20760480,5112342,227950,705979,2741031,2236986,2967464,883525,3102969,771577,4012635,207075,312500,307200,453240,0,6942691,0
328,000890,2018-02-06,-0.04603174603174609,-0.0174603174603174,0.27882938205710456,5557.5,34060.16649307432,510,6270280,2180282,701712,473131,2042912,921727,1812382,230936,871174,302796,467100,251692,375000,0,0,0,0,0
329,000892,2018-02-06,-0.08163265306122447,-0.036989795918367374,0.31390160000670364,14411.0,73146.73702086353,624,14819783,6820510,496584,594181,3224243,1950570,3691163,1564240,2733334,1310792,990359,237855,1487308,701472,0,461400,2196792,0
330,000893,2018-02-06,-0.04990403071017269,-0.026871401151631447,0.1333906465395517,18396.0,147913.55801087935,1535,60701507,42047312,795938,1242727,4969416,6673520,7250235,5033530,10319673,7234684,10225672,5356618,3056855,2633098,4538812,4608697,19544906,9264438
331,000895,2018-02-06,-0.0066225165562914245,-0.009933774834437026,0.47927921119178235,60927.0,494950.20654809364,3221,346497390,259012157,677137,721468,16925653,10738471,21335473,15186449,28824679,30650189,34864139,28284984,29931106,19398542,18123872,17920055,195815331,136111999
332,000897,2018-02-06,-0.04938271604938271,-0.012345679012345734,0.09916852665065265,4508.0,38667.852472515355,1071,11417503,6136338,1122113,1093253,4384498,2187948,1992282,1084358,1643461,1095266,1026243,207001,385734,0,863172,468512,0,0
333,000898,2018-02-06,-0.020860495436766602,-0.0026075619295957697,0.1341037578648165,68530.0,573298.898627443,3283,360455875,294462998,1179192,852995,17190875,9656104,26379929,16975585,36914159,31960345,29122618,29322058,28912688,22760177,22322246,16924495,198434168,166011239
334,000899,2018-02-06,-0.006276150627615107,0.012552301255229992,0.19513993839180013,3855.5,53719.81256036587,600,6255386,5172448,435219,709924,1893929,1201378,1553338,838029,1201255,569976,471295,419403,0,0,0,863378,700350,570360
335,000901,2018-02-06,-0.07392405063291141,-0.03898734177215191,0.4783746901447796,19360.0,86058.16727651315,1706,44759176,32518087,1092795,1867809,8684746,7785390,8257724,6942747,10337230,5320440,5279873,2970657,3857478,3327975,2755703,2619023,4493627,1684046
336,000902,2018-02-06,0.006535947712418277,0.014161220043573008,0.20198436732676417,10607.0,106330.2210795798,2078,40537180,44270003,1737065,1951413,8089944,8375086,5325586,7025303,11171596,8289905,3112759,3649307,2455396,1793782,3570672,1820457,5074162,11364750
337,000903,2018-02-06,-0.0360655737704918,-0.026229508196721207,0.08847941744931767,6655.0,79414.3178894324,1192,24293220,10490132,683118,1638865,4411105,3984179,3664091,1795655,3520892,760404,3056567,1229558,913000,1081471,486917,0,7557530,0
338,000905,2018-02-06,-0.0505050505050505,-0.02929292929292937,0.2853956404350741,10945.0,97729.35188350295,1205,27781548,19319550,1101701,1516044,5319870,4447287,3875571,4171472,4969666,2558021,2318422,1050803,2458584,2393826,1283474,859101,6454260,2322996
339,000906,2018-02-06,-0.04353741496598629,-0.020408163265306034,0.25344287822428635,10294.0,80657.98611735401,842,16856790,10127673,861277,919468,3449355,3712526,2480177,1359854,2870582,1677444,1416739,503685,660060,994521,1742489,446875,3376111,513300
340,000908,2018-02-06,-0.033333333333333326,-0.009803921568627416,0.2033438881794363,3569.0,46162.044585048265,629,7427517,3790097,342208,676411,1519107,1719646,1518506,722919,1293094,444597,765280,226524,1025976,0,456917,0,506429,0
341,000909,2018-02-06,0.027995520716685318,0.0,0.38823908964950954,9000.0,46640.51191420749,529,8754351,3256891,599226,578338,2900606,1620179,2209081,781652,1172335,276722,795160,0,349588,0,0,0,728355,0
342,000910,2018-02-06,-0.030892932712653476,-0.01777401608125262,0.6375059374532422,7101.0,109930.62215806589,1382,25985262,18773751,831078,1937549,3849939,5350710,2939283,2150362,5021781,2615856,3224983,1502386,1677081,732399,1315627,1281241,7125490,3203248
343,000911,2018-02-06,-0.03733333333333333,-0.03200000000000003,0.25398799238852027,5880.0,47618.54550824483,875,9929707,6775490,778963,1045040,3198855,1734797,2453750,1860462,1083165,852215,242802,762016,1451172,0,0,0,721000,520960
344,000913,2018-02-06,-0.0378741600488699,-0.032376298106292056,0.6707773931470522,7917.5,39380.5880521478,596,8950047,4256817,564044,505879,2540733,1777096,2245461,1208718,3362739,289414,237070,0,0,0,0,475710,0,0
345,000915,2018-02-06,-0.022457627118644075,-0.00423728813559332,0.5984047040137512,23390.0,167335.6759124283,1557,49004835,53826007,1130869,1125890,6707492,6201163,9041758,10521986,6140173,6535411,6997155,4578292,4106158,1633710,2693224,3122929,12188006,20106626
346,000917,2018-02-06,-0.04360056258790446,-0.015471167369901617,0.16974136064225323,19224.0,141883.31456383682,1757,56872568,46380860,1074258,1649627,6945733,8056926,7970911,8614341,9852300,9034726,8979229,4280806,3807019,3427888,3437860,2288134,14805258,9028412
347,000918,2018-02-06,-0.038406827880512195,-0.017069701280227556,0.19683141776171872,14200.0,187089.09732628826,1277,49544832,18534802,850591,1323400,6202004,4679232,6613616,3738720,8383494,3536139,2408416,1835264,3078798,1844114,2243755,0,19764158,1577933
348,000919,2018-02-06,-0.04244694132334581,-0.0074906367041197575,0.2589575147417495,6408.0,75748.86592156555,957,15435905,10048288,593188,1356742,3172689,3280200,2159772,1425295,2498328,2306225,770828,224519,1031936,382878,1434681,449175,3774483,623254
349,000920,2018-02-06,-0.048717948717948656,0.007692307692307665,0.26090724371561863,9023.5,64804.600244673136,894,14061149,11680475,904094,846162,4003532,3187961,2212255,2584586,2470861,2177613,1880631,1257321,397322,656512,0,421200,2192454,549120
350,000921,2018-02-06,-0.024571854058078935,-0.008935219657483229,0.2733666687742975,13600.0,165819.31356456518,2417,63139538,60000637,1244745,2382942,8906485,11548056,8208704,7707076,9981891,11783807,8420477,4781330,5741574,2355931,1264533,3003798,19371129,16437697
351,000922,2018-02-06,-0.023140495867768562,-0.023140495867768562,0.21630146632568126,10944.0,63034.93422493709,783,14799012,8865215,415879,943680,3290819,3268278,2500477,1738334,4220245,2015824,1078022,0,1086524,0,1331184,899099,875862,0
352,000923,2018-02-06,-0.08172851103804601,-0.0018788163457021945,0.5852892232533183,16856.0,73784.29865960743,1324,25441626,22546572,889132,1014117,6846489,6793369,6474079,4226627,4941183,4042091,2755471,3593989,961281,704666,401820,417908,2172171,1753805
353,000925,2018-02-06,-0.047838086476540864,-0.009199632014719406,0.3007958347444969,10044.0,52751.13801705627,1310,15062037,19045339,773998,1673775,5146964,5871648,3231500,3030795,2658044,4705052,1163504,726109,1038602,1079153,475999,1289987,573426,668820
354,000926,2018-02-06,-0.024539877300613466,-0.010517090271691565,0.2687315647524083,22610.0,208859.0520897526,1804,79323151,69163937,761204,990858,7620673,10493128,5754155,7535193,11617309,11303757,9597774,10432802,8059863,7274692,3240415,3648586,32671758,17484921
355,000927,2018-02-06,-0.0024937655860348684,0.009975062344139696,0.13069155338316177,8180.0,63389.48572257798,943,12771641,12885741,961649,926764,3885593,2819138,2271624,2538893,3242865,1386450,1045580,1985002,340659,316200,411426,866942,612245,2046352
356,000928,2018-02-06,-0.04220779220779214,-0.017857142857142905,0.16093131207123268,10540.0,72188.98005830067,1468,31094622,16997550,1785585,1000883,6350425,4377931,6912336,3896252,6171205,3893514,3355466,2026799,2364896,373932,904481,0,3250228,1428239
357,000929,2018-02-06,-0.02913533834586468,-0.06015037593984962,0.39556093169678297,10560.0,161361.36736181038,733,8260506,18605197,377801,880614,2091678,3624145,1306536,3104698,1790749,4440666,204600,2503694,780925,1679780,409200,877976,1299017,1493624
358,000931,2018-02-06,-0.029641185647425905,-0.006240249609984372,0.20561740462217254,7680.0,71575.20561174245,973,16075582,13374551,967716,1014165,3817223,3024821,3245084,1683571,3590470,1606599,1631732,487156,302680,1679124,1420177,2719761,1100500,1159354
359,000932,2018-02-06,-0.011530398322851076,0.003144654088050425,0.16917111232453524,80835.0,616828.7827217281,3191,353515993,364599421,990269,1467254,7942101,13132178,15659641,22999285,30606933,43974837,27053703,34719150,23196332,19975784,23586928,22690478,224480086,205640455
360,000933,2018-02-06,-0.029268292682926744,0.007317073170731714,0.14854670565630704,42993.0,311005.8298382883,3056,195023079,153949970,1475688,1481117,14723758,12995410,18523512,18491097,29041891,28621442,24646780,22674104,19920150,16208535,13815940,7726044,72875360,45752221
361,000935,2018-02-06,-0.07400722021660655,-0.04031287605294831,0.31050844747885015,28390.0,119979.95423771364,2871,97754431,75203156,1417775,1745559,15117629,15205673,18135694,15210213,17738348,18973684,13143685,11179468,9145504,5617589,4502083,1815538,18553713,5455432
362,000936,2018-02-06,-0.003389830508474634,-0.006779661016949157,0.19219164814788672,8895.0,56103.71043420155,943,15412437,10131814,793883,910639,3797554,3068356,3578045,2104624,2631699,3097456,1412777,649249,1032415,301490,1360701,0,805363,0
363,000937,2018-02-06,-0.023026315789473673,0.0032894736842103978,0.11375662456217196,18330.0,220660.9471614924,2870,115515738,68478191,2534607,1199163,14595564,12082199,13945592,10559519,18129020,11563393,11746849,7900785,7019278,4820260,8309313,2277660,39235515,18075212
364,000938,2018-02-06,-0.052631578947368474,-0.0128070175438596,1.1695216611978352,33426.0,193151.24394508646,2377,111543092,90647475,694306,1423826,9330616,12134127,12383946,12241015,19477832,19992184,16142493,13237405,9102502,9108128,4091027,4803918,40320370,17706872
365,000948,2018-02-06,-0.035126234906695974,0.00658616904500553,0.3112653063440821,9180.0,43277.716822515125,857,10516057,7417156,1376930,733907,3808962,2711906,2096179,1500521,1444380,834810,635079,783328,300625,356190,853902,496494,0,0
366,000949,2018-02-06,-0.01558441558441559,0.0025974025974024872,0.17235921083437214,5320.0,39246.533323702984,499,6810952,2357174,471100,398051,2467297,1236943,1486093,371980,1342242,350200,474220,0,0,0,0,0,570000,0
367,000951,2018-02-06,-0.03850574712643673,-0.008620689655172376,0.39858868609095455,17200.0,114670.96000546464,1911,62021664,39234333,1245688,1935936,7949875,9080687,8653525,6453948,16339764,6363674,6435956,3400890,4911691,4508997,3190215,437690,13294950,7052511
368,000953,2018-02-06,-0.027737226277372184,0.0029197080291971655,0.2813377761080913,9035.0,37374.2149992008,593,7021698,5621793,545565,568321,2397228,2273716,1631597,885811,1903176,715998,242892,1177947,301240,0,0,0,0,0
369,000955,2018-02-06,-0.018320610687022953,-0.006106870229007688,0.1688699117275985,5841.0,82404.6794906748,1515,19354528,24704928,920227,1713597,4576340,4684089,4446165,4134246,3158374,2152984,2297059,3148438,325000,1385063,425546,826907,3205817,6659604
370,000957,2018-02-06,-0.030401737242128246,-0.008686210640608039,0.2724015148414701,10279.5,85036.85739600312,1146,24089475,13602932,983890,1472137,5413840,3636282,4729861,2480358,3958489,2462157,1927570,1927673,370800,0,1359157,0,5345868,1624325
371,000958,2018-02-06,-0.0842572062084257,-0.04434589800443467,0.11144378065103869,10296.0,71660.42866755769,1643,32137308,22218854,1238088,1873499,6803022,7129014,4937944,4735524,6403215,3813091,5605615,1220708,1782065,2024641,975278,901472,4392081,520905
372,000959,2018-02-06,-0.01904761904761909,-0.004761904761904856,0.13605353403756482,11394.0,83535.55662301603,2151,41749701,37092281,1640087,2316825,9841559,6770393,9221990,6783129,8114177,8954366,3747987,3548272,3315245,2017329,1318313,0,4550343,6701967
373,000960,2018-02-06,-0.030864197530864224,0.008024691358024638,0.2805478189741766,113184.0,645358.7907729222,3345,501799088,360049711,1209122,510303,9784092,8095270,16652265,17969663,47080463,38720146,48965433,36642418,36421563,34931425,27766592,24813347,313919558,198367139
374,000961,2018-02-06,-0.0186513629842181,0.0014347202295552641,0.14195957429600717,29971.0,252742.94136611753,2417,120646453,93258928,1029397,1667660,10361867,12334148,14655086,14331471,16181527,16439512,12268304,13931905,8216998,6464722,6753665,2755783,51179609,25333727
375,000962,2018-02-06,-0.06295754026354317,-0.024890190336749662,0.20390349429168536,6630.0,32112.693259043128,1124,12026764,6187824,1321830,1197507,4166736,3017169,3084605,1000014,1692674,495034,769720,478100,991199,0,0,0,0,0
376,000963,2018-02-06,0.024755325273460027,0.0017271157167531026,1.0474110540309007,36407.0,256429.6798957702,2483,172423414,129283195,598239,622877,20867045,9251817,14086396,9307450,18419448,13009667,25454449,12921969,19064404,10168088,7907118,11986761,66026315,62014566
377,000965,2018-02-06,-0.044642857142857095,-0.017857142857142794,0.15150451607936755,10900.0,113900.92816885591,1369,33271856,18204240,1036109,1395160,5242475,5146832,5486356,3557239,6517182,3706433,2574465,771143,1070355,717125,1233737,1355086,10111177,1555222
378,000966,2018-02-06,0.009316770186335255,0.03105590062111796,0.09251592935983684,7282.0,73080.15543825887,1217,15620670,17854258,1084702,1081819,4047843,5031299,3989796,3221898,2734561,5013764,1272928,1267434,0,1031090,0,485180,2490840,721774
379,000967,2018-02-06,-0.03255208333333337,-0.03645833333333326,0.20220251759700494,20072.0,87718.38983274794,1449,46332382,23644195,584239,1714515,4884219,5638871,19855688,5226540,6292736,4232738,4318358,2514808,2037627,1451537,1257840,1759864,7101675,1105322
380,000968,2018-02-06,-0.0456968773800458,-0.028179741051028273,0.33539464700815225,11925.0,77322.1746103512,1537,33858978,20914758,892797,1917348,6699423,4765976,8302131,3834976,6584403,4191032,3701257,2508502,2314857,1377556,1340822,931800,4023288,1387568
381,000969,2018-02-06,-0.06455862977602111,-0.01449275362318836,0.20745583694920963,9815.0,69167.17217917227,1344,23755994,16059841,1484979,1000964,6113208,4306882,3325060,3409012,4685842,4895042,1931618,940045,2110312,314712,1457655,0,2647320,1193184
382,000970,2018-02-06,-0.07901668129938544,-0.03863037752414411,0.22633585327129147,22860.0,192698.47586831625,2538,108437686,77601781,1017371,1869732,9836356,15284295,12098547,11300897,15778637,20194658,10173016,8202598,8062288,6445950,5867186,1347426,45604285,12956225
383,000971,2018-02-06,-0.07745933384972892,-0.05964368706429124,0.35077364025932384,12790.0,59216.0806797133,1357,26413218,17945641,723326,1417932,7085551,6822822,5574330,3193366,5866624,2519392,3197985,2385937,2023020,761191,0,845001,1942382,0
384,000972,2018-02-06,-0.04024767801857587,-0.003095975232198067,0.13586837108626101,9540.5,39895.87851085509,566,5642971,6250458,494648,633322,2040530,2601447,1486040,1301107,684147,382765,240750,700726,696856,631091,0,0,0,0
385,000973,2018-02-06,-0.07474747474747478,-0.0444444444444444,0.12217260682569502,9720.0,69443.57284889622,1650,28208871,18336184,1244072,1992996,7090240,7237524,5152402,3128216,6024537,2960114,2241551,902261,2526000,1006949,495429,427500,3434640,680624
386,000975,2018-02-06,-0.008010680907877266,0.011348464619492571,0.3770112201752094,22995.0,185059.71846239534,1581,64558631,75445861,833596,1102747,5278682,6786934,6303154,6926822,13692907,14667786,6510426,7023817,4604621,7422354,6288331,6670490,21046914,24844911
387,000976,2018-02-06,-0.03749999999999998,-0.036250000000000004,0.26597858828555626,15400.0,213243.60896366125,907,40576563,23982445,714170,778777,3710291,3532106,3750304,2500429,4942135,4412738,3567763,1439423,2843507,2458397,2682496,1680911,18365897,7179664
388,000977,2018-02-06,-0.004430379746835467,0.0031645569620253333,0.3052080335577603,23925.0,198372.74891917006,2683,117603845,91378750,1411636,2914696,12038670,12077504,12872148,11602228,20863882,17091578,13802696,9356950,12452364,8134401,10050419,11095244,34112030,19106149
389,000978,2018-02-06,-0.0158311345646438,0.0,0.3128451581254097,7610.0,66465.65918913802,587,9235585,5349829,757057,676700,2285562,1530001,2063365,410542,1580833,524095,486564,253172,1394784,998723,0,0,667420,956596
390,000980,2018-02-06,-0.0297324083250744,-0.0069375619425173785,0.22746610762204886,10145.0,60361.735917746155,1970,31793235,27354187,1326290,1828264,8932547,8358121,6356595,5201443,7710102,6404648,2329635,1370889,2009223,2040910,424000,916666,2704843,1233246
391,000981,2018-02-06,-0.024420024420024333,-0.004884004884004756,0.3646386266244719,7402.5,68563.43089851696,504,9304473,4119589,560778,796766,1585334,1184469,1669041,967536,1698930,476877,1429610,270600,0,0,832952,423341,1527828,0
392,000982,2018-02-06,0.024615384615384706,0.04615384615384621,0.09004144750668182,10880.0,114975.0014845515,1310,20414764,35039171,795010,1190321,4542948,5947824,3754690,4193757,4032733,7315675,976443,5124755,1360289,2815494,1254172,2589160,3698479,5862185
393,000983,2018-02-06,-0.01980198019801971,0.004500450045004545,0.19201622078769523,83197.5,449009.4539207359,3356,384026547,268142322,874272,565089,13337005,10709875,24737632,17325285,49847434,37720212,37305766,31863075,29148846,26979934,27795794,26472294,200979798,116506558
394,000985,2018-02-06,-0.08727272727272728,-0.038181818181818206,0.7334268463281393,8035.0,27324.137604465384,506,5830783,2637227,540994,556092,2545469,1169429,1189502,747806,1335481,163900,219337,0,0,0,0,0,0,0
395,000987,2018-02-06,-0.047085201793722,-0.029147982062780242,0.25306819589566537,7080.0,35671.36189647881,1247,12221711,8936846,1102594,1545577,4570340,2881481,2833933,2209433,2506236,931139,888868,722962,319740,0,0,0,0,646254
396,000988,2018-02-06,-0.05767894371091031,-0.02223766504517033,0.32569018703680513,18193.5,118106.74732022051,1954,58264303,42734062,1264772,1587108,8122719,9228401,9531613,8390340,14260934,8149953,6198229,4375297,4081961,3134915,3840883,1746046,10963192,6122002
397,000989,2018-02-06,0.004687499999999956,0.009895833333333437,0.5823787188789086,15200.0,193725.04062344672,1089,26185680,42675014,1079709,1158281,5510542,3101238,3994410,3062798,4970595,7046920,2785741,2170701,1309943,5409501,1684183,1386090,4850557,19339485
