,code,date,pchange_whole,pchange,change_std,amount_median,amount_std,length,sumsell,sumbuy,sell_vol_0,buy_vol_0,sell_vol_1,buy_vol_1,sell_vol_2,buy_vol_2,sell_vol_3,buy_vol_3,sell_vol_4,buy_vol_4,sell_vol_5,buy_vol_5,sell_vol_6,buy_vol_6,sell_vol_7,buy_vol_7
0,000001,2017-09-13,-0.005221932114882533,-0.0008703220191470518,0.22069706830213948,51615.0,532375.0870468908,2713,292038448,313877413,912101,877602,11186456,10627461,13403280,13333751,21387091,25575503,21249942,23378339,14591208,17104191,15280741,19416224,194027629,203564342
1,000002,2017-09-13,0.0181818181818183,0.02371541501976271,0.4370989761061955,90489.5,550605.1154031097,3354,397340659,504816805,608378,512194,12156592,10258558,22060909,18815834,43916346,30071605,33286608,28118653,28979933,31456263,17960860,25925082,238371033,359658616
2,000005,2017-09-13,0.003824091778202643,0.007648183556405286,0.10985270833632313,16337.0,149583.32385991188,2276,67384585,52819867,1880899,1402517,11513323,7491927,10612238,8806218,13968219,9133655,9945097,4806263,6015699,4620961,3864819,2665905,9584291,13892421
3,000007,2017-09-13,0.0025723472668810476,0.0012861736334404128,0.7492196268223307,10850.0,46595.11256852338,430,7084378,3589143,553711,215305,2027824,1443623,1821981,507680,1082644,710395,991774,299520,606444,0,0,412620,0,0
4,000008,2017-09-13,-0.008343265792610244,-0.00715137067938032,0.2837847100029686,8310.0,122530.57877131537,874,20911759,12694142,1008795,821477,3097651,2868266,2510258,1916629,2648320,2182350,1370514,2251583,1005538,741875,1825351,446488,7445332,1465474
5,000009,2017-09-13,0.015789473684210575,0.0052631578947368585,0.16634188883575599,84651.0,528238.9058991456,3269,365578682,419152273,856671,1050544,10614421,11657162,20550826,19105143,37949749,38039460,31941266,31699973,27439175,33313039,17769825,27528337,218456749,256758615
6,000010,2017-09-13,0.0,0.0,0.19690006059171358,10160.0,105003.23116868244,668,15408136,8106780,488382,535906,2347168,3012105,1257933,1225992,3216024,1549293,1481346,1359548,1013561,0,406400,423936,5197322,0
7,000011,2017-09-13,-0.00907787864309606,-0.007166746297181059,0.4224493175744156,35394.0,132788.34052566974,2455,102122379,86975946,786733,879912,13085568,12835157,16815507,14144147,23215455,20015310,10604454,15456088,7756264,4204436,5858802,6212037,23999596,13228859
8,000012,2017-09-13,0.02230046948356823,0.0023474178403755097,0.22413405575951612,13680.0,217617.2963309164,1445,51804086,43214125,1659196,1078957,6120499,5284425,5114734,5925426,6910694,5908332,3405066,5716761,1718621,3161535,2808903,2250014,24066373,13888675
9,000014,2017-09-13,0.0017411491584446992,-0.0029019152640743506,0.5650913128194655,13824.0,57533.38344581641,929,16206149,11869717,684176,903192,4471553,4618974,3706428,3060025,4212827,1390964,1364189,226442,1766976,0,0,0,0,1670120
10,000017,2017-09-13,-0.008536585365853444,-0.0060975609756096505,0.40017589732461717,8965.0,79418.23630094873,419,8526183,3328487,566584,431110,1990771,1416043,890812,781266,1189106,367961,955985,0,0,332107,0,0,2932925,0
11,000018,2017-09-13,0.002538071065989911,0.002538071065989911,0.20499079820092686,12584.0,92264.67517403698,1478,27447242,26311205,1373961,1584937,6774841,5693468,5394313,6397964,4599677,4540158,2898514,4560051,395500,1838213,1673142,841054,4337294,855360
12,000020,2017-09-13,0.001023017902813228,0.003069053708439906,0.937523007709636,11753.5,33792.02986446251,434,5715279,3900097,489445,504099,2418684,1557021,1070957,953757,1465699,582567,270494,0,0,302653,0,0,0,0
13,000021,2017-09-13,0.004395604395604602,0.004395604395604602,0.2083337561305243,7312.0,70169.50746773144,1909,26233545,31111062,1078423,2686738,5163402,7120739,5509365,6263618,5749104,3353245,3771336,2098897,2501825,2368564,885601,2240159,1574489,4979102
14,000022,2017-09-13,0.0007437709185571517,0.002975083674228385,0.7951879121474428,21440.0,84431.76857972011,1143,31156658,20290044,626040,854183,5741018,6289337,5741567,4769358,6897804,4321394,5069561,1180980,1638699,1087420,446892,430836,4995077,1356536
15,000023,2017-09-13,0.004048582995951566,-0.0008097165991902688,0.8874280157835099,12390.0,69702.0295777817,774,13365907,10466594,668205,757477,3638991,3706248,2840972,2031819,2910670,1355531,873252,1265131,307500,358138,493000,0,1633317,992250
16,000025,2017-09-13,0.007496251874063109,0.009852216748768461,1.0554116123455017,28020.0,107571.09627679264,1957,56437821,54821529,1447767,1715157,11127843,9095025,12888923,10111528,10384357,9954877,7345170,8568018,3030247,4159580,2350783,2690965,7862731,8526379
17,000026,2017-09-13,-0.005012531328320802,-0.003341687552213979,0.467064557399645,7152.0,43288.120529645166,656,9212426,5440773,626746,445746,2923759,1892208,2250035,923011,2175943,1249164,462510,222084,368328,305664,405105,402896,0,0
18,000027,2017-09-13,-0.0030349013657055,-0.0015174506828528056,0.20744872864571295,6560.0,73059.81006500297,1009,15903193,8099807,1122438,890745,3112959,2878715,2416868,1854686,2411163,1328763,2209823,0,1112431,706708,0,440190,3517511,0
19,000028,2017-09-13,0.00540540540540535,-0.006606606606606613,1.630581649430516,13340.0,246247.6586982433,1669,66713095,41854425,2161829,1501494,5831667,9525315,3995318,5724251,6916314,5190745,3872994,2814743,3109724,4062840,3529109,3099423,37296140,9935614
20,000030,2017-09-13,0.00108108108108107,-0.00324324324324321,0.23486098452720383,8302.5,97273.35672576763,1552,34239528,19707340,1759075,1245328,5839728,4741002,6603137,3320785,7268987,4227353,3784865,1013894,1915985,1344529,2805899,1351418,4261852,2463031
21,000032,2017-09-13,-0.04013157894736841,-0.03289473684210531,0.3705491607333801,20664.0,130767.01609605314,1685,58090849,36887734,917781,1417330,7555130,9294763,7900095,5533080,10575706,7676406,7457273,3028076,5456101,3130228,2753209,1811916,15475554,4995935
22,000034,2017-09-13,0.023277467411545683,0.017690875232774683,0.521732104298636,19656.0,137321.86342191897,1696,49464103,54060604,1062088,1379640,8194100,6788665,7838675,7610891,10593731,8135109,7266147,4710304,2347646,4478155,3625559,4477774,8536157,16480066
23,000036,2017-09-13,0.001814882032667775,0.007259528130671544,0.23876479227888117,27325.0,223452.3668219206,2131,75369096,93506857,902817,1187349,9802598,11210290,9042657,11131768,17763364,17328545,9786980,10848557,5590233,6858320,4504948,9258771,17975499,25683257
24,000037,2017-09-13,-0.0044642857142858094,0.0011160714285713969,0.4035850833286227,7240.0,85926.98680451527,493,6527180,5495889,384959,673194,1266326,2440883,1515842,1275444,492035,1106368,210600,0,0,0,454272,0,2203146,0
25,000039,2017-09-13,-0.003206841261357729,-0.00801710315339399,0.4086401269753763,16704.0,117795.69740285531,2098,60463978,31083358,1620718,1629715,12122602,6756381,7512992,5620489,10367265,6411458,7760277,3251416,6312487,2532304,1361800,432447,13405837,4449148
26,000040,2017-09-13,-0.006089309878213767,-0.002029769959404515,0.683416639249429,17700.0,118447.30486561991,467,11554722,13199830,295777,237378,2026432,2307972,1810050,2427297,3505584,1820468,1268774,446198,1663431,983796,449594,898340,535080,4078381
27,000042,2017-09-13,0.0180863477246207,0.009334889148191472,0.389320196218383,3456.0,15089.601099609798,1939,2969848,9220661,360388,5321544,1080355,2405397,592176,997326,358384,496394,233145,0,345400,0,0,0,0,0
28,000043,2017-09-13,-0.00747663551401867,-0.0009345794392523477,0.447107871342106,21310.0,295679.83524535067,572,26386061,10936474,350925,322298,3050353,2427379,3249424,2114401,2426157,4060746,5299338,426438,2051734,0,1293712,488376,8664418,1096836
29,000045,2017-09-13,0.004122011541632276,0.0008244023083263663,0.3483492420648673,18165.0,67872.24644966885,1212,25473120,22213771,874544,952218,6303827,6083183,5447459,5449342,5473810,5174989,3528783,1390013,394875,2092516,1863434,401610,1586388,669900
30,000046,2017-09-13,-0.0012210012210012167,-0.006105006105005972,0.30877343581252636,8954.0,170159.64625675112,703,20188325,11168411,1229670,648645,2666226,1777228,2817361,973033,1604578,2003484,691632,460431,1043116,303995,419508,0,9716234,5001595
31,000048,2017-09-13,-0.0037735849056603765,-0.016981132075471694,1.0671920254101044,13287.5,59694.84115400597,616,11569263,9689972,423756,522604,3218304,2576611,2598296,1408243,3216455,2643417,1445797,929213,0,769854,0,840030,666655,0
32,000049,2017-09-13,-0.03157894736842104,-0.038596491228070184,1.0991972786279285,55190.0,338740.86774208455,2690,242770252,147505334,563066,972530,8671757,14212577,14998589,17022567,27331724,27384574,24945183,18098274,20105763,14092289,14564148,10561328,131590022,45161195
33,000050,2017-09-13,-0.05265339966832505,-0.044361525704809335,0.42007247257909064,107088.0,629080.3897242959,3299,552555360,400546359,503794,673416,8283212,13435036,16640882,22608960,30267786,45973793,33758169,42521847,30860215,30720211,24535772,26466333,407705530,218146763
34,000055,2017-09-13,-0.007633587786259555,-0.010178117048346036,0.19904934278031536,8602.0,74360.79847184084,1560,31905224,16528962,1831656,1457752,6833419,6038041,5329092,3351222,4848224,2682479,2785991,1236003,1430970,721517,3642702,420258,5203170,621690
35,000058,2017-09-13,0.003694581280788256,0.006157635467980427,0.24315459570647524,14490.0,59411.11052461828,1115,17989789,20000695,1200867,1162502,5670924,4864168,4795862,4108486,3309214,4558846,931529,1766152,745570,329670,808999,2625329,526824,585542
36,000059,2017-09-13,-0.0024937655860348684,-0.006650041562759723,0.26036009788321696,33544.0,275415.81339056883,2136,124547521,85837997,1077251,1328453,9598936,10296321,11578484,11091710,21883071,14357976,10327991,12282970,12155078,5897651,8280166,6357193,49646544,24225723
37,000060,2017-09-13,0.0053929121725733165,0.0030816640986131016,0.23990072647426344,46296.0,549408.143052007,2931,251452676,249892570,1246275,1282708,11043610,11098412,20531068,14058517,26921935,24335001,24712684,22265987,17452380,12422704,12943933,11626478,136600791,152802763
38,000062,2017-09-13,0.004397215097105223,0.007328691828508482,0.7757001616860327,21880.0,148185.01972160835,1237,32665465,32648213,696709,850034,5573650,7052869,6264761,6002226,6117458,6479041,4250456,3329673,1348590,1695188,2634307,0,5779534,7239182
39,000063,2017-09-13,0.0008028904054595554,0.0016057808109193328,0.45208802047443336,57408.0,403229.54932947276,3037,287408630,280539749,1265797,1467358,11234479,11494788,19056753,17621342,29671688,27558041,28644161,26950447,21854636,20939884,15246110,11644385,160435006,162863504
40,000065,2017-09-13,0.005316792202038068,0.005759858218874481,0.7067620384249357,15883.0,92224.99287430983,1019,20164767,21080245,584929,938684,5138505,5402107,3782497,4115006,3120787,5201095,1184762,1693022,1316097,990756,455064,486208,4582126,2253367
41,000066,2017-09-13,0.008045977011494232,0.0034482758620690834,0.1827300330527962,29851.0,195912.91288453448,2269,114719428,104158552,1428515,1398857,11950642,11103468,13100625,10663010,15043764,17037244,13407224,10785820,8530531,8185222,12700502,10047880,38557625,34937051
42,000068,2017-09-13,0.09159159159159147,0.05105105105105112,0.13221484355896887,24710.0,130294.9756402054,2545,62320797,99590701,1221401,2305095,10936513,13225589,12761093,15259472,13000323,20761732,8964672,10290050,6046301,8161131,2203402,3594412,7187092,25993220
43,000069,2017-09-13,-0.004347826086956386,-0.0021739130434782483,0.20151346416954777,18340.0,154438.93160977846,2087,65911856,55086249,1877908,1143526,9545885,9406485,13830231,6371935,12542703,4388240,6290961,5664888,4958362,2975100,3629618,4971345,13236188,20164730
44,000070,2017-09-13,0.0038058991436726863,0.0028544243577544037,0.33963056458545327,10540.0,56030.46443126436,957,13964736,14841133,588100,1154317,3237064,5014224,2817703,3195516,2742528,2759370,2940167,1003314,692584,635188,421200,0,525390,1079204
45,000078,2017-09-13,-0.0016447368421051989,-0.00328947368421062,0.14494188040712577,8484.0,104243.48372550892,1762,33211648,15188980,2750795,1428958,7299253,3807228,5101077,1705149,4473551,2918054,2896703,1353285,2828772,1429212,870822,0,6990675,2547094
46,000088,2017-09-13,-0.00216216216216214,-0.00216216216216214,0.23836362655755194,14704.0,103545.00015065688,1506,36164816,25107685,1346950,1484097,8482389,6366229,6871121,4427186,6333003,4248787,2895636,3098795,1722367,1791800,2618788,1294009,5894562,2396782
47,000089,2017-09-13,-0.009163802978235935,-0.012600229095074633,0.21883380296807886,15606.0,140676.66662479396,1593,88216861,35780786,1080155,1444838,7017840,5592478,5874105,2657860,5254724,3605122,2707279,2320284,30363469,8187065,30968713,5516581,4950576,6456558
48,000090,2017-09-13,0.0,0.0008389261744965459,0.30178088165963807,17626.0,244357.34809693566,1561,76235226,40781277,1052217,997296,7399951,6086258,6048563,5315877,9645156,7506543,4971033,3924963,6898177,4544560,4701221,1250829,35518908,11154951
49,000096,2017-09-13,0.012569832402234526,0.008379888268156277,0.6956260850701184,10136.0,48275.48798918711,423,5288278,4654548,509057,468956,1946828,1883871,774757,896258,821595,298700,908934,469943,327107,0,0,0,0,636820
50,000150,2017-09-13,0.004104477611940327,-0.003731343283582156,1.0379796692062797,13290.0,76749.76541672969,666,10529168,11779500,711344,309243,4357724,1704808,2066507,1392068,1772992,1667947,470420,2985224,647820,1355418,0,496992,502361,1867800
51,000151,2017-09-13,0.00934065934065953,0.015384615384615552,0.48104805540157985,27645.0,124973.58259713766,1431,41431485,58659665,947883,775638,7537327,7043477,6841239,8617054,9616882,12487822,4688131,8621677,4985026,3163029,2258489,2629943,4556508,15321025
52,000153,2017-09-13,0.00968054211035807,0.012584704743465736,0.3370179960057161,11374.0,65608.70107020786,939,15252855,12894096,1025557,618745,4979403,4178870,2638202,2997542,3030599,2475610,423470,1048776,1026779,637189,0,0,2128845,937364
53,000156,2017-09-13,-0.0040431266846361336,-0.003369272237196852,0.49726908153643473,8886.0,107454.12999611591,890,27246504,10340017,926747,500752,3688403,2605466,3182228,1939143,4254404,1840410,2328469,2374281,1714223,0,2757050,429490,8394980,650475
54,000157,2017-09-13,0.0,0.0,0.10100349586074818,5520.0,131082.05820277217,2073,50069097,29625206,2330050,1277621,7651101,5769032,6279317,2650326,5934640,5432363,5116183,3127816,1770111,303140,3211727,906658,17775968,10158250
55,000158,2017-09-13,0.013698630136986356,0.016438356164383716,0.21292854308719675,38148.0,412498.65407436487,2648,177425194,237680835,972296,1556452,9413082,12191725,11360735,14276231,23310715,22421311,18354494,15228989,11534864,15565266,11957470,6670814,90521538,149770047
56,000159,2017-09-13,0.018018018018018056,0.010510510510510551,0.22358369718945487,13400.0,80579.88519250839,887,13462606,20203915,731664,809299,3991540,3551902,3319842,3214797,2919206,4151138,976127,1759528,1030859,1708264,493368,1340671,0,3668316
57,000166,2017-09-13,-0.0033333333333332993,-0.0033333333333332993,0.1408996193240054,11352.5,162498.43720730685,1816,58260794,33500520,1733040,1215563,7852905,5256198,7855498,4450343,7586435,6622098,8230805,2084044,3539578,2865547,3498328,2306566,17964205,8700161
58,000333,2017-09-13,0.022338049143708183,0.020352444775378453,0.6869009083925506,94507.0,547027.5296981544,3442,373706690,459799360,477235,550869,14557338,11998677,25150246,21555420,46168902,40432523,40925534,38637820,24617313,32158508,26939012,28846375,194871110,285619168
59,000338,2017-09-13,0.005312084993359889,0.005312084993359889,0.13520435169077077,26285.0,249386.5852332546,3110,123657826,180336828,1362966,3219827,11188704,14232448,14694342,18991814,18278248,28490147,8989404,11900657,12548869,25337708,11550323,8918588,45044970,69245639
60,000400,2017-09-13,-0.00841278743690399,-0.016264722378014573,0.3532648292944768,33478.0,215893.56679348685,2549,139839649,80620027,1267061,854322,26423516,9799398,13937066,11580937,20998325,12127773,14358529,8881007,12845981,6760158,7191570,5373260,42817601,25243172
61,000401,2017-09-13,0.046017699115044275,0.041297935103244754,0.2876753344908348,144925.0,607589.1939288981,3473,424484178,628308087,406797,417704,8713562,8901949,19863388,22731132,49707665,53433573,43447631,56433494,37380708,45144148,35603743,44554380,229360684,396691707
62,000402,2017-09-13,-0.0016849199663016012,0.002527379949452513,0.27406445226692205,11880.0,164711.9925826302,1877,50691448,44613347,1282699,1311285,6221149,9969610,5592558,5637716,9625727,6692866,5622863,7547082,3666735,3386490,3229478,1732065,15450239,8336233
63,000404,2017-09-13,0.011857707509881354,0.0026350461133071157,0.2534918328667767,15200.0,106813.40438099694,896,21768368,18228833,884715,583622,4340162,4200312,3146819,3312389,5198210,1856888,2506114,1856570,622510,2120337,929685,418550,4140153,3880165
64,000407,2017-09-13,0.0036540803897684437,-0.006090133982947665,0.31444570205784717,14724.0,82455.17946040227,681,16975579,11097930,699677,723725,3548902,2472987,2991569,1911313,2789455,1731967,2465762,1425672,1690685,0,2789529,816500,0,2015766
65,000408,2017-09-13,0.04064171122994664,0.018716577540107027,0.4187208625316845,34281.0,231629.2313366568,1998,86640900,114192175,939589,1353823,7407920,10952466,10624481,12632561,17551377,15581378,8212447,9599528,7142689,8359897,3998722,6171303,30763675,49541219
66,000409,2017-09-13,0.024675324675324628,0.027272727272727337,0.21247881707570443,23130.0,103725.01486719411,1314,34800548,45284380,762300,907957,6069686,6714380,5205797,6379448,9568262,8753563,4113617,7369735,4317595,4528482,1336079,2150316,3427212,8480499
67,000410,2017-09-13,0.002188183807439792,0.002188183807439792,0.3194639954629506,10103.5,74059.20049658997,818,13527444,12183417,995035,864077,4259082,3104924,3012983,1886868,1810109,1989306,563868,1692646,679524,1016601,415406,952060,1791437,676935
68,000411,2017-09-13,0.018428709990300662,0.008729388942773975,1.2175489432118687,16460.0,145338.30896699798,286,8073132,5926883,192144,128078,1694566,989981,818664,486788,666792,896908,505764,1042264,715616,981066,1279980,435750,2199606,966048
69,000413,2017-09-13,0.004608294930875667,-0.004608294930875445,0.18336020954356624,142675.5,869575.2278378864,3508,542415377,531570478,409546,492052,9398353,10554310,16086290,21407972,40055370,42066900,33345103,34699007,53001998,41084876,89611981,66974500,300506736,314290861
70,000415,2017-09-13,-0.0042918454935623185,-0.005722460658083017,0.15972590608758183,4197.0,61521.154480129,1918,21300888,21073902,2163017,2053626,6204124,3690273,4087336,4640402,2911862,1823147,3290737,1342015,742700,2805539,1370760,0,530352,4718900
71,000416,2017-09-13,0.0012315270935963074,-0.0012315270935960854,0.3596185539970642,8130.0,81791.38242148866,509,12227216,6692761,661447,486539,1449140,1903410,1435290,1244735,2771118,1211293,1005748,722773,2841601,0,821928,479251,1240944,644760
72,000417,2017-09-13,0.05490654205607459,0.005841121495326895,0.2791682861336467,8630.0,92719.3349660076,940,14768676,14421823,1012233,918718,5987194,2589403,1855176,1703118,1978876,2341313,1243217,683392,735380,1370499,1291999,0,664601,4815380
73,000418,2017-09-13,0.025404157043879882,0.0260969976905312,1.0523452018916253,21845.0,125882.67527792136,1693,33487203,60111350,1396659,1640597,7624794,10114553,4498389,8654390,5396393,9052354,8180617,5176468,3614882,3338017,1250529,4001407,1524940,18133564
74,000419,2017-09-13,0.004249291784702569,-0.0014164305949008194,0.3216562142483668,7070.0,80219.77267137192,481,9353185,4871609,349346,398283,1917802,1542228,1880088,1167865,2131894,814863,471976,227010,689231,300475,0,420885,1912848,0
75,000420,2017-09-13,0.023391812865497075,0.014619883040935644,0.09449028705762308,8983.0,94149.77709776752,1314,15878877,29589440,879070,1357127,4091996,6163185,2201216,4212071,3507966,5177984,1305228,3677338,387252,690694,1234571,1765220,2271578,6545821
76,000421,2017-09-13,-0.005471956224350261,-0.009575923392612817,0.2719443671872104,11568.0,62625.4446905629,722,14015646,7353067,665054,643614,4013176,2487919,2391337,2301282,3151566,1627437,515808,292815,358380,0,869153,0,2051172,0
77,000422,2017-09-13,0.0032051282051281937,-0.0016025641025640969,0.18548811784129304,14375.0,142619.38779293187,1132,39258464,25044196,1134310,904140,4436231,4329599,5345336,4156640,5578209,5182629,3671460,2881139,4340193,1760600,3219241,406900,11533484,5422549
78,000423,2017-09-13,0.01734104046242768,0.01669877970456013,1.2136035554236686,43701.0,249639.50834239202,2633,129652659,181669741,1546107,489606,14840992,10918403,15472362,17974442,18413022,23556508,15097332,19998879,13133476,20292643,8005468,8868763,43143900,79570497
79,000425,2017-09-13,0.0025974025974024872,0.0,0.07028457314734692,9240.0,156008.7658892328,3026,79464703,52053200,5019713,2237629,13770728,9469975,8439755,6149182,12747823,5095845,9649031,7826597,5316906,4162032,1840979,1781807,22679768,15330133
80,000426,2017-09-13,0.009322033898305104,-0.0008474576271187972,0.23434024185178542,14316.0,259094.6945222009,2542,87212375,98331809,2305504,1688914,11327916,9015527,9750606,8543062,15727305,11468410,6925515,7553315,4169129,7603026,6059178,3184763,30947222,49274792
81,000428,2017-09-13,-0.007858546168958758,-0.007858546168958758,0.2552040817402129,10150.0,69146.68472138046,397,10060065,4089314,304701,290035,1892101,1165900,2340343,508716,1779392,1148933,1431189,620715,0,355015,1246379,0,1065960,0
82,000429,2017-09-13,0.016184971098265777,0.012716763005780285,0.2656551283250733,9625.0,111918.92614521689,1060,13110658,26902224,1285580,825322,4862092,3591000,4047588,3079146,2251879,2533004,250270,2660413,0,1967533,413249,2240238,0,10005568
83,000430,2017-09-13,0.01602262016965117,0.009425070688030335,0.399959699735713,10760.0,72278.13584430696,703,10859277,12919164,644156,566791,2712824,3502275,2326845,2630928,1911886,2655629,1853558,1465446,701583,321300,0,0,708425,1776795
84,000488,2017-09-13,0.0054555373704310295,-0.0016366612111291534,0.3195098239750811,102877.5,576855.8301522186,3296,406106975,447780833,860419,823043,9725421,10650041,16490110,17965550,41908529,39508661,37163652,36467819,31365595,33748928,25920144,23274165,242673105,285342626
85,000498,2017-09-13,-0.008383233532934131,-0.013173652694610682,0.19454432433250748,4125.0,30852.857219349753,1844,18230557,7185885,2412410,1089219,7152123,3717353,4073338,907356,2350839,747724,1412373,203196,0,0,829474,0,0,521037
86,000501,2017-09-13,0.008645533141210304,0.004034582132564912,0.45104575327628976,6920.0,106466.34422383925,1480,24107874,26759336,1050294,2202654,4686790,4540580,3062443,3988794,4652727,6015774,1885887,699850,1699300,1336780,1649754,931992,5420679,7042912
87,000502,2017-09-13,-0.007223113964687111,-0.0048154093097914075,0.5009308445494656,12295.0,48566.28673724512,618,10920853,6372206,980134,381247,2982263,2210302,2089477,1434137,1583306,1784585,1638547,253175,1647126,308760,0,0,0,0
88,000505,2017-09-13,0.0009442870632672129,-0.01510859301227574,0.44527561387070513,13624.0,71947.51594194569,565,16983333,5360719,371959,362843,2503896,2058965,2290972,1338406,4435767,1390505,4664652,210000,314400,0,457539,0,1944148,0
89,000507,2017-09-13,-0.0009285051067781103,-0.0009285051067781103,0.21949160053749286,22491.0,117288.11840185568,2409,73375430,59201886,1339650,1611412,12567145,12819231,13143381,10840569,15376492,15515319,7532145,6065410,5423283,1759050,2254373,3636176,15738961,6954719
90,000510,2017-09-13,-0.005698005698005604,-0.018993352326685642,0.21917209991553077,21010.0,133017.73604593286,2310,85255913,51610019,1262446,1506371,11243368,11070173,12903081,9075931,16559427,13698526,13753440,6063971,6041728,2292866,3944416,2681224,19548007,5220957
91,000513,2017-09-13,0.009623430962343082,0.00794979079497904,1.2597595811923115,14424.0,72934.12457387113,1439,16662799,36207638,933394,2930212,3776064,8985999,4260152,5792129,3391185,6851472,1283844,4794020,1072274,2424272,463296,2305395,1482590,2124139
92,000514,2017-09-13,-0.005069708491761693,-0.006337135614702172,0.24957917107705196,9420.0,97725.82076738481,999,18809464,10341170,1097874,975486,4806508,3653655,3524898,1636760,2055139,1441993,1216224,240516,928272,1062062,0,0,5180549,1330698
93,000516,2017-09-13,0.001872659176029856,-0.0037453183520598232,0.1388129319272691,5320.0,146996.2433136733,1482,41571722,15736500,894949,3075085,4136443,3821168,4128721,2559932,3564534,2168009,5087466,501002,2424250,1307910,3033043,0,18302316,2303394
94,000517,2017-09-13,0.009111617312072884,0.002277904328018332,0.13543198368032683,3504.0,57438.617377421855,1052,12715802,8713424,949787,813395,3304620,2551853,2091673,1457477,2044978,727738,2246806,1145719,327000,0,438000,1366922,1312938,650320
95,000518,2017-09-13,-0.0013037809647978849,-0.006518904823989535,0.31666056695477507,7630.0,58964.79003313351,586,7942345,6352887,549044,827162,2216613,1539454,901614,2391347,2205294,294318,463784,0,1059072,0,0,0,546924,1300606
96,000519,2017-09-13,0.0026833631484795006,0.0,0.28702667957968114,12342.0,90949.94369432094,1517,32820731,27129507,1032686,1275049,7252220,7516411,4620959,5297605,5699366,4842114,4269139,1656118,1804039,1339570,2175209,906992,5967113,4295648
97,000520,2017-09-13,0.003696857670979492,0.003696857670979492,0.1808482680713793,9214.0,84577.8861526795,895,14442767,16716206,711704,864034,2778711,3113924,2923540,2218445,2543892,3445921,2308503,1378882,1304824,679431,0,902298,1871593,4113271
98,000521,2017-09-13,0.0117647058823529,0.010084033613445342,0.1454183919857996,4207.0,81548.89980902907,1676,16542170,29864179,759898,2460307,4028600,5243219,3219354,4853206,3070942,3321462,1375965,2374296,961808,3436103,0,1332547,3125603,6843039
99,000523,2017-09-13,-0.00411099691675243,-0.009249743062692661,0.38990227875059563,17307.0,81323.97563588376,622,16416397,9009085,554759,708835,3355841,3088464,2556288,1346335,2963717,1729195,2569750,452914,1443635,723198,894504,449224,2077903,510920
100,000524,2017-09-13,0.016702977487291326,-0.005083514887436524,0.44879404114503435,13610.0,58893.81930824593,941,14194956,13189737,818295,827665,5130447,3888532,3981100,2827002,2475406,1970635,494406,1190565,737426,0,0,887074,557876,1598264
101,000525,2017-09-13,0.027198549410698103,0.02810516772438798,0.5087891081679844,24832.0,140615.78409835589,1882,51149226,68683401,1255124,684912,8616133,10409453,9742407,14481121,9194755,10914760,8001536,6377867,2640763,3255925,3993014,1871497,7705494,20687866
102,000526,2017-09-13,-0.011461318051575908,-0.008022922636103158,1.7931452722091865,17315.0,64176.34404960924,378,8846758,3754088,235893,291581,2278839,1571469,1740258,752643,1914626,930255,991322,208140,0,0,408515,0,1277305,0
103,000528,2017-09-13,0.004381161007666945,0.0010952902519167917,0.19419390959326302,10087.0,97384.36693463725,2213,40012866,38535301,1416174,2223914,8164038,8126240,6877416,9192231,7339221,7357078,2949641,3234635,2386059,3729664,886033,2790908,9994284,1880631
104,000529,2017-09-13,-0.012658227848101222,-0.010356731875719172,0.3309046754621375,7794.0,171791.54766420327,689,16988600,4444890,1404911,589060,2690421,2427503,1956750,822181,3000879,606146,2037586,0,388720,0,474168,0,5035165,0
105,000530,2017-09-13,-0.0037783375314861534,-0.0037783375314861534,0.23486441753450824,15740.0,85751.49060145764,1143,24837073,25504426,1063260,1006105,6069486,5215112,4642688,3544109,4466208,4848188,4162942,2387607,3135527,2496286,0,852883,1296962,5154136
106,000531,2017-09-13,-0.0044543429844099425,-0.008908685968819552,0.4468573726510392,8910.0,60157.849989056114,403,7860616,2556873,519821,356144,1870770,1252692,1086560,804019,1938820,144018,792110,0,354618,0,0,0,1297917,0
107,000532,2017-09-13,0.010137581462708045,0.003620564808110016,0.5084815894434055,12492.0,78055.99564077971,737,14160489,10941084,714574,739214,3331068,2763651,2497166,1995663,2333931,2011975,2742831,1237959,305800,1390497,480248,0,1754871,802125
108,000533,2017-09-13,0.01445086705202292,0.01445086705202292,0.3980342134513749,11478.5,111174.01979640085,680,12021612,15790362,474122,661991,2664050,3122802,1976041,3191653,2452790,2108045,1421802,1467106,0,647833,405727,0,2627080,4590932
109,000534,2017-09-13,0.015282392026577885,0.008637873754152814,0.6413202745473238,15170.0,128332.22364703674,550,9325151,13321185,406354,467224,2442823,2389132,2372125,1706807,2021210,1906093,1413146,758561,669493,300409,0,0,0,5792959
110,000536,2017-09-13,-0.0017241379310344307,0.0,0.21201612647386953,6094.0,83920.55405048559,748,12468529,8990280,735143,658300,2698988,1979597,2130346,1668373,1698537,2396763,1665024,1623145,646816,664102,490560,0,2403115,0
111,000537,2017-09-13,0.012304250559284302,0.010067114093959662,0.3219149497320481,6293.0,114258.67677373631,771,16130642,10964485,1021417,592563,2315598,1879515,1820037,1719563,2960281,2385823,1002299,720694,1031377,1099387,1749293,450000,4230340,2116940
112,000538,2017-09-13,0.012661195779601453,0.01348182883939053,2.0377014628735566,25950.0,252522.57913170115,1752,76717885,108788687,1873930,2167274,7077407,7145892,8438119,7838306,17477296,11893530,6566282,6414645,3798586,7241717,6132012,8806025,25354253,57281298
113,000539,2017-09-13,0.0,0.001879699248120259,0.1965290316079884,6396.0,105896.30216866345,733,9854834,5400465,530210,1882400,2388712,1457101,715819,462735,1108449,610500,477500,660549,673418,327180,0,0,3960726,0
114,000541,2017-09-13,0.0021739130434783593,-0.0010869565217390686,0.26918253930200076,9230.0,139964.93118782472,1168,30669114,20615570,1139613,1595687,5241304,4191252,3232434,3725308,5602783,2786229,1904532,2321266,2208982,0,879903,3995936,10459563,1999892
115,000543,2017-09-13,0.0017667844522968323,0.0,0.18985390290481932,6780.0,63470.13294242347,889,10682975,10408425,1103851,318475,2539353,6072124,1436473,870911,3114765,831503,1205185,0,0,0,0,0,1283348,2315412
116,000544,2017-09-13,0.0005743825387709567,-0.0005743825387709567,0.665754144042306,12236.0,75822.39527339625,683,10973236,11300486,538812,904431,2934974,3374227,1978757,2793602,1778665,2198651,1199878,974777,676871,351599,473279,0,1392000,703199
117,000545,2017-09-13,0.0015384615384614886,-0.004615384615384688,0.14281123453544173,19680.0,127434.0067416382,2075,69167645,58268485,1748577,1427405,10433729,8125480,13540858,8376517,11943497,11365358,8827775,6370103,5645810,6179902,5289554,1745929,11737845,14677791
118,000546,2017-09-13,0.029641185647425905,0.014040561622464809,0.2990218087208113,20720.0,145511.18144901848,1848,53647367,59536919,993756,1665037,6872978,8561876,9190936,9145898,11312536,11228048,8115018,7440667,4282493,3191635,2253528,2977957,10626122,15325801
119,000547,2017-09-13,0.0,0.0017271157167528806,0.26733646571364117,19873.0,162501.7698337911,1877,66300224,45415738,1506684,988534,9880774,9817806,7687903,8195776,11503392,7841902,8695643,5937328,2821072,1933380,1803902,2632399,22400854,8068613
120,000548,2017-09-13,0.0012515644555695093,0.0,0.2829314185028903,7990.0,45675.199427519154,797,8550371,6957727,777672,798625,4429543,2194634,1722560,1208762,924748,804805,695848,232000,0,0,0,881301,0,837600
121,000550,2017-09-13,-0.01017935046049434,-0.009209888511875763,0.5672848306375754,20285.0,104491.22117980458,1322,36376351,26914542,815017,683319,7599269,6031524,6262029,5776104,6702511,6382423,3356941,3226496,1964105,635338,4004893,1364818,5671586,2814520
122,000551,2017-09-13,0.0052631578947368585,0.004210526315789442,0.3390046533247901,9560.0,50402.47606566144,785,10199928,12011061,850112,902665,2873125,4645875,1884449,2550956,2422825,2513029,1466878,0,702539,356004,0,423132,0,619400
123,000552,2017-09-13,0.01187648456057011,0.0071258907363420665,0.09249637596029565,5894.0,122716.2090125633,2081,39936787,51422381,1488082,1498947,5824502,7049554,4535546,5626489,5301046,8747609,4603929,5090140,3585900,4708631,932198,3552344,13665584,15148667
124,000553,2017-09-13,-0.011502516175413424,-0.012221423436376666,0.41928095907711826,15114.0,73602.18413537636,1100,23108180,22503502,534000,1067259,4669337,5822265,3191964,5166119,8492540,4779641,2653298,2492340,1082186,1117973,825600,896787,1659255,1161118
125,000554,2017-09-13,-0.017324350336862304,-0.015399422521655493,0.22152859846760198,25537.5,182055.22630499516,2202,103709536,63090879,934558,1337855,9071754,11753720,12580685,10845826,15110909,11577014,11965293,7787432,9162304,3106159,7191795,2566079,37692238,14116794
126,000557,2017-09-13,0.027491408934708028,-0.003436426116838587,0.14035268455016478,11620.0,73202.97560021625,1722,33150959,26119961,1626269,1427589,8048123,6546685,7941232,5230793,6949542,4981434,4051478,1987454,1791758,1062156,0,0,2742557,4883850
127,000558,2017-09-13,0.004437869822485174,0.007396449704141883,0.19421169230582216,13500.0,99031.99934534194,1212,23903588,29318167,1090016,1012982,6305447,4264984,4192507,3954809,3489500,5520776,3959245,3132401,734700,3373173,1314284,418815,2817889,7640227
128,000559,2017-09-13,0.008912655971479388,0.002673796791443861,0.21122491389315196,44800.0,221405.982457985,2826,160157380,157909018,1015072,1026403,12303447,11452442,16905549,19392128,27798517,28905346,23931071,20041943,13912806,17664647,11096377,8192092,53194541,51234017
129,000560,2017-09-13,-0.0017667844522968323,0.004416961130741859,0.23751225492615227,29198.0,142848.37183787354,2274,83259501,82859264,1042350,1117902,11306267,10590934,12089484,13391626,20145208,16310186,12807469,11757303,8736549,4753948,4387846,8207419,12744328,16729946
130,000561,2017-09-13,-0.010912698412698374,-0.015873015873015928,0.27931375868172664,11011.0,110340.52992981776,1303,38240725,13250542,1600840,1415914,4638046,4351963,13823341,2415290,4699304,2045844,1058454,660668,1447603,0,3343882,0,7629255,2360863
131,000563,2017-09-13,-0.00907441016333932,-0.00907441016333932,0.12836411784557394,15372.0,226825.68292543685,1847,69165230,35827535,1327500,1182378,8981559,7569604,7626654,6095766,8757383,6605619,4312292,3008637,2845050,2392712,4105011,1837204,31209781,7135615
132,000564,2017-09-13,-0.007485029940119681,-0.0119760479041916,0.13701913238023283,1983.0,44631.76292734279,2380,20313080,12053598,3599777,790832,5024035,3464421,4452305,1826278,3762729,2082756,1978046,1427775,601920,0,894268,482296,0,1979240
133,000565,2017-09-13,-0.010204081632653184,-0.013265306122449028,0.27300493782800467,10802.0,140080.0411481552,1289,38240498,17876848,1451773,1446655,6190326,4761899,5689762,3920534,4750483,2069141,2796825,748300,2469596,695024,2262588,460579,12629145,3774716
134,000566,2017-09-13,-0.003072196620583667,-0.009984639016897057,0.515947949936454,20792.0,229417.6211567969,636,51771566,19331606,457721,399935,1347094,3372128,1411122,2312703,2719693,4279215,4315811,1487023,3952442,1395961,2158005,2754147,35409678,3330494
135,000567,2017-09-13,-0.0011173184357542443,-0.004469273743016755,0.9483004699823757,16050.0,62165.591193606124,801,16391101,11683304,545963,453254,5523191,3208514,2709347,2893018,4022539,3742318,1155867,411650,1312061,0,0,0,1122133,974550
136,000568,2017-09-13,0.03738140417457303,0.03681214421252377,0.9445693150782662,118954.0,759767.4204650717,3116,551353619,605022756,417883,472222,9249413,9666465,16436185,17156621,29669420,28080420,28169109,25677872,37963526,21116618,26751644,14874213,402696439,487978325
137,000570,2017-09-13,0.00137174211248281,-0.005486968449931462,0.24281680803965225,9360.0,111846.75826657104,901,15684996,13010931,434927,1164385,2423335,4155717,2369897,2137161,3040640,2848195,2240749,1596520,1049550,705215,0,403738,4125898,0
138,000571,2017-09-13,0.0013368983957218195,-0.0013368983957220415,0.2034495909407837,14940.0,92695.38281666298,1352,34133445,26534520,1308429,1024528,6811375,4913309,5946645,4822842,6161713,6111736,4576660,4351960,2440838,1400338,2211657,418132,4676128,3491675
139,000572,2017-09-13,0.01980198019801982,0.003960396039603964,0.12262954393084688,15059.0,221873.94727755213,1699,65238709,48616362,1398035,1218856,6703309,6803276,6459701,6657817,8676114,6359396,7512752,5440245,4495214,3182548,2165669,2173729,27827915,16780495
140,000573,2017-09-13,0.00815660685154973,0.0032626427406199365,0.21288096696606246,7368.0,77183.49890428304,829,13860935,12586965,557388,1097413,3052486,2013151,2620465,2864589,2123908,3105377,738903,1328996,1031207,937815,431730,442800,3304848,796824
141,000576,2017-09-13,0.019689737470167,0.018496420047732665,0.47947814725417265,22789.0,97739.43560133447,1225,27816183,37430332,297048,1266148,4849008,8024027,5476873,7609675,6125191,6617125,3630474,3928085,1738132,4514010,2208569,1312981,3490888,4158281
142,000581,2017-09-13,0.0020824656393167995,0.006663890045814247,0.4761194461216891,26576.0,179429.12043161085,2543,96597651,109775079,1422420,2224852,11000706,13830022,9715746,11856133,20481970,18928006,14263874,12676935,8319857,9187443,4098391,3651264,27294687,37420424
143,000582,2017-09-13,0.012448132780082943,0.014937759336099532,0.3145960087232263,18120.0,110344.9783237801,1467,31964037,43972597,1037761,1028214,6969376,7339790,5185746,7627220,6168617,9526498,2302346,7523493,967051,3674434,1352169,2790182,7980971,4462766
144,000584,2017-09-13,0.02294853963838661,0.013212795549374157,0.4051121928872306,28740.0,271258.55652438686,1260,44169544,59881439,1091611,376030,6772223,4677676,9997409,4903669,9488387,10667926,4211369,6171720,1696814,3632065,1826140,3884613,9085591,25567740
145,000586,2017-09-13,-0.0009341429238672871,0.0,1.4571764068169986,10755.0,119136.89695425185,215,8554102,691823,322061,73011,1143836,410256,496271,208556,956261,0,492799,0,972246,0,1744389,0,2426239,0
146,000587,2017-09-13,-0.0038363171355498826,-0.010230179028132946,0.25725441139231453,7780.0,215683.47734116396,924,43662484,10598379,1020323,1036771,3357488,2845322,2920338,1852459,2080643,1708263,977202,276190,4520434,391000,3252000,0,25534056,2488374
147,000589,2017-09-13,-0.0035149384885765356,-0.005272407732864748,0.23027525447713557,10744.5,57129.6270314879,610,11274365,6596245,542817,435950,2991376,1863878,1929111,1374539,3112059,1794578,979545,223398,729980,0,424477,400728,565000,503174
148,000590,2017-09-13,0.0012150668286754485,-0.0018226002430133947,1.1126190703050307,21853.0,112404.07911940785,218,6043708,5130411,173582,168918,1008492,916929,1416874,944876,1691319,806447,441142,213980,0,366119,492300,0,819999,1713142
149,000591,2017-09-13,0.00815660685154973,0.011419249592169667,0.13305482359740495,18693.0,161926.9394402305,2127,67146963,69368414,1358639,1675281,9186126,9684478,9621804,12133418,10719440,14016035,5332527,4665357,6293406,8082688,4231607,3540008,20403414,15571149
150,000593,2017-09-13,0.0,0.006381039197812077,0.40539445656363327,16567.5,108580.72541200432,732,21812980,17486961,679725,347216,3162808,2605710,3107365,2018773,5374435,4582472,4005044,2492722,2373113,1319147,436552,418068,2673938,3702853
151,000595,2017-09-13,-0.012544802867383575,-0.014336917562724039,0.14256287140440435,11040.0,65342.20955957851,1534,30642629,18492786,1219581,1423484,6363350,6439813,6016714,4861865,6626411,2895239,4265195,1704967,2347217,346164,1334846,821254,2469315,0
152,000596,2017-09-13,0.009604302727622027,0.013638109873223225,1.0693333926887725,42112.0,166273.7609216901,2371,99976811,110784216,687491,630267,11983533,12329311,17060726,13615074,27202660,23797405,10067989,15506303,4885345,6027580,4428989,6275417,23660078,32602859
153,000597,2017-09-13,0.002629272567922891,0.0008764241893075564,0.2797028365531443,14729.0,98654.60695974255,1665,41897590,35151764,1748396,706290,10686761,5826922,5820079,5282506,9247832,6366726,3902505,2361532,1427764,4101329,1671545,2644061,7392708,7862398
154,000598,2017-09-13,-0.0017636684303350414,-0.0017636684303350414,0.14442286445292235,6226.0,126156.68244372944,1543,34141959,22019707,1473819,1043851,5803920,4194950,4654520,2313101,5854585,3247144,2686407,2770690,2369041,1048232,2268059,0,9031608,7401739
155,000599,2017-09-13,-0.008862629246676468,-0.00738552437223039,0.23721490803127973,13420.0,82759.7452642546,814,21727474,9520238,598189,818836,3601449,3179917,4240649,2318131,3340374,1472344,2490546,1135405,2794703,0,2649102,0,2012462,595605
156,000600,2017-09-13,-0.0040551500405515695,-0.0024330900243308973,0.26260908564199426,27104.0,175074.6161245809,2205,87501917,89722478,1252843,1288218,11376600,11523293,12156795,10338000,17715514,15514417,8272219,10744436,7963231,6840482,4260736,4107608,24503979,29366024
157,000601,2017-09-13,0.015625,0.01432291666666674,0.21117221764294572,10042.5,91025.79900389981,1324,27754194,20998792,1226451,1236987,6501765,3475690,5107727,3369705,6855674,3753006,3144704,2239300,1091148,1119221,964502,466200,2862223,5338683
158,000603,2017-09-13,0.01708278580814726,0.006570302233902758,0.41390103456234417,13572.0,77498.1610434091,1353,30345194,23809989,1018747,1745377,5471177,4992929,5555890,4464863,7781091,6293348,3727922,1666030,2635462,1507149,1848431,817563,2306474,2322730
159,000605,2017-09-13,0.004214559386973127,0.0019157088122603305,0.6415244844655731,26170.0,113769.28710960587,1655,49744752,48266994,749143,893244,8515084,9314021,8073779,8857983,11764237,9493882,4171351,5444631,3086936,3629428,2252857,3177361,11131365,7456444
160,000607,2017-09-13,0.0052151238591917615,-0.00782268578878742,0.27266880254000947,9958.0,106376.24066064121,791,19318938,10595836,728447,867104,3110613,3369049,2062959,2355791,3073707,953580,2923180,894798,1039041,702183,947391,410805,5433600,1042526
161,000608,2017-09-13,-0.009776536312849249,-0.009776536312849249,0.3209817590160319,7140.0,113708.50271355883,497,13260927,6905484,665708,432640,1587625,1386961,832293,1396898,1739051,1914236,982150,202635,1697045,661292,970575,910822,4786480,0
162,000609,2017-09-13,-0.000652315720808816,-0.001956947162426559,0.5629003467424656,15320.0,75893.80563445628,741,17578576,13343085,486269,758176,3408264,3772247,3159482,2252908,3556219,3442373,2393373,1645623,1945118,927598,0,0,2629851,544160
163,000610,2017-09-13,0.008744038155802825,0.006359300476947549,0.310665366764754,12770.0,92914.59127569702,1640,30515072,29042496,1527527,1105782,7883840,8004158,5478615,5710915,5214071,4803538,4203780,3061892,1649270,2528368,0,1748213,4557969,2079630
164,000611,2017-09-13,0.06534422403733964,0.05017502917152861,0.2175242060346129,18942.0,105731.53688509471,1554,34612646,54770623,1087194,1623204,6347757,6643370,7744883,7788803,6287978,10915662,4022311,9274698,3038551,6410606,927581,4503599,5156391,7610681
165,000612,2017-09-13,-0.007067137809187329,-0.0026501766784453595,0.22037071313984705,31332.0,220290.92171793175,2643,136180690,105645698,1484818,1107466,12906089,9687952,17333131,14083552,23475784,13626822,22078104,13418366,9982781,8491582,8929212,4498605,39990771,40731353
166,000613,2017-09-13,0.024539877300613577,0.02556237218813906,0.24047098041462997,20100.0,105991.33294694193,1655,39825462,53397341,900289,1283021,6044692,9075124,4869112,10391884,9461476,10370251,6952323,5936601,3728861,3648547,1805678,4940039,6063031,7751874
167,000616,2017-09-13,0.015521064301552201,0.011086474501108556,0.11661196823474111,20565.0,191685.31155522197,1499,43852716,75428707,1025833,1247047,5743023,6817136,5348003,7669653,7288359,10430785,5232473,6984108,3908589,5543957,4031955,5846876,11274481,30889145
168,000617,2017-09-13,-0.0011422044545975618,-0.0051399200456881955,0.6634059620161937,14843.0,57209.92857882638,696,14868009,8092647,583806,518181,2954998,2714546,3953555,1982558,4072087,1454668,1232351,682732,989355,739962,0,0,1081857,0
169,000619,2017-09-13,0.0,-0.0010277492291880241,0.46182074267107753,13579.0,53955.520222662315,443,6944893,7423982,548482,543491,1983524,2261204,1941396,1200781,1167436,1764310,456972,1032108,388800,622088,458283,0,0,0
170,000620,2017-09-13,0.0,-0.0039525691699605625,0.22608236886852448,4542.0,43447.140413880115,1128,11448813,8459229,1045182,1657681,2381409,2738403,2228209,1899392,2606546,1498078,1679087,290675,306936,375000,0,0,1201444,0
171,000622,2017-09-13,0.006535947712418277,0.006535947712418277,0.2860520069182552,8610.0,59230.77405458702,457,7097117,4160569,361253,488232,2119141,1662652,977472,797627,885040,925542,720342,286516,328328,0,431816,0,1273725,0
172,000623,2017-09-13,-0.0008695652173912327,-0.004347826086956608,0.5588736711629524,22930.0,166324.49175862037,1693,74925138,39095239,1571112,867549,9222322,6945492,9833515,6088909,13932147,8173963,7676678,5014519,6729319,1677828,5957200,1287732,20002845,9039247
173,000625,2017-09-13,-0.005718370264474637,-0.007862759113652529,0.27642738855029186,31924.0,264232.95837959665,2562,154828892,119249875,1461087,1501248,11672036,11621631,15619045,13998364,23246416,18994089,17801413,15519635,10903832,8846480,14531663,9816262,59593400,38952166
174,000626,2017-09-13,0.05051935788479689,0.036355051935788474,0.4502859798288061,41819.0,358970.80143394653,2215,108558793,198214903,722204,851311,9279860,10905343,9764314,12788478,18090357,21873406,12741797,18142766,12851991,12390012,7042666,8265534,38065604,112998053
175,000627,2017-09-13,-0.007284079084287187,-0.006243496357960288,0.18482333005785292,28440.0,164873.60082868056,2707,127736468,85706292,1804155,2317483,10962441,13976271,13807104,13599143,26235618,19420472,16685668,11660784,8485964,5370842,9281541,3594706,40473977,15766591
176,000628,2017-09-13,0.004793863854266611,0.0028763183125599667,0.3786900374781592,11511.5,47759.705004864176,758,10775467,10682026,529419,696167,3516426,3758924,2605064,2666155,2238583,1547052,1573375,716527,312600,339150,0,435552,0,522499
177,000630,2017-09-13,0.0,0.0,0.06085503481487304,20724.0,356834.27556520083,2710,154317023,119275622,1705690,1948305,11577409,12069799,12255617,11775150,18763229,16596326,6062196,8606247,6899778,6976346,2964365,2693437,94088739,58610012
178,000631,2017-09-13,-0.0024630541871920597,-0.004926108374384119,0.1857975206444346,5656.0,96037.91014902105,477,10517402,3880989,548933,281580,2164710,1133791,1030069,472778,886863,390185,886096,873473,703768,324000,881932,405182,3415031,0
179,000632,2017-09-13,0.0,0.0,0.2632315059703343,10080.0,66332.3324900248,574,9911144,6861120,454946,593468,2382139,2384203,1717807,1387208,2583886,1065289,0,229320,1393227,316000,854147,0,524992,885632
180,000635,2017-09-13,0.021616057642820374,0.011837364899639713,0.4618481845144319,19345.0,71207.88332346111,1770,41183285,34861895,1465990,1693626,9258514,8937882,7694166,8491883,10295662,9006890,4893435,4081122,2816218,704793,1318516,415590,3440784,1530109
181,000636,2017-09-13,0.0,-0.007201646090534974,0.19321803403846605,33740.0,229517.60311308946,2534,132807395,104822169,1467329,1754107,11794610,11624224,15493735,13391420,25078436,20816366,17521252,11726979,16197118,8817137,4942026,3580184,40312889,33111752
182,000637,2017-09-13,0.002777777777777768,-0.005555555555555536,0.2312903953484429,7210.0,66444.11986059202,969,16409442,12300166,790476,1149013,3648412,3201433,2483374,1996625,4037381,2811685,1066321,1497891,1119399,350028,834358,1293491,2429721,0
183,000639,2017-09-13,0.00366300366300365,0.004120879120879106,0.6947953809311352,13134.0,46565.66954616232,988,14935236,10496064,807054,897392,6162005,4040693,2642276,2063946,2606549,1928513,1702770,765172,380886,361948,0,438400,633696,0
184,000650,2017-09-13,0.010204081632653184,0.005102040816326481,0.2161071426739113,7092.0,76465.16693036204,740,8781430,12942514,639397,745322,2345094,2412635,1777394,3804002,1256860,1981578,1215051,0,369340,1009955,0,0,1178294,2989022
185,000651,2017-09-13,0.01716621253405992,0.017711171662125214,0.6144556188419549,264972.0,1451688.5947783627,3567,904720991,1305311757,82136,104486,4685556,5133062,14530653,15730260,38585186,57134126,51775648,61216185,49570880,58079592,52034568,62202448,693456364,1045711598
186,000652,2017-09-13,-0.009363295880149725,-0.009363295880149725,0.15520908648674303,10560.0,77943.85075766395,1185,24363993,16012350,892051,1034308,4051693,4226574,3735439,4641662,5499088,1885476,3330604,1360172,1078586,1855206,1733881,479952,4042651,529000
187,000655,2017-09-13,0.031746031746031855,0.020105820105820182,0.20402642738100796,32175.0,162406.07203923777,2149,95402797,96179264,1506942,1200383,10102860,8981008,11458656,11606976,17674335,15437672,16084562,9842918,9665827,10126036,7790889,9441393,21118726,29542878
188,000656,2017-09-13,0.0060240963855420215,0.008032128514056103,0.13534947564068425,8466.0,215114.58551289735,1356,21741814,39727005,1739432,1443466,4934346,4400966,3280602,4239868,2525659,2429299,3230619,995061,1673101,1027508,954666,1284536,3403389,23906301
189,000657,2017-09-13,0.02635135135135136,0.01418918918918921,0.33288869545830124,22560.0,118462.05572665198,1979,53168982,52695125,1284454,1060546,10575582,9591547,11459352,8912157,12173150,10249175,6381843,4769369,3860283,4762566,1377340,3159915,6056978,10189850
190,000659,2017-09-13,0.05063291139240511,0.04810126582278462,0.11018086788027243,16659.0,152293.21687565674,1288,25959648,51863905,854542,998629,4955162,6361494,4300359,6338094,4007749,8684747,4068859,6787270,1744756,3716635,462701,1803191,5565520,17173845
191,000661,2017-09-13,0.006874522602597022,0.011040899937504456,4.4128959647739165,57820.0,305194.5297282816,1065,77064371,82197589,38070,16996,4931442,5605643,4702817,5670839,10935289,11415868,7247289,5616714,7284392,8208948,5467541,2706890,36457531,42955691
192,000663,2017-09-13,0.005710206995003464,0.002855103497501954,0.7179437372341896,11240.0,46825.507910515276,380,5236551,4476444,268744,418195,1609825,1707875,1063396,1255050,980051,600870,491881,494454,0,0,822654,0,0,0
193,000665,2017-09-13,-0.003225806451612967,-0.006451612903225823,0.46949320140937756,6155.0,54594.904617132845,697,10321086,6904357,721484,990228,2416470,1099584,2403583,1621772,2045374,1670372,1005396,690066,689360,0,468540,832335,570879,0
194,000666,2017-09-13,-0.009367681498829161,-0.007494145199063218,0.48040191510698144,17088.0,137329.5289135442,1975,53409042,54849954,627046,2450280,7906892,10031121,5659874,9181064,11270169,10190813,5307650,6791314,3856951,2746659,2725348,834516,16055112,12624187
195,000667,2017-09-13,0.005899705014749346,0.002949852507374562,0.0945151338953154,4080.0,53926.40896821261,1291,14397491,9752273,1665010,860482,3666816,2743662,2865905,1036672,2222510,2230776,1404345,918057,696628,300220,488072,490620,1388205,1171784
196,000668,2017-09-13,0.009786989061600249,0.008635578583765069,1.1431992352575222,17320.0,60681.806773142685,230,5084552,3666249,159258,166871,1167143,676949,1272046,1260583,1133566,795646,1352539,766200,0,0,0,0,0,0
197,000669,2017-09-13,0.0,-0.0037151702786376584,0.3857136554799232,8035.0,86977.33032448738,1753,28152288,27630959,1364735,2678684,5129300,6756664,4474925,3103460,4333776,3550078,3420528,1492829,2057829,1980600,877170,1927563,6494025,6141081
198,000670,2017-09-13,0.02571428571428558,0.050000000000000044,0.1206548869992765,70805.5,448441.5966060951,3388,301187663,340011053,876826,1049193,11264983,14948631,17937330,22625147,34416789,37766960,31646408,37701017,20563599,33639942,27580642,21544631,156901086,170735532
199,000671,2017-09-13,0.059259259259259345,0.03703703703703698,0.13773151701888126,32571.0,287413.34064038465,2409,137537401,146003867,1518983,1257222,10708991,7924517,11642442,11937792,22389822,15566890,15313845,13516767,12923123,16595756,8051818,10566461,54988377,68638462
200,000672,2017-09-13,0.009389671361502261,0.007511737089201942,0.19783054030346295,38628.0,151000.1593635874,2901,112094110,126156031,1146002,1211869,13807672,15803256,18271000,18193058,30487477,30140856,17422297,18977251,6325230,10887415,5328563,6313101,19305869,24629225
201,000673,2017-09-13,-0.00983606557377048,0.0,0.3466636449047227,16982.0,132420.8017028854,1239,33993936,31760451,906613,1022140,4946683,6183983,4445303,5060356,5134737,5003189,3090295,5052552,4910193,4154530,418830,468160,10141282,4815541
202,000676,2017-09-13,0.004172461752433909,0.0020862308762168436,0.42756181976544344,11496.0,72263.36211070897,1131,24216442,11767528,1151752,917192,5603812,3500521,4592928,3535032,5127638,2287043,2028198,0,1765663,0,0,0,3946451,1527740
203,000677,2017-09-13,-0.0020408163265307477,-0.004081632653061273,0.20865301162917832,9720.0,155109.58189350957,551,12146017,7920885,524716,671201,2459317,2061585,1887004,1279969,2123468,1179698,949080,1171774,0,0,0,0,4202432,1556658
204,000678,2017-09-13,-0.005747126436781436,0.0,0.2529118457462191,17870.0,88050.18544182097,1186,37732109,27694496,725072,1348841,3746982,5218182,6510924,3720835,14158841,6029429,8819358,4197615,2212564,2685585,496800,2193689,1061568,2300320
205,000679,2017-09-13,-0.008350730688935326,-0.006263048016701522,0.293704337440598,9540.0,81789.18115716989,1064,19320752,10807095,1532741,819315,4657515,3455400,3398001,2501874,3334691,1758260,1906309,1170352,724070,369024,411173,0,3356252,732870
206,000680,2017-09-13,0.013377926421404451,0.00836120401337781,0.1464660886863717,19328.0,150451.1152167828,1669,54245622,62437301,1158637,1353004,5939138,7917312,5642595,8114071,7760543,10712397,9083785,7558463,4276156,9377397,2636353,2828337,17748415,14576320
207,000681,2017-09-13,0.029940119760479167,0.02286336418072943,0.435863354959179,24329.5,177014.28768066943,1782,55984826,82873703,1064149,1430326,8214814,7992325,6029644,10498729,9478303,13815437,4520052,11237730,2755823,6111726,2239946,7961260,21682095,23826170
208,000682,2017-09-13,0.009208103130755152,0.009208103130755152,0.14320281255859243,12144.0,80715.81853132529,1440,27896796,31379100,1140911,1153729,5585556,4922857,5530953,6908749,4857574,8377002,3776181,4916121,1299756,1596794,956382,1698306,4749483,1805542
209,000683,2017-09-13,0.015105740181268867,0.0060422960725075026,0.07123047614177122,18177.5,190829.7473497221,2174,73141189,83389507,1875111,1321367,8841767,8294200,8901311,11429984,12055569,21964907,5306023,8699115,8472725,6780949,1729588,3442739,25959095,21456246
210,000685,2017-09-13,-0.0027297543221109777,-0.005459508644222066,0.28206489820314323,5485.0,64614.05742132027,1518,23640985,14974771,2095836,1264360,6307247,2787240,4134756,3022683,4908210,2382185,2382422,1113113,1431585,1749396,410454,868032,1970475,1787762
211,000686,2017-09-13,-0.007441860465116301,-0.01023255813953483,0.27028037011418365,18071.0,207168.89979969134,1582,68794047,42392583,933906,1023031,5548862,8648182,5966917,6704715,6842996,7342542,8150484,4432335,2956385,1701026,2324674,3111398,36069823,9429354
212,000687,2017-09-13,0.008227374719521396,0.00972326103216159,0.35937638310765607,24282.0,103610.0527167845,1384,36922219,32880995,865885,709286,10810602,6116012,6431508,5868082,6205207,8712844,4269002,2839987,654934,2163326,431288,2827594,7253793,3643864
213,000690,2017-09-13,0.0023923444976077235,-0.0011961722488037507,0.21647209279341847,17598.0,155335.76460264542,1492,59094091,40989644,1751337,838898,6963475,5639422,6501672,5270332,9202872,8373243,5652167,7500786,5239904,4959510,4383566,2189171,19399098,6218282
214,000691,2017-09-13,-0.006180469715698522,-0.0012360939431396156,0.3871255531776099,12202.5,63358.92074303523,436,9081709,5301767,475616,400485,1893705,2223309,1851097,1019637,1303182,725630,1748417,220584,333731,712122,827161,0,648800,0
215,000692,2017-09-13,0.008633093525179714,0.0057553956834532904,0.3084629100106436,9048.0,43984.05844445568,507,6748327,4495328,756402,443473,2286297,1378767,1001817,960349,1859991,871767,0,492472,393370,348500,450450,0,0,0
216,000695,2017-09-13,0.01317957166392092,-0.0049423393739703725,0.5842388978081221,12090.0,35786.50573389644,431,5887597,4388507,406896,339146,2297527,1689743,1324690,1250125,1412197,656855,446287,452638,0,0,0,0,0,0
217,000697,2017-09-13,0.06799083269671513,0.06378915202444624,0.4601527223020451,96250.0,647870.5731602326,3243,355373529,511616150,613529,707487,9912774,10971932,18515023,18425166,35838476,38523732,31198422,38832033,26903854,30170834,22181033,25685841,210210418,348299125
218,000698,2017-09-13,-0.0028776978417266452,-0.0014388489208633226,0.24940324008808787,15246.0,79391.53802581945,776,20192773,12225417,735468,582628,4088705,3072230,4060578,2292513,4740330,3118303,3083663,1128690,303096,362268,856505,970184,2324428,698601
219,000700,2017-09-13,-0.004160887656033285,-0.00832177531206657,0.23267074240363725,13680.0,134791.7944825863,960,29295818,17497878,772689,992889,3711883,3922099,3627711,4158131,4533855,2835855,3523396,2159126,2809955,361154,421850,1305200,9894479,1763424
220,000701,2017-09-13,0.0022883295194509046,0.0022883295194509046,0.4002887681312948,16861.0,81948.3358301409,1072,23901385,23618042,704129,837683,6012864,4682716,4756741,4259365,5577556,4473807,4376311,3064488,1181520,1778136,0,960098,1292264,3561749
221,000702,2017-09-13,0.002178649237472685,0.004357298474945592,0.22140798985555307,18550.0,88467.4015343806,1720,38533179,38911033,1022292,1710771,7798407,10094741,6704884,8667486,7125913,7800947,3300003,3369773,3521764,1723416,4643037,1850760,4416879,3693139
222,000703,2017-09-13,0.004833836858005869,0.0018126888217522286,0.36953900591427535,9864.0,85496.97844048246,2011,26460685,38246404,1479047,2365756,6561922,8812786,4842226,6712992,4679484,6248655,1536980,3682674,3008696,3112235,1357645,1755119,2994685,5556187
223,000705,2017-09-13,-0.0028382213812678803,-0.007568590350047311,0.2312396892665297,3153.0,45351.82879947847,2090,23574871,7212497,4159059,599904,5134699,2423131,3833864,2373435,2973158,1605379,2395145,210648,1328420,0,427757,0,3322769,0
224,000707,2017-09-13,0.001366120218579292,-0.001366120218579292,0.30832149392568825,14600.0,125606.06308961935,563,21071530,7411775,570645,452307,2800623,2061287,2657278,1660393,2300813,1285601,2649753,1240237,2448678,711950,443592,0,7200148,0
225,000708,2017-09-13,-0.003436426116838587,0.014432989690721598,0.30634586477322356,35988.0,186710.40363601493,2260,98803354,105168083,1158057,958889,9082445,10693494,13518298,14532052,20133355,20381293,11323844,12453665,10889661,7671358,8642565,8521061,24055129,29956271
226,000709,2017-09-13,0.019027484143763207,0.01691331923890038,0.08194625208704054,78540.0,569384.9011286683,3351,290729543,507593942,871545,1059464,10572390,12558176,19596381,23834019,31211041,47295387,29035508,50972633,21299019,30543127,14036782,23701471,164106877,317629665
227,000710,2017-09-13,0.03035485250106884,0.019381502066410095,1.310885503646206,81030.0,654104.6377961605,2882,330766640,353721863,736090,1060487,8383199,11016335,14822977,17861937,24132700,33702913,24500723,28959562,24514160,28299623,11514461,23211635,222162330,209609371
228,000711,2017-09-13,0.004929577464788837,-0.0007042253521126751,0.4818057467121205,9989.0,54361.48822122611,868,13163782,9153872,1231924,555363,4346186,3130994,3163272,1968885,1810128,1855197,226880,694048,0,949385,952776,0,1432616,0
229,000712,2017-09-13,0.003022670025188745,-0.00906801007556679,0.5033430899790629,27538.0,190446.2121331506,1555,85103215,46578335,1366398,1056542,8073449,6384094,8322912,7012598,12303649,10040568,7191572,5448203,5819444,4931116,7010683,2234638,35015108,9470576
230,000713,2017-09-13,0.019138755980861344,0.017942583732057482,0.24889010428805325,17100.0,85625.0212666401,1129,24184416,27016804,670723,1088239,4701457,6131928,5180350,5146996,5136627,5985771,3044681,3422597,1759821,678711,1295065,2231639,2395692,2330923
231,000715,2017-09-13,0.00917431192660545,0.004587155963302614,0.2880397158998942,1095.0,15338.040355662073,1432,3021604,3762142,248691,1773899,1289432,1458528,434396,419322,506858,110393,217109,0,325118,0,0,0,0,0
232,000716,2017-09-13,0.003012048192771122,-0.0030120481927710108,0.19145583635222754,11916.0,70933.32265918345,1203,22922024,16406273,1108569,1349722,5031557,5465917,4185741,4064535,3399432,3027069,2228269,613005,2039476,1332593,1810556,0,3118424,553432
233,000717,2017-09-13,0.019977802441731418,0.02219755826859049,0.15403714809532523,126415.5,716007.6178587548,3432,485388196,587836658,566409,769103,10685639,9809019,18062481,18170592,40532739,40099962,39482740,49256644,38645991,46011083,34188942,34930983,303223255,388789272
234,000718,2017-09-13,0.0036166365280287938,0.0,0.15692206792890637,3863.0,106662.87764631634,1243,20316909,14407105,1269807,786715,3505790,2595940,1374892,1644876,3400596,2419768,3345356,3216312,1004356,367745,0,496384,6416112,2879365
235,000719,2017-09-13,-0.005439709882139487,-0.011786038077969074,0.39602720136976177,4380.0,85866.445578371,775,14487587,9419506,911747,245237,2826621,1434277,2371783,1291383,3655669,1791977,1547868,879801,703193,654000,980912,0,1489794,3122831
236,000721,2017-09-13,0.011749347258485532,0.003916449086161844,0.18760136620904427,18576.0,94779.07023259529,1668,40361491,35380615,1122821,1401456,8802148,9320302,6553291,8209771,8865638,5788644,2159647,3740269,2258909,4637273,1780410,851144,8818627,1431756
237,000722,2017-09-13,0.0008278145695364003,-0.0033112582781458233,0.4632937518099279,13243.0,107292.03528442279,679,18696760,8420296,515989,551853,3787861,2940753,2913481,1426852,4309245,2489557,1193060,648877,1488884,362404,1348240,0,3140000,0
238,000723,2017-09-13,-0.016393442622950838,-0.015300546448087537,0.20147829881267168,32543.0,276937.30116958765,2065,122514612,112369053,1329237,1469155,6961350,8626507,9928880,11256781,14776770,21437131,13476370,11237019,10332580,11755975,14488686,13661945,51220739,32924540
239,000725,2017-09-13,-0.0025510204081632404,0.0,0.06773218608532168,40086.0,776085.8114086093,3380,270979057,445477751,924613,1934182,11177082,17683372,12401482,22726247,22218172,38256047,14858247,28325973,10029407,16160779,16336232,22274537,183033822,298116614
240,000726,2017-09-13,0.0024772914946327163,0.0,0.3039466986149362,6047.5,110471.63023704398,1588,15981181,19067300,1310505,2303188,4051223,5437567,3643385,3019393,2585012,2155275,0,797561,397980,351587,2245918,447426,1747158,4555303
241,000727,2017-09-13,-0.0035335689045937757,-0.0035335689045937757,0.06729225575411067,6768.0,335789.6515854016,1782,45199417,33441204,1266149,1644787,5147622,6967091,3320201,4858221,5192741,4910107,3073164,3133894,2433125,3143527,1777415,1769367,22989000,7014210
242,000728,2017-09-13,-0.0013774104683195176,-0.003443526170798794,0.28348448779566043,44524.5,249705.3990424654,2624,188508680,157009797,1208282,958608,12291581,12111085,14245635,14481897,25457276,24860329,22691953,14215565,18104442,14508777,13155627,15202248,81353884,60671288
243,000729,2017-09-13,0.004636785162287493,0.0030911901081918103,0.1423232118963546,3900.0,58621.33774226347,2071,17285632,21218428,1965287,2193921,4776054,6025060,4399086,2410740,2201264,3835155,1229459,1192687,388200,1008579,889894,1295450,1436388,3256836
244,000731,2017-09-13,0.0,0.0033821871476888976,0.21883986681651119,10692.0,106812.56394715427,1644,38017737,37305877,1172805,1908914,5449624,7163584,4532474,6110489,7620251,6429366,6394944,3418631,2677067,4749878,2691094,2108564,7479478,5416451
245,000732,2017-09-13,0.021046643913538166,0.014220705346985163,0.461546559355931,8985.0,137751.2039076383,1451,32292929,32476261,2616765,1030918,6174757,3713023,4770568,3142512,5956706,5793063,2177791,4225176,3055438,1658266,1324429,1402776,6216475,11510527
246,000733,2017-09-13,-0.0029256875365711865,-0.009362200117027486,0.4083974390663898,21931.0,120704.126257665,1751,64624588,39701212,1052391,1063166,10160651,8300617,8542190,9144431,14336181,7604866,7753364,3365895,4672587,3130718,1679483,1292171,16427741,5799348
247,000735,2017-09-13,-0.004322766570605263,-0.004322766570605263,0.21681624565134924,10320.0,161723.26307196755,1025,32883717,20739905,1125560,844554,3915671,2862710,3087445,3565233,3660378,4078655,3859301,2886517,4601262,1374072,1778849,961916,10855251,4166248
248,000736,2017-09-13,-0.004258339247693477,-0.009226401703335663,0.526721006446219,12645.0,61978.77390127533,715,14750670,8623439,416925,1041895,2917462,3277266,2611388,2316477,2775192,1235450,2986411,752351,975542,0,838550,0,1229200,0
249,000737,2017-09-13,0.11004784688995217,0.11004784688995217,0.11858844524935563,32160.0,456001.858649373,2805,129362510,147838804,1564633,1620319,13654726,11744587,18376475,16026364,20563870,23065244,15041249,15995918,9917765,11259508,6849772,9377409,43394020,58749455
250,000738,2017-09-13,0.006555723651033851,0.006555723651033851,0.4721167108198921,20060.0,166846.46269490183,1764,56354441,48510599,1797392,713781,11032881,6493332,9506793,6678431,11275607,10014699,5573717,6647162,4159600,2366407,2970855,3113730,10037596,12483057
251,000739,2017-09-13,0.00536193029490617,0.004021447721179738,0.2021598386487385,9730.5,100192.07220831915,1364,29757678,17402219,1563823,961134,5495183,3884908,3909809,4033422,4451965,3333074,2198367,521865,3467552,701472,1338291,0,7332688,3966344
252,000750,2017-09-13,-0.004885993485341911,-0.004885993485341911,0.1499822238696645,11590.0,162906.2740214021,1678,49478507,34532785,1669921,1212788,6450233,5674695,7348639,4539643,8785536,4654822,5384309,2053319,4629014,2987326,2652195,909551,12558660,12500641
253,000751,2017-09-13,0.01969696969696977,0.0,0.12006078481596225,38512.0,230757.77957722743,3031,172936568,128668535,1645009,1497236,14234735,13766048,20245604,18186377,30500560,24171458,17455088,18431570,14674253,12751154,13178854,10984400,61002465,28880292
254,000752,2017-09-13,0.034916201117318524,-0.006983240223463638,0.3769925758478543,15587.0,108306.84671283627,1443,30100698,31288338,1088837,1389774,6688376,8039941,5947994,5097533,4904107,5726690,2589285,3293480,1034542,663378,1815657,917414,6031900,6160128
255,000753,2017-09-13,0.002132196162046851,0.0,0.19252212190897716,11280.0,76005.43654191821,593,12899370,8179659,672035,538708,3044942,2159120,1977013,1590743,2452979,2150692,1139732,509304,1082452,760092,892000,471000,1638217,0
256,000756,2017-09-13,0.0024922118380061864,0.004984423676012373,0.46934754842218485,21274.5,106658.45770313576,1172,31908863,40948811,690144,1026723,4801210,3630349,6248984,4433297,7217737,14636317,4274001,8573496,1323093,3733928,1849128,1409481,5504566,3505220
257,000757,2017-09-13,-0.0013966480446927498,-0.0041899441340782495,0.29792580018533255,7799.0,62808.99870650665,577,8873205,5739017,611888,727567,2398979,2079489,1668965,822504,1407816,1008095,978557,287116,355000,300886,484980,0,967020,513360
258,000758,2017-09-13,0.011947431302270273,-0.0035842293906809264,0.15976449378500895,37620.0,253008.47143592924,2750,174773253,129991591,1377109,1551601,14110123,11029706,16652639,14561265,28377745,27139551,17377161,18560792,13257604,6611107,9072907,13566706,74547965,36970863
259,000759,2017-09-13,0.004424778761062065,0.0022123893805310324,0.31308606080359846,6363.0,59475.56563645083,833,6509001,12996376,818375,1085881,1988587,3296134,1414414,2354472,646959,1533252,500406,666060,664468,1075174,475792,1788060,0,1197343
260,000760,2017-09-13,-0.0029910269192422456,0.001994017946161719,0.26136506600567233,18162.0,100178.86244829906,1473,40797106,27876124,1075475,707192,9512612,5135361,8134245,5215661,6845486,4603473,3139071,2012444,3905332,3030099,0,1369657,8184885,5802237
261,000761,2017-09-13,0.010309278350515427,0.00589101620029453,0.13452745610729439,37968.0,320812.58386283135,2557,149958370,163434054,1259370,1524558,9734339,11552842,14778645,15290941,18198362,26185258,17528492,18429988,12407940,13440154,9017482,10346839,67033740,66663474
262,000762,2017-09-13,0.05136363636363628,0.005454545454545601,0.37336387830448,158040.0,1865613.0559027735,3481,840948029,846896294,431028,312485,9430122,8545669,17454640,19158511,34966341,42807124,37200326,39355872,28416964,33146505,31547477,37334186,681501131,666235942
263,000767,2017-09-13,0.0,-0.0027932960893854997,0.1492819623136423,7120.0,55521.126925976474,575,10623431,4011629,617593,424734,2574678,1229793,2173585,1025024,2313834,1332078,1362745,0,363120,0,450696,0,767180,0
264,000768,2017-09-13,-0.000538502961766385,0.000538502961766163,0.44084550454886373,18680.0,144731.673909125,1774,56903514,55156848,1238746,1519214,8419349,9046908,9707246,8880188,12510723,7833312,3580431,4488712,5641058,5995058,1310235,4367371,14495726,13026085
265,000776,2017-09-13,-0.012913223140495922,-0.01394628099173556,0.35133280673054396,78720.0,607816.2627765315,3038,365242167,293983350,784379,1130175,12427625,10145703,19165525,18081619,35853425,33424941,27712686,39166674,24536913,32234238,16804292,24968601,227957322,134831399
266,000777,2017-09-13,-0.005524861878453136,-0.006629834254143652,0.5036506457951108,16182.0,92863.66457591788,1291,28925444,17381380,1090849,1334391,7142770,6158167,5774077,4077999,4763772,2912084,2372420,420034,1699809,2030505,0,448200,6081747,0
267,000778,2017-09-13,0.003007518796992459,0.003007518796992459,0.1326749107996717,20677.0,184698.23596092776,2517,90253179,90960720,1801010,1500725,14068171,10797379,11315417,11065919,12788881,13337979,7420438,9657407,7862610,8428011,4760811,4009176,30235841,32164124
268,000779,2017-09-13,-0.013236267372600863,-0.015221707478490942,0.542282157512943,14870.0,56214.21059811616,776,15011884,10097434,509583,714862,4141575,3384177,3382214,1970342,3239880,2418985,1222286,998523,1329146,610545,0,0,1187200,0
269,000780,2017-09-13,0.005586592178770999,0.005586592178770999,0.18163016008411503,10740.0,90883.76133274962,874,18454111,13936371,690996,698068,2943897,3872095,2334568,2022336,2629129,3062724,2568665,1364422,1879441,669912,434747,0,4972668,2246814
270,000782,2017-09-13,0.031016042780748654,0.03529411764705892,0.23499522406016823,23987.5,128550.36819825103,1584,37222187,66975125,1214728,1497973,6599267,7365234,8384912,8969992,7816464,16566442,3147189,9408163,3914662,5543501,2286865,3475559,3858100,14148261
271,000783,2017-09-13,-0.003988035892322994,-0.004985044865403632,0.24055275319525302,13733.0,123039.31566557512,1739,50334952,39317597,1673118,2127076,7692714,6587917,7452055,5055849,7591790,10395000,5072447,5351346,3576676,701152,2098299,1918579,15177853,7180678
272,000785,2017-09-13,0.01623083859332719,0.018935978358882055,0.2947133331926651,4516.0,87167.5202569443,1416,23023148,23783324,2610592,556059,4063325,3541647,3129403,3525792,5762706,4494219,2078952,3158456,683668,1986954,1770382,952230,2924120,5567967
273,000786,2017-09-13,0.01212507977026167,0.013401403956605051,0.3086627367985007,31760.0,201206.65263475425,2578,113678593,127435804,1293052,1669401,12840047,12946502,13051712,17494849,20473539,20774839,12802940,11939673,8940575,14952355,4348505,9125911,39928223,38532274
274,000788,2017-09-13,0.012536162005786,0.008678881388621162,0.384140809056034,13578.0,110451.858749538,728,14556317,16677129,479392,398974,2879602,3149065,2639421,2990193,2389444,3790366,1661374,1962615,731835,1557371,403200,842122,3372049,1986423
275,000789,2017-09-13,0.029556650246305383,0.020935960591133007,0.1816127362500639,20700.0,165900.4432051331,2001,69503349,78589009,1930472,1230748,8901907,8755054,9457710,9915104,9900287,13240039,7776316,9941354,6623254,6254677,5771716,7383153,19141687,21868880
276,000790,2017-09-13,-0.01671583087512285,-0.014749262536873142,0.43226775767716413,12084.0,217980.9704022272,553,10039733,16273636,378018,344040,2873205,2160362,2231213,1314642,1257899,1898708,1284591,816101,302604,627030,450795,1309951,1261408,7802802
277,000791,2017-09-13,-0.006038647342995085,-0.004830917874396046,0.25984517143111757,10673.0,73429.56986592116,1015,22011790,10930506,1175266,1038023,4996106,3653815,3996367,2011147,3221056,1798751,2749386,903052,706878,1118006,2220785,407712,2945946,0
278,000792,2017-09-13,0.035190615835777095,-0.0007331378299120228,0.23773795059262187,84351.0,879517.0323673458,3302,523491760,387902612,1253555,720537,12066367,9859265,18738501,17580779,35574724,36917253,35094293,27871403,27240201,20021210,27031957,24841883,366492162,250090282
279,000793,2017-09-13,0.00287356321839094,0.0,0.3417391046854189,20760.0,291083.32815797103,933,40776198,57293701,550814,727541,2900402,3002895,3484310,3460778,7859008,4821810,3570079,4296712,4016286,2647483,1810568,2389612,16584731,35946870
280,000795,2017-09-13,0.018223234624145768,-0.009111617312072884,0.14872898498961978,104880.0,921954.0275083659,3499,452559958,564210116,507698,835674,10304191,11789244,20336419,26867832,39445380,49763330,37256052,41054711,32554879,38236705,30128467,26945214,282026872,368717406
281,000796,2017-09-13,0.010843373493975905,0.009036144578313143,0.3188815957809795,35448.0,172092.77482088105,2713,113271852,115151588,1215474,1532352,14332398,13289536,18073226,17142638,22230654,25614945,12756410,11270690,8078254,8537604,9038348,6973432,27547088,30790391
282,000797,2017-09-13,0.0092592592592593,0.010185185185185075,0.4022992653251717,11962.5,140576.41293069566,720,12902769,18543848,518145,520242,3075544,3386759,2789291,2895540,2162875,2847033,1697867,2034815,1695178,1315074,963869,880626,0,4663759
283,000798,2017-09-13,0.0,0.007135575942915473,0.27603885111365534,13818.0,100838.88864657361,1264,27677700,28523863,1201455,1595426,4835628,5739837,4336213,4483053,6868761,5796576,3941167,3774223,2050935,2369754,900176,837050,3543365,3927944
284,000799,2017-09-13,0.030604982206405618,0.04021352313167248,0.4751793300059487,156897.0,782788.9941730283,3504,536354454,676257797,316053,467552,6410621,9284268,18367523,20743889,47685086,46665323,48476439,38455301,42138500,48368644,38158967,37346860,334801265,474925960
285,000800,2017-09-13,-0.008936550491510209,-0.01429848078641649,0.23603448758263074,39852.0,181479.7793320827,2250,138520864,95851447,993870,939525,11847123,9147806,11983413,10437095,35148319,18828158,15682122,12217956,11611495,8227705,7902899,3607540,43351623,32445662
286,000801,2017-09-13,0.001225490196078427,0.006127450980392135,0.22318005845654754,11410.0,110640.38064661867,1337,26116209,29934955,1486991,1383151,6687009,4571858,4322432,3058743,3969187,4892327,2333094,2416415,1376277,1329300,1374178,2648677,4567041,9634484
287,000802,2017-09-13,0.009445100354191327,0.007083825265643329,0.40399332479423444,25567.5,189545.146040919,1758,50353980,66852967,1082456,1032669,8139072,9985125,8805778,10690020,12245154,10776374,5746524,7676362,1825301,4539137,3673396,1900276,8836299,20253004
288,000807,2017-09-13,0.0059563203176704604,-0.0046326935804102964,0.2552771058291527,147220.0,1381529.7841067184,3516,877655055,799779797,644784,517570,9125738,10684156,15463951,20495322,33670084,40391963,29160316,42839208,34271757,41992193,31972788,30842224,723345637,612017161
289,000809,2017-09-13,0.0024691358024691024,0.0,0.2257435058501501,10100.0,66068.07825655417,321,7879149,3232023,324098,267486,1854149,1098754,1060766,581850,1191996,878933,1104030,405000,1016550,0,810000,0,517560,0
290,000810,2017-09-13,-0.030833333333333268,-0.025000000000000022,0.2768227734302653,21186.0,254610.9231217629,1881,80298629,67029635,1110865,1402847,7794833,7706887,7416906,8830347,12429325,11796109,7468373,9166542,8932729,4996751,8685651,4567820,26459947,18562332
291,000811,2017-09-13,-0.007881773399014746,-0.011822660098522286,0.3328138861047371,10170.0,173048.64757276853,930,34201966,12834252,461565,828096,3362659,4051668,3636217,2403283,3995911,2709055,2998204,1115643,1970271,1300456,415521,426051,17361618,0
292,000812,2017-09-13,0.02764976958525356,0.023041474654378113,0.24577417202989857,13155.0,111617.57923540108,1247,18020425,43081865,1077839,1423780,4122584,5612764,3966746,5919250,3426435,8274210,1970874,4751170,986465,4848775,820766,2627499,1648716,9624417
293,000813,2017-09-13,-0.0036057692307693845,-0.0024038461538461453,0.25434801536115587,4150.0,46363.4559465453,1070,10621033,5298087,1006386,1847287,3599634,1868588,1267048,653239,1984007,325563,704039,253150,397919,350260,0,0,1662000,0
294,000815,2017-09-13,0.009114583333333481,0.02018229166666674,0.3700476685404578,24416.0,122425.51307069561,1725,54236872,54822012,1099407,1097279,8495974,8233609,8567868,8857381,12895273,11220689,6181690,6779767,6546801,5067485,2314338,3684744,8135521,9881058
295,000816,2017-09-13,0.012747875354107707,0.012747875354107707,0.14649732916638694,7887.0,78566.4462995554,2325,44730395,34681003,2593947,457308,16880760,3269177,9932325,4458619,6006958,5408922,3081362,6917941,1697010,5352880,844910,1348270,3693123,7467886
296,000818,2017-09-13,-0.002540220152413286,-0.002540220152413286,0.2928342196005165,17640.0,110413.96019692702,1627,47548388,33662545,1052955,1273536,8334028,7168957,7176396,6264342,9827831,5639631,5360447,2969421,4444823,2193340,1798280,846810,9553628,7306508
297,000819,2017-09-13,0.05076419213973793,0.061135371179039444,0.4144710636961564,27464.0,138842.959859722,1959,56021833,76097180,1226539,1420924,9519786,9700414,9362253,11991986,11944937,14598177,5610506,9615958,6210612,6203060,4978016,4157113,7169184,18409548
298,000821,2017-09-13,-0.01630837657524098,-0.00963676797627877,0.3643384847538965,23994.0,106600.62264655296,1371,49071131,28695390,846282,846980,6984535,5754498,8287943,6391275,12246412,5979994,4966761,3792347,5240801,2410022,1810400,406161,8687997,3114113
299,000822,2017-09-13,-0.0015600624024960652,-0.004680187207488307,0.23854507113174395,51440.0,320324.52493754175,2895,206863628,227886129,1009098,956404,11375632,12201325,15407525,16191128,27838272,33420803,23775052,20876091,15990349,16395701,14564579,14832462,96903121,113012215
300,000823,2017-09-13,-0.03658536585365846,-0.03590785907859073,0.3100580420860658,39001.5,347495.1636850086,2270,179302572,119647263,1134330,1465447,6005231,11397957,10441378,13688067,21503867,20170149,14952699,12336364,8203939,10788009,15885708,9113558,101175420,40687712
301,000825,2017-09-13,0.036832412523020386,0.025782688766114337,0.09644408643780074,57062.0,491503.0995068922,3183,273563097,359560858,919788,1327898,10864151,14537058,15757568,21856189,26931896,41140778,24394370,27468932,17892027,24702542,15790704,17618850,161012593,210908611
302,000826,2017-09-13,-0.010115606936416222,-0.010115606936416222,0.9014610316330163,24206.0,240842.9937917842,1473,69102660,50153521,653199,780022,8091460,6926683,5165166,7212339,11385482,8122984,15099811,2764327,5208753,4977318,3649275,3024198,19849514,16345650
303,000828,2017-09-13,-0.0007843137254901489,-0.007843137254901933,0.46135672615852696,17724.0,88599.26565185036,763,22201291,11677802,535999,390474,4047204,3214765,3871015,3286797,4663445,2313800,2879768,1103535,764953,311100,485140,0,4953767,1057331
304,000829,2017-09-13,-0.0009310986964617962,-0.004655493482309203,0.3477989372815291,6432.0,47920.814216852035,953,14080845,8891078,732555,1121936,3802944,2401171,2424889,1980878,3727908,1988056,1613393,671077,1281431,727960,497725,0,0,0
305,000830,2017-09-13,0.01896207584830356,0.01896207584830356,0.1774146407918606,60268.5,324551.6104659452,3198,241710407,276818633,967698,894272,13525872,10697529,19564747,18072720,33720247,31868907,31095783,35540690,29067035,25672947,13711516,17355666,100057509,136715902
306,000831,2017-09-13,0.07361963190184051,0.014723926380368013,0.2801046110991155,124260.5,509300.38289694226,3392,398194987,430096458,502575,748594,9601450,10536019,18768905,18428431,44506425,45880818,47675566,43103376,46959787,45088559,41008757,33780819,189171522,232529842
307,000833,2017-09-13,0.06971153846153855,0.04807692307692313,0.1606382661159909,29925.0,138693.15654030762,2687,81375511,119414028,1615139,1807760,12139266,13794157,14612845,16007811,18814050,22764747,9960452,18271270,7322582,10017891,1700330,9516395,15210847,27233997
308,000835,2017-09-13,0.004089979550102374,0.005112474437627856,0.3477973819729332,12740.0,99835.71129735016,790,13955485,15164403,760654,957586,3423837,3624284,4300749,2481944,1695331,2179523,1900679,674279,677271,335203,414564,422260,782400,4489324
309,000837,2017-09-13,0.007853403141361293,0.005235602094240788,0.2601444693709827,14620.5,65600.51195299713,862,14624155,16515425,699611,998626,4396568,3536873,3377113,2623289,2600305,2657388,2417028,2664331,727917,2476543,405613,900199,0,658176
310,000839,2017-09-13,0.009157509157509125,-0.01098901098901095,0.18573397724348287,127019.0,918040.4387627211,3461,566400043,664618175,419082,759925,8435875,11447214,15614524,21305228,37287167,52653390,40272544,50006593,30062837,36944025,32244192,34223308,402063822,457278492
311,000848,2017-09-13,0.003215434083601254,0.0,0.2937884422064506,13511.5,84739.01056632753,1008,18232434,20757930,1094775,1157262,4402562,4167226,4560632,4323441,3251187,3175502,3392763,1706049,0,1931606,463999,0,1066516,4296844
312,000850,2017-09-13,0.0,-0.0018518518518519933,0.2394198648947982,16169.0,98322.53534515806,508,16677717,9319040,313598,445168,1836430,2186006,2430808,1510629,2500135,2014071,4500952,2622166,990523,0,1747399,0,2357872,541000
313,000851,2017-09-13,-0.009657594381036083,0.007901668129938422,0.25093142312691336,21888.0,156430.4382525584,2062,76299118,64403813,1741231,662111,9471311,7772749,11206266,8666226,13277558,10094829,11146223,9759583,5225970,5942937,3801245,2758836,20429314,18746542
314,000852,2017-09-13,0.012142857142857233,0.007857142857142785,0.29324049984126166,28140.0,100370.30951852803,2280,63396057,68472715,1302661,1521086,11570635,13800998,11965108,13943891,13319389,14792541,7275805,10309946,4911278,5519847,4814186,2144420,8236995,6439986
315,000856,2017-09-13,0.002467395135706818,0.004582305252026853,0.5867182612503155,31273.0,138489.45163423836,2338,78562247,93163689,1152109,1259496,11926844,13354510,13078911,14368750,15071447,23555567,10672129,11933749,6531204,7088781,5323514,4500150,14806089,17102686
316,000858,2017-09-13,0.024799552489278343,0.026104792093977203,0.9052143296532849,168082.0,992661.7683611622,3511,628516803,949320822,170229,211171,8277444,8188312,18734218,20474009,44379990,51114785,42695468,43429465,40918689,39369326,35476486,35002816,437864279,751530938
317,000859,2017-09-13,0.003816793893129722,0.003816793893129722,0.17846569277908805,10520.0,92428.35541078179,862,16682449,15193163,956543,429936,3400098,3221623,2867036,3279709,3536190,4021449,2099692,1038729,319725,361200,468980,438375,3034185,2402142
318,000860,2017-09-13,0.02158634538152615,0.016566265060240948,0.4108930623002126,34450.5,164861.0467369983,2350,88704326,113536084,714498,819959,14647592,11723037,11766822,14400015,21401466,20571565,11762624,14970693,5792029,7366475,3399239,7098729,19220056,36585611
319,000861,2017-09-13,-0.002645502645502562,-0.005291005291005346,0.1261497692189181,5625.0,48403.79677073839,899,10872048,6323856,1220340,572427,2964117,2334025,1906033,1010071,1698913,1493483,206250,236250,1362600,677600,450000,0,1063795,0
320,000863,2017-09-13,-0.002777777777777879,-0.004166666666666652,0.3425247281756737,9334.0,57935.20406802361,441,8508278,3129136,468501,515481,2440445,1081151,1548855,215176,1280519,841188,745746,0,1075432,0,421674,476140,527106,0
321,000868,2017-09-13,0.0,0.0,0.16122537649615,2752.0,1025226.8942452885,1820,75517706,0,4343364,0,4749264,0,3188880,0,3296208,0,2399744,0,1724128,0,0,0,55816118,0
322,000869,2017-09-13,0.012461059190031154,0.0104786179552534,1.015592159335512,21303.0,93608.69604361532,1208,26661147,34982901,821701,683514,6464705,6635791,4306303,6422325,4506255,9311852,3907507,4274699,2485485,3060630,476406,1325460,3692785,3268630
323,000875,2017-09-13,0.001984126984126977,0.0,0.184141228312303,7560.0,66344.89937965303,749,12264034,7807912,685892,550233,2829612,2448672,1258933,1189887,1669594,1016568,2478261,1427224,1052583,671328,0,0,2289159,504000
324,000876,2017-09-13,0.0013333333333334085,0.0,0.18645593618936446,13482.0,153659.8450624553,1619,44539978,34233865,1310233,1567902,6260106,7386649,5124966,5094030,6531412,5551203,3667619,3100927,2405338,3440169,2193072,1326321,17047232,6766664
325,000877,2017-09-13,0.008675078864353258,0.008675078864353258,0.2553476620002009,25460.0,140129.27496036614,2467,73671353,85562321,1528502,1307117,13151597,11470580,12490931,13704057,16907045,16714827,9437970,9708433,3062997,5918736,2170452,5473505,14921859,21265066
326,000878,2017-09-13,-0.00654450261780104,-0.013743455497382095,0.2808027416144948,59436.0,661530.5581079024,2970,334350406,239339039,644539,1186490,8774848,13076995,26798395,22246723,25692248,36369163,14939866,24496052,13613999,17654134,7995670,11193413,235890841,113116069
327,000880,2017-09-13,0.010619469026548645,0.008849557522123908,0.41844432052059455,5705.0,29986.512729400605,729,5277779,6532592,544203,1120923,2086669,1985047,1289646,1706321,831408,1378301,525853,0,0,342000,0,0,0,0
328,000881,2017-09-13,-0.0006031363088057073,-0.001809408926417233,0.6780698563234587,14903.0,48986.60011695812,597,8700416,8130714,428635,716900,2821746,3182231,2556341,2188459,1081807,1134788,443551,485036,0,0,1368336,423300,0,0
329,000882,2017-09-13,-0.002732240437158584,-0.005464480874316946,0.11291197558174539,5110.0,113511.42767894435,1053,21230039,7640954,1019351,1012779,3501167,2602294,2594503,1466943,3047766,1788857,688695,456800,1365776,313281,2152210,0,6860571,0
330,000883,2017-09-13,0.003929273084479545,0.0,0.14100690738714783,7126.0,73248.27637827376,1305,17300196,13602333,1491510,1776662,4805867,2296785,2527169,985298,4311637,1187604,1951390,2418677,326778,1052130,0,417180,1885845,3467997
331,000885,2017-09-13,-0.007211538461538547,0.0038461538461538325,0.37686742544044943,52012.5,213871.02612338902,3048,169847559,168009807,849914,850233,13986131,14921775,19997189,20205233,34363381,34939009,24792879,26428782,13560543,13461972,13734206,12864428,48563316,44338375
332,000886,2017-09-13,0.0015898251192367763,-0.01748807631160576,0.1943322803383839,11205.0,136127.55275690346,1048,36068041,16285609,1196554,597910,5406961,2258805,4251880,2568727,7820381,3523571,5151869,3161272,608926,1453264,1331830,441772,10299640,2280288
333,000887,2017-09-13,0.003827751196172402,0.0043062200956938135,0.43676145745425876,42400.0,302022.4200540728,2290,138241675,148970986,705382,879066,10262148,11905403,11303728,11895307,19633773,22528544,15179246,18583175,11871541,15795146,10536417,10969699,58749440,56414646
334,000888,2017-09-13,0.005942275042444933,0.000848896434634927,0.2921216937083022,4728.0,75885.54610559967,1628,24096153,23723555,403118,4226911,2855697,4757494,4088630,3171176,6376812,5326002,4712930,1374031,2401761,1077798,1292083,939132,1965122,2851011
335,000890,2017-09-13,0.003759398496240518,-0.0012531328320802837,0.3180087911054087,8756.0,56835.720967111316,629,11003985,6766119,633701,711510,2629098,2348992,2316576,2176372,2594289,974825,430816,232432,1128105,321988,476400,0,795000,0
336,000892,2017-09-13,0.0036496350364962904,0.0012165450121655041,0.39104404313071817,9042.0,47890.04969483061,441,6509217,4233640,443497,567636,2164168,1611032,1314918,1335884,729216,238456,460022,0,987397,0,409999,480632,0,0
337,000893,2017-09-13,0.005720823798626817,0.006864988558352492,0.32365660368164023,10572.0,73464.17587019944,729,12700429,11141701,836832,729375,3576400,2610969,2232586,2004259,2120314,2022767,1248462,1218663,757184,975228,488880,0,1439771,1580440
338,000895,2017-09-13,0.005244755244755206,0.004807692307692291,0.4416353014367982,25261.5,157975.20005947753,2692,83104922,72706754,789084,766764,25510948,18976032,12133876,9709762,8755025,8781072,7630665,5586227,5546619,3904139,2220190,3226370,20518515,21756388
339,000897,2017-09-13,0.0,0.0,0.13697272737661936,7446.0,64594.22205151668,1033,18181412,8739323,1371467,711276,5635507,3239387,2401000,1598062,2283468,1409664,2692141,275692,665148,346810,880940,0,2251741,1158432
340,000898,2017-09-13,0.009510869565217295,0.012228260869565188,0.14599457118175707,36260.0,313900.0968910982,2546,149291855,195913097,1414964,1532419,10570102,9996211,11986686,13913924,18558174,27323683,15389758,17957063,7877146,13248143,4748674,9806518,78746351,102135136
341,000899,2017-09-13,-0.006775067750677488,-0.005420054200542035,0.34051048674461315,12478.0,160549.78627138791,469,19127789,7433357,332175,576068,1809321,1619652,1463595,1946327,2083666,2154315,1826919,710855,1787819,0,1274066,426140,8550228,0
342,000900,2017-09-13,0.001612903225806317,-0.001612903225806428,0.19001784556992835,5580.0,77737.59125480618,1065,17620187,12581255,926632,1385042,4394026,1970915,3033716,1520093,2582432,2318204,1459790,1016981,2281528,372000,923367,496356,2018696,3501664
343,000901,2017-09-13,0.021655606007684236,0.01606706252183021,0.5858684562611784,35004.0,154329.83693667795,2388,86829993,118808875,1270263,954990,12219201,11701073,13051309,15151661,21025734,23416335,11946809,15679331,9090910,9695824,3593707,7572030,14632060,34637631
344,000902,2017-09-13,0.007291666666666696,0.004166666666666874,0.2584321755032689,11556.0,77137.7136655721,1381,35008943,25780989,1276598,1156378,5867434,3635544,4550877,4657206,11662130,11505056,4962414,2522324,2776436,1743841,897544,0,3015510,560640
345,000903,2017-09-13,-0.0024449877750610804,-0.0024449877750610804,0.13361088726220502,8976.0,103450.5193938953,938,21079902,12961703,1394322,608364,5091322,3146426,3451473,1110168,3747756,2040132,2689741,728966,734400,1008934,816000,469608,3154888,3849105
346,000905,2017-09-13,0.004243281471004057,0.0028288543140027045,0.32228256280539425,19810.0,88998.30864224254,1925,51759230,42446829,1266160,1635228,9643733,10941396,9597307,7733507,11579791,9547188,5229815,3542968,3444505,3320752,4064163,2687694,6933756,3038096
347,000906,2017-09-13,0.004166666666666874,-0.007291666666666696,0.35886549628337094,12532.0,68756.72860421496,715,14424696,9237775,570424,864709,4168662,2740349,2261212,1865502,3336525,2001608,1546809,472964,713295,0,478500,487482,1349269,805161
348,000908,2017-09-13,0.0,-0.0026560424966800555,0.39046339933294805,9802.0,63903.191919608056,371,6690990,2434402,416436,312303,2236138,1276252,522981,472189,965546,373658,744149,0,0,0,940645,0,865095,0
349,000909,2017-09-13,0.017923823749066425,0.02165795369678869,0.33182905328471185,18718.0,112260.05071567434,1631,48012605,42532070,1431418,1031526,8427190,7219671,7778364,6004352,8451529,7974143,6903987,5956135,3469388,4217218,5280052,2717467,6270677,7411558
350,000910,2017-09-13,0.015058823529411791,0.014117647058823568,0.47191013708703133,6429.0,74346.30732270212,2030,17558956,27743825,3300853,2600676,5042162,5143661,3004836,2776775,3182752,2548615,1885570,3538205,0,1995563,497783,3887684,645000,5252646
351,000911,2017-09-13,0.02941176470588225,0.021008403361344463,0.2546381991285375,25620.0,133352.0847743942,2185,58981530,91534067,963006,1750511,8004347,13137083,9349408,14181280,14045359,18777546,6737197,11948655,5324044,8099843,3490784,4464071,11067385,19175078
352,000912,2017-09-13,0.026732673267326756,0.01980198019801982,0.17618066743795552,51424.5,493009.568789723,3296,239835908,322810871,1098045,1254757,12367314,14901759,19044451,21174033,32092972,32365241,21688858,29057584,12400744,19496181,6298657,16660012,134844867,187901304
353,000913,2017-09-13,-0.011739594450373425,-0.012273212379935838,0.5774771775449691,18400.0,91605.2408635005,1053,23291200,18487302,1178474,895393,5754787,4602544,5241720,2875339,5930508,2139470,1530938,2173127,667139,1337986,428735,0,2558899,4463443
354,000915,2017-09-13,0.010876132930513593,0.015407854984894165,0.8221456056670348,33650.0,205929.36388016268,1621,74650697,88341517,625942,1046911,5867075,7758952,7427557,9736907,10401244,14754641,14429733,12705757,5236537,7325799,3656558,4492623,27006051,30519927
355,000918,2017-09-13,-0.006896551724137945,-0.0096551724137931,0.28643457306763354,10770.0,68165.09050590657,640,12827596,8730728,545199,687463,2341603,2173915,2744421,2832849,3210028,1382903,1527732,286020,1033013,347512,0,444960,1425600,575106
356,000919,2017-09-13,0.008372093023255811,0.0037209302325580396,0.329433654884108,11857.5,291383.0473535465,1066,28234479,28535811,1429017,470511,4767775,3094181,3773933,2565557,4880896,5084384,4520138,2533395,2914277,330010,2569163,460740,3379280,13997033
357,000920,2017-09-13,0.0068846815834768815,0.0,0.488920860895608,17445.0,90749.31446769332,564,15636971,13338534,406179,372336,2873770,2226586,2037365,1753338,6075060,2486136,1662765,1010264,2009952,1116743,0,1852670,571880,2520461
358,000921,2017-09-13,0.0022222222222221255,0.002962962962962834,0.28434846516597617,26860.0,182132.35899454233,2256,88055663,88425945,1596007,1218537,12911591,9682848,11790430,11197393,12880890,14179771,10148408,10477479,6056333,6078876,3988477,4761933,28683527,30829108
359,000922,2017-09-13,0.0,0.0035885167464115852,0.3318694572775051,10043.0,69263.21289425807,634,11491494,7273923,741521,654799,2986739,2253053,2826197,1606445,1384025,1579063,1759062,441363,0,0,0,0,1793950,739200
360,000923,2017-09-13,0.012031139419674375,0.007430997876857637,0.7422712056829273,22576.0,92535.60868163304,1449,33779658,36570491,869087,1113577,6757105,9357870,7435034,6948783,6604087,6749774,3076097,2226059,2740837,1663106,485640,3198960,5811771,5312362
361,000925,2017-09-13,-0.01819215463331436,-0.026151222285389464,0.5493972041247202,17210.0,80115.34445906682,1025,29634166,15549098,853993,1033764,4511244,4801928,4364174,3715687,5547247,2807371,5804869,1450677,3641803,707893,2634490,453149,2276346,578629
362,000926,2017-09-13,0.0,-0.000801924619085792,0.3199973188955193,6215.0,97933.98558252688,1519,22584386,27531169,1192505,2586918,3053326,4113395,4385127,3758359,3822622,10367803,2070294,4396882,685894,304794,888191,417984,6486427,1585034
363,000929,2017-09-13,0.016961651917404064,0.010324483775811188,0.6428961686983133,8892.5,33019.68663919896,444,3875054,4531186,278819,614634,1570690,2088095,520043,980174,1088727,333383,416775,213720,0,301180,0,0,0,0
364,000930,2017-09-13,0.011627906976744207,0.024031007751938116,0.21809894870768345,134316.0,1514460.074109842,3504,484491374,740217203,437706,610939,8197315,10188715,20659885,22970746,49619655,52769421,46080613,48769810,40674586,33256878,31371149,29852023,287450465,541798671
365,000931,2017-09-13,0.011842105263158098,0.010526315789473717,0.21885745176589386,14626.0,66481.43213280514,1206,18761526,25703539,992309,1220603,5206117,5775666,3482990,4136785,4990548,5816260,2605641,2104448,1483921,4518897,0,870225,0,1260655
366,000932,2017-09-13,0.05425531914893611,0.03936170212765955,0.17036318945683157,49113.0,545562.3141341821,3063,313556185,309780998,1564658,1805893,10051964,11309724,12706959,16792737,23453583,34991905,19040924,24738477,19210376,21675504,16545151,21158249,210982570,177308509
367,000933,2017-09-13,-0.002739726027397249,-0.00068493150684934,0.25143571403102616,96557.5,591031.5509235503,3378,456279404,472757623,553744,1110235,11479361,10821829,17809906,21579674,38995006,38185278,38660654,36570459,35188453,27221736,20937045,15953087,292655235,321315325
368,000935,2017-09-13,0.03754646840148701,0.03754646840148701,1.207115997678594,13955.0,4943854.479094996,496,223255749,133121609,873608,0,4090516,0,2858178,0,2589015,0,3407811,0,675422,0,890329,0,207870870,133121609
369,000936,2017-09-13,-0.0053547523427041055,-0.008032128514056214,0.22473072758336599,14720.0,83597.28414461068,1105,23258661,15706943,1154141,919250,6005399,4358577,3750281,3351872,3876763,3061282,2079963,711908,321137,1396549,1805234,1304405,4265743,603100
370,000937,2017-09-13,0.013717421124828544,0.015089163237311354,0.1350383223728003,34733.0,224379.13026813068,2921,137019146,168591503,1314157,2854893,11509046,14696411,14833684,16758475,21459869,24991402,18302504,17360955,12657190,17961099,9319513,9868165,47623183,64100103
371,000938,2017-09-13,-0.013358133243151826,-0.013358133243151826,1.4074742368296185,17526.0,123811.4702200356,1765,63726699,34346837,3008232,502271,8700540,5869795,8073974,6439301,11642114,9427437,8271514,5275219,5525911,2108253,3964445,873537,14539969,3851024
372,000939,2017-09-13,0.0018518518518517713,0.0018518518518517713,0.159328071377653,10298.0,141157.48440830453,1150,27838559,29661798,1196584,959039,3756296,3388773,2638002,3654749,5821891,3907631,4978805,5422606,3043673,1818247,415488,1263455,5987820,9247298
373,000948,2017-09-13,0.0008169934640522847,-0.004084967320261534,0.46475532456064284,9752.0,61360.918484065456,693,11843608,7320230,557936,881122,2600058,2687391,1949039,2144392,2345474,604082,1750945,226734,0,776509,1904476,0,735680,0
374,000949,2017-09-13,0.01106194690265494,0.01106194690265494,0.1656870223609258,9100.0,60273.61493745423,744,8295585,13975056,401568,1018573,2313114,3852941,1201231,2476555,1248537,2886012,2073482,1390962,1057653,355810,0,467740,0,1526463
375,000951,2017-09-13,0.023098591549295833,0.02084507042253536,0.4101666858485367,14412.0,150652.41345671355,1874,31682198,41820185,1219791,1892802,7581007,9287725,6068478,7575353,7610910,8401372,4067771,4385815,1942433,1786677,834138,409738,2357670,8080703
376,000952,2017-09-13,0.001875000000000071,-0.004375000000000018,0.5189503363852355,16120.0,105366.41990347029,950,26058090,14643211,587764,1034206,4422675,5686703,3398922,2675995,4914354,2836873,2473501,956174,2553419,0,2259035,454740,5448420,998520
377,000955,2017-09-13,0.007552870090634434,0.0030211480362536403,0.2681720745159733,13260.0,117584.81153023223,609,21637916,9291656,666960,412966,3059218,1851118,2611416,1989985,3267193,976360,2694196,731632,1609226,657646,1796938,0,5932769,2671949
378,000957,2017-09-13,0.016406249999999956,0.0078125,0.24990717346112298,38580.0,325123.84468231426,2629,166175660,159458208,1381623,1017414,11727466,10652746,14488379,12094320,23180395,21465562,22236474,17948181,17087158,12955498,9329656,8546989,66744509,74777498
379,000958,2017-09-13,0.016645326504481472,0.023047375160051287,0.1671253315751032,23700.0,219901.1869894578,2186,84470590,110529135,1448784,1517979,9357015,10282598,10758480,11215227,13822079,13193836,10525304,11833158,5482785,12209397,7164528,7967692,25911615,42309248
380,000959,2017-09-13,0.03287671232876721,0.020547945205479534,0.15016441080385154,15414.0,165796.68318489188,2368,39634381,84278835,1471691,2489422,8269629,14817849,6536003,14588114,5108738,7893913,2144563,6245353,2365558,8511170,4366903,2710521,9371296,27022493
381,000960,2017-09-13,0.001956947162426559,-0.009784735812133127,0.28759868113165327,33880.0,342851.81051746267,2844,174838962,144875356,1556779,1692597,10637653,12469660,15475736,17167091,26722318,26106048,13277444,15830949,15694343,10331126,7939144,11798891,83535545,49478994
382,000961,2017-09-13,0.0062893081761006275,0.0062893081761006275,0.15234203565805954,14146.0,116209.0267194641,1745,41691992,48411715,1637108,1020084,7955079,6386600,6323768,6351093,9477613,10677764,3637511,4010795,2666398,4587756,1800636,2682779,8193879,12694844
383,000962,2017-09-13,0.041266794625719694,0.009596928982725572,0.2624631171890937,17697.0,80503.01411962658,1577,34307179,32600751,1283890,803641,7733720,7061233,7180625,8098780,7093273,7466677,3458006,2409346,3706223,1076172,0,1813200,3851442,3871702
384,000963,2017-09-13,0.006971677559912903,0.0017429193899782813,1.0047152488837547,45590.0,226630.267294312,2089,134494984,89102467,1974845,1402968,4344865,11230393,11412103,9062265,27236731,17170096,12956692,12920634,10073848,7883084,22739957,3130554,43755943,26302473
385,000965,2017-09-13,0.005398110661268607,0.0026990553306343035,0.2190623772976951,14800.0,66884.3997599209,1144,22820918,18995786,895928,1421629,5534304,5437802,4711348,4005043,4065959,3541582,2179094,1812415,1772427,2777315,1783873,0,1877985,0
386,000966,2017-09-13,0.008146639511201537,0.006109979633401208,0.13672357615754502,10692.0,97707.56999529847,1291,30516293,22587389,1316146,1270507,6004167,5220523,4075272,3726548,4955508,2809414,3104329,2889442,2339732,684589,4152797,1339617,4568342,4646749
387,000967,2017-09-13,-0.008255933952528438,-0.008255933952528438,0.23486190009462546,4825.0,45942.70562099801,1703,20887364,6621625,4796291,1288061,5600982,2621186,2790943,1401517,3032380,993206,240036,0,1386680,317655,1856805,0,1183247,0
388,000968,2017-09-13,0.011659807956104329,0.010973936899862924,0.33958095358636203,17820.0,98027.86178676081,1846,32083828,46991291,958559,754098,5098400,18295739,5010809,7601817,5368395,6761933,2755083,2884536,2342197,1793733,2652027,4119952,7898358,4779483
389,000969,2017-09-13,0.016544117647058876,0.0,0.23624621298816925,27087.5,168211.66068251748,2124,84381686,78408089,1169297,1172108,10182657,10585925,11330314,10076826,16002011,14842687,8249278,8833573,6523078,7563173,5966301,5954489,24958750,19379308
390,000970,2017-09-13,0.013248282630029529,-0.003925417075564153,0.34425962161870044,219885.0,1477661.5294067333,3513,1005354655,961642113,227841,189445,5947803,7632039,11983032,19271032,35890415,47332923,44598874,51452537,30501280,43869133,38872560,43414448,837332850,748480556
391,000971,2017-09-13,0.006575014943215773,0.003586371787208442,0.5818416654556631,10092.0,46466.99293775541,826,9961112,10391932,602128,1114269,3121294,3825379,2209889,2685966,2074943,1418549,481178,1027619,0,320150,866880,0,604800,0
