,code,date,pchange_whole,pchange,change_std,amount_median,amount_std,length,sumsell,sumbuy,sell_vol_0,buy_vol_0,sell_vol_1,buy_vol_1,sell_vol_2,buy_vol_2,sell_vol_3,buy_vol_3,sell_vol_4,buy_vol_4,sell_vol_5,buy_vol_5,sell_vol_6,buy_vol_6,sell_vol_7,buy_vol_7
0,000001,2017-11-21,0.027007818052594113,0.029140014214641186,0.23518421668204023,394470.0,1517185.1998981459,3591,1337386261,1483359482,102306,85916,3292281,3162138,10456070,9620767,37277902,33784056,50796565,44170913,53151932,52482223,58841912,58130309,1123467293,1281923160
1,000002,2017-11-21,0.11387526278906801,0.0732305536089699,0.4776809250827344,262105.5,1554813.4997138067,3576,843823670,1263582986,197427,222640,4030748,4761585,13312288,14178099,47082492,44386056,55932561,51362288,54505952,56915520,55612676,36027244,613149526,1055729554
2,000004,2017-11-21,0.1118058109599116,0.04634056638470008,0.5871949918920274,24237.0,87199.82889102091,2151,49671568,57240755,1272752,1205705,11412152,11622424,11122094,10356996,10447937,13662231,8083414,8969085,2475131,4449666,938750,1356528,3919338,5618120
3,000005,2017-11-21,0.0,0.0022371364653246406,0.19052419728755218,4917.0,28456.045851793104,550,4566587,3826377,580543,618595,1992103,1619930,983872,459651,757845,1128201,252224,0,0,0,0,0,0,0
4,000008,2017-11-21,-0.0033783783783785104,0.0,0.22134571777542097,4455.0,84646.28348717102,1610,26306455,6876558,3820982,737414,3815739,1762092,3737009,1057681,2461125,1440410,1852568,239489,680988,701210,889500,0,9048544,938262
5,000009,2017-11-21,0.0013210039630118242,0.0,0.1780693437216391,9828.0,135511.89740018005,1809,43586903,35891883,1583790,1960332,7281848,6201401,6596700,4819380,5212582,6206320,4801585,2529320,4437485,3874069,2287242,855700,11385671,9445361
6,000010,2017-11-21,-0.007619047619047636,-0.011428571428571344,0.13684967301419704,7875.0,51577.610478685725,1474,22355380,14500779,1534767,1276530,5165074,5212765,4141145,3447613,4207260,3371803,4054588,225456,1007986,966612,433348,0,1811212,0
7,000011,2017-11-21,0.015835777126099737,0.014076246334310705,0.43772140065904,17250.0,46845.961492101684,1517,25210277,24971692,1304043,1137056,8222352,8556222,7457223,6800967,4466788,5791681,2545777,1159546,348957,1050006,865137,476214,0,0
8,000012,2017-11-21,0.012514220705347023,0.007963594994311762,0.17028835041609452,40756.0,216651.43968882965,2669,151135347,147132729,1438878,1570357,12435839,11265184,16005804,14549443,25085279,23733856,20300445,18670578,14863994,13387566,9654756,9476510,51350352,54479235
9,000014,2017-11-21,-0.03821656050955413,-0.03439490445859872,0.75376512361694,15500.0,408254.3491633716,434,31479237,4833824,265390,433022,1852525,1837661,1887172,1239624,2691631,1323517,1413034,0,927000,0,438828,0,22003657,0
10,000016,2017-11-21,0.021374045801526798,0.010687022900763399,0.13656500759372053,26800.0,246044.28147630728,2313,125169064,101979394,1118344,1663872,8710377,10069283,11597289,12468100,13993706,17642660,10823371,10159532,11160543,11885171,8204995,8983182,59560439,29107594
11,000017,2017-11-21,-0.01151079136690647,-0.015827338129496438,0.28531129575049285,6850.0,53139.36636320738,593,8604833,2894182,684869,604160,1866383,1336804,1522417,719122,1537645,234096,830649,0,0,0,896070,0,1266800,0
12,000018,2017-11-21,0.005839416058394109,-0.008759124087591164,0.21449096123823663,6860.0,62066.896745497164,1020,16673291,10897462,1104379,950286,3849032,3764090,2821969,2236998,3241849,1016470,1446298,742765,1653526,651281,1382435,410116,1173803,1125456
13,000020,2017-11-21,-0.02352150537634423,-0.016801075268817245,0.46843047634155066,11800.0,54274.48207557837,1010,16547770,10723383,696247,1105696,5420295,3940261,3859333,2650660,2592187,1980258,1494901,703836,380730,342672,0,0,2104077,0
14,000021,2017-11-21,0.006116207951070152,-0.007135575942915473,0.1874792770467344,30736.5,213881.4014609879,2744,127587896,106250654,1843925,1752811,11290132,15832398,13717380,15502802,19431998,19330666,12928681,13279316,11045473,12102732,9820770,6209615,47509537,22240314
15,000023,2017-11-21,0.032346241457858804,0.01822323462414599,1.0526559429768978,13404.0,66595.0886367726,435,7368611,5604646,399273,243127,2472677,1787613,901322,813406,1097803,1946538,526356,225432,673122,0,480094,0,817964,588530
16,000025,2017-11-21,0.0470588235294116,0.04005006257822252,0.897309862106658,20882.5,94630.38158312347,1984,48797626,52781575,1575612,1789253,10138724,9453653,8507222,8958189,9658212,11546268,6891704,7468090,3908669,4759838,3158266,4071939,4959217,4734345
17,000026,2017-11-21,0.002798507462686617,0.002798507462686617,0.4530772723543912,10740.0,30313.35822906898,559,6603999,3985302,498022,503690,2718939,1964839,1930959,919350,1025679,597423,0,0,0,0,430400,0,0,0
18,000027,2017-11-21,0.0032626427406199365,0.0016313213703098572,0.17492373086269494,3684.0,62410.88168116686,1229,9289194,13178594,1415338,1353729,2672132,2318940,1538476,1892874,1630367,2017088,441602,677009,380188,718988,463749,871410,747342,3328556
19,000028,2017-11-21,0.009060022650056565,-0.0009707167125061478,1.6711362816772148,12444.0,136865.8567533592,1368,30211761,28966252,2220148,643085,7395032,6090335,6562982,3354602,3738399,1867233,2486060,2087413,1389859,1024706,880896,1286344,5538385,12612534
20,000030,2017-11-21,-0.0012376237623762387,0.0024752475247524774,0.2560350411079011,8109.0,66745.47694112924,996,11748286,10545502,1368360,759752,4723126,2743798,2069603,1688641,1651478,1576801,933449,463573,1002270,0,0,925837,0,2387100
21,000032,2017-11-21,0.0035149384885764245,0.0017574692442881013,0.33218201422328847,12589.5,58625.87849122535,1174,24680402,12497882,1193355,728142,6152134,4702848,5260851,2646157,5346098,2515932,2812398,649803,2428954,301300,948060,953700,538552,0
22,000036,2017-11-21,0.011840688912809538,0.00753498385360607,0.23615651514504948,18670.0,90744.07597474378,1548,37574717,36344575,1496795,1241922,8289906,6680490,8564058,6175548,7186088,9186076,5062736,5015663,2015718,3580943,905326,911655,4054090,3552278
23,000037,2017-11-21,0.041212121212121255,0.04363636363636347,0.33812410887201505,9493.0,81148.77593242042,595,11002985,10979624,657318,498208,2426557,1754707,2052639,2258724,1265028,2853675,1504869,2212624,358145,0,0,894236,2738429,507450
24,000038,2017-11-21,0.049920127795527236,0.06030351437699677,0.4653986866139152,49780.0,328123.3219256579,2909,169132157,202991542,828347,1223658,11669967,12198418,16722387,16986237,29754080,30989426,21852692,23631210,15786064,21749975,10374995,14028549,62143625,82184069
25,000039,2017-11-21,0.0324837581209394,0.025487256371814038,0.37953812383924673,36792.0,228906.01453152573,2781,133895256,152421338,951457,1339230,13174367,12791114,15257496,16250768,23532062,27226404,16485853,17603175,4395751,9167199,11876470,10077600,48221800,57965848
26,000040,2017-11-21,-0.039570757880617036,-0.017437961099932897,0.4879277990982776,5948.0,63079.30039110489,935,10717447,11238200,710521,949563,3170978,3207557,2918240,2353646,1759639,1719079,748325,501793,315835,357840,493584,879439,600325,1269283
27,000042,2017-11-21,0.006489292667099189,0.0019467878001298011,0.8446028991145045,7725.0,26068.539342199503,332,2379625,2348761,486437,291630,1600099,603385,293089,594748,0,421898,0,437100,0,0,0,0,0,0
28,000043,2017-11-21,0.0029440628066732533,0.007850834151128527,0.48602952473804234,11318.0,94208.86513773509,439,10536181,8555083,241196,393118,1600761,1737550,2026960,1480885,1309325,1370158,1159378,1344386,1086575,656726,485586,0,2626400,1572260
29,000045,2017-11-21,-0.012126865671641895,-0.001865671641791189,0.3483175771626014,11792.0,60672.695613963304,947,18851615,11728851,755814,845312,4279435,4180080,3611289,2593846,2840311,2252357,4273576,297804,675680,726700,1299950,832752,1115560,0
30,000046,2017-11-21,0.003989361702127603,0.003989361702127603,0.25717591405724105,7520.0,77640.73634061351,855,9232052,15831939,1192799,795509,3752007,2600101,1639876,2494050,1928549,1458214,268821,2613844,0,1058159,450000,856275,0,3955787
31,000048,2017-11-21,0.02326565143824033,0.021573604060913576,1.1458678825031483,11985.0,42907.455260432005,425,4072823,5943709,503542,333326,1899325,2197657,660800,1150878,715261,1240023,293895,534625,0,0,0,487200,0,0
32,000049,2017-11-21,-0.024333719582850466,-0.022595596755504044,1.2063327466124936,25400.0,167771.56339923813,1843,75746663,53379554,765177,993068,7788637,9327723,10840418,8490883,15890449,11492575,6680256,4968107,3190182,3302458,4356854,1809969,26234690,12994771
33,000050,2017-11-21,0.024146544546211457,0.01582014987510405,0.4223615914108488,97000.0,364109.5125071438,3236,323593711,343916185,583917,1021730,10341659,11038481,19309771,19064008,38759105,44598409,40984902,41581737,35600084,35456941,26529619,29623855,151484654,161531024
34,000055,2017-11-21,0.007552870090634434,0.0015105740181269312,0.20699717693566363,6670.0,60322.23533932775,1023,15192975,11352718,1554628,904393,3081986,3061531,3016739,2314901,2928923,2168301,1142144,1306590,1007535,664342,468120,400660,1992900,532000
35,000058,2017-11-21,-0.009378663540445475,-0.030480656506447823,0.2206719545190714,12562.0,62316.10177776093,1496,29031581,16279636,1348958,1571880,7491195,6332540,8726510,4485898,4477708,1945795,1580877,1240020,1679665,703503,834964,0,2891704,0
36,000059,2017-11-21,-0.002016129032258007,-0.007056451612903247,0.23840608415973064,19920.0,142409.35358728413,1732,65212565,47544431,1311752,1479818,8938781,7804243,8709819,6640583,8263439,10739903,10698782,4102774,3863826,4741390,5643703,855582,17782463,11180138
37,000060,2017-11-21,0.001945525291829009,-0.0019455252918287869,0.2027653647006429,20600.0,119668.24206139777,2574,56112449,68243307,1412059,1457727,9166777,21454786,8044493,12670228,10147864,11572620,4507316,6087138,4380065,4185632,2937694,2105897,15516181,8709279
38,000061,2017-11-21,0.01055408970976246,0.006596306068601621,0.29880831353726545,7560.0,46115.334463060404,643,6344813,8754138,588505,898755,2040291,1938651,1218734,2131575,1736283,1839190,0,1262082,761000,683885,0,0,0,0
39,000062,2017-11-21,0.00042247570764675224,0.00042247570764675224,0.8086758872012066,11860.0,68051.39274672158,856,11906005,13626412,777863,1020021,3823014,3506182,3350116,2585131,1650079,2573713,1223074,908712,654899,354300,426960,1287808,0,1390545
40,000063,2017-11-21,0.026666666666666616,0.024871794871794917,0.6501740192172483,798930.0,2096238.3156477557,3601,2050100768,2604565092,7923,3979,680479,487162,3523353,2922307,18428903,19761168,30618068,37115323,37055746,47671119,48417225,61553822,1911369071,2435050212
41,000065,2017-11-21,-0.022455089820359264,-0.013473053892215536,0.5841091834635437,19960.0,105945.29311010707,1177,34233829,17311702,633462,1117536,8689204,5310941,4350695,2913436,5817402,3938266,2756975,1794913,629109,383040,1339767,1286468,10017215,567102
42,000066,2017-11-21,-0.004195804195804231,-0.013986013986014068,0.15505105246315878,21510.0,130672.04560021186,2130,73056334,43992364,1358975,1684692,15379069,8464601,11216835,9399457,10263561,8595344,7154763,3514745,4940112,2471380,2593841,3502808,20149178,6359337
43,000068,2017-11-21,-0.01557093425605538,-0.01384083044982698,0.20950623805922242,9136.0,89820.08389728592,762,15293550,9791237,527360,624392,2610786,3087329,1476308,2133741,1864985,1415671,1371500,980576,753009,302139,1314438,0,5375164,1247389
44,000069,2017-11-21,0.07319952774498217,0.05312868949232574,0.14957955845359902,52185.5,460792.2325700805,3218,271057240,347717461,1292135,1323991,10960844,14535459,17093702,19670593,26509478,30282368,26010242,28654897,14713080,17571828,16875854,19945164,157601905,215733161
45,000070,2017-11-21,0.004690431519699834,-0.0018761726078798668,0.27935030544026407,10800.0,60583.12586898774,1458,22168817,21348525,807377,1838814,6116658,6980671,4579988,4377750,5930994,2813613,1938666,2295754,967048,954263,0,492199,1828086,1595461
46,000078,2017-11-21,-0.021381578947368363,-0.02960526315789469,0.12161444710580514,12020.0,174908.37415066737,2507,80182035,61172526,1342973,3052205,7306303,10595084,12777660,10118594,8023981,10436622,7519913,4751489,5859692,3114703,3178151,2670128,34173362,16433701
47,000088,2017-11-21,0.007246376811594235,0.008454106280193274,0.26505157979129285,8410.0,111674.92309543677,977,16417124,19360558,1108922,903457,3278520,3492176,2156458,3263849,2526361,3082091,1135247,1326418,2634853,1712228,2199957,486411,1376806,5093928
48,000089,2017-11-21,0.04508670520231206,0.026589595375722697,0.18259381553783588,8720.0,97051.6670457602,2247,31706992,50144084,1140538,3325427,5497686,9300322,6536268,7456252,6018798,7546942,2405996,7037724,1972116,3450189,882464,2235652,7253126,9791576
49,000090,2017-11-21,0.014763779527559029,0.006889763779527547,0.24136692962237857,10310.0,97186.55555435264,1775,32129870,30445637,2170917,905021,9190888,6306004,5011818,4739580,6464232,4516104,1613471,1630958,1600369,2239003,1753346,3398433,4324829,6710534
50,000096,2017-11-21,-0.009730538922155585,0.0014970059880241582,0.7901291127238488,13300.0,61297.03979028232,285,4045481,5286583,233289,290684,1436427,865498,734860,803993,440024,1612983,498353,961220,302328,351105,400200,401100,0,0
51,000099,2017-11-21,-0.014285714285714346,-0.011224489795918502,0.33310233737139117,7776.0,45754.49823423188,865,10495087,7742216,857663,1178280,3763658,2936700,2205112,1510422,1637662,896510,404887,211554,714045,0,912060,447120,0,561630
52,000100,2017-11-21,0.036402569593147804,0.017130620985010614,0.07869766275827966,113865.5,616307.933610861,3544,492831049,603963967,1072871,796975,9621574,10938439,17967080,22358898,35336924,52772697,36392865,49553551,27585346,36206169,39158408,37265249,325695981,394071989
53,000150,2017-11-21,-0.005856011023079644,-0.006544953496383066,1.2432421814042343,8634.0,39149.9221273566,545,5585547,5407274,453135,845804,2397949,1900640,1018249,928854,1119804,715931,271510,215325,324900,343440,0,457280,0,0
54,000151,2017-11-21,-0.019999999999999907,-0.021428571428571463,0.470483728596989,13700.0,59642.51080166545,885,16860137,10647655,744624,781980,3651686,3611756,3127469,2584191,3131904,2445200,3211943,544386,1649692,680142,0,0,1342819,0
55,000153,2017-11-21,-0.012210012210012167,-0.017094017094016922,0.30596580694755215,6593.0,35107.43308467466,716,6995620,5467506,670920,1010133,2544146,1918244,1800148,1215889,658885,486966,984195,510650,337326,325624,0,0,0,0
56,000156,2017-11-21,0.008252063015753874,0.0,0.4432125050678996,4008.0,101390.15462361145,904,11275974,11741063,674840,1106576,2365426,2120154,1351102,1766839,2355907,1672605,1387219,517445,1052316,670164,0,0,2089164,3887280
57,000157,2017-11-21,0.015837104072398356,0.009049773755656076,0.09080951636778883,11961.0,139759.25872082677,2382,49716196,49004767,2306713,1872349,9802559,13248211,6939163,5536309,6144801,5712870,5111889,5732153,1411037,2518536,2262827,3213023,15737207,11171316
58,000158,2017-11-21,-0.014722536806342057,-0.010192525481313663,0.2660067729010642,12941.5,62357.49196306075,1102,21593197,15790212,998319,1287991,5132990,4323739,4222097,4236444,4565741,2988312,2949509,1713079,693005,698967,868960,0,2162576,541680
59,000159,2017-11-21,0.0125899280575541,0.007194244604316502,0.23441985362314752,10125.0,40588.36452818776,562,6220315,7949831,582637,395776,2268691,2080893,1786428,1817759,1582559,2411714,0,890259,0,353430,0,0,0,0
60,000166,2017-11-21,0.025134649910233398,0.025134649910233398,0.10474177919877588,31192.0,302077.1393059419,2839,145932879,199566154,1280318,1593051,12249231,13196974,16706428,13022242,21138169,19987275,16426756,15094431,11027194,13819971,6303907,14317608,60800876,108534602
61,000301,2017-11-21,0.04074702886247872,0.039049235993208864,0.11453886617899327,29596.0,111196.40024588928,2651,71493330,111269621,1413822,1704127,9563725,15603533,12443291,18248769,18732088,22687544,9042737,13854906,11328870,10213777,3947529,7515258,5021268,21441707
62,000333,2017-11-21,0.04931756141947208,0.03475887170154679,0.9199357127549054,327642.0,1547174.0841531754,3572,1217036019,1468996422,67913,119242,3550544,3808926,11477474,12533784,46084546,40673413,52163910,39933276,55816641,46324640,43436349,41333433,1004438642,1284269708
63,000338,2017-11-21,0.03755868544600949,0.007042253521126751,0.14496372569157645,76139.5,286383.4749527157,3462,286927035,272836706,855126,825857,12640010,13036346,29928759,25631333,50058063,46275143,35097921,31357333,20206309,21915588,19420808,16048732,118720039,117746374
64,000400,2017-11-21,0.0053835800807537915,0.007402422611036519,0.37796430344737453,12008.0,73571.03748697184,1546,30494513,23917255,1185591,1799172,7617199,6093053,4779830,4566289,5865059,5161209,4068423,2898277,2259499,1682418,884002,400150,3834910,1316687
65,000402,2017-11-21,0.026728110599078425,0.018433179723502446,0.2129688831550461,22100.0,179605.89894201214,2600,71644560,99766236,1164494,1304062,17948514,13047345,9006285,8690991,10573359,12782523,10891369,10370512,4990453,8103656,4566136,7100530,12503950,38366617
66,000403,2017-11-21,-0.002382370458606231,-0.0029779630732579276,1.479792839946674,30873.5,185434.09474747998,514,30923198,21333450,198534,223516,2523367,1717746,2181596,2038549,3826085,5422709,5032573,2352642,2680948,2351314,1782368,2178242,12697727,5048732
67,000404,2017-11-21,0.006299212598425141,0.0015748031496063408,0.2582571183493423,10200.0,88993.48425314967,604,15065913,8089971,625024,490866,2774412,1823239,2256100,1195467,2132577,1871932,1667861,1106632,318500,366626,2722814,497681,2568625,737528
68,000407,2017-11-21,-0.01436031331592691,-0.01436031331592691,0.3098561152259241,7580.0,85012.81046245726,611,11798097,6184583,736387,750741,2306038,1592413,2152356,797409,2823906,959706,2438306,451354,655874,0,0,0,685230,1632960
69,000408,2017-11-21,0.014116318464144628,0.00959909655561808,0.46414833213545814,14200.0,110917.79448408892,1456,29959520,43550492,736821,1372079,4835962,8546004,5323995,5551657,6385615,7347095,2980828,4855849,1113350,6251106,815858,4410113,7767091,5216589
70,000409,2017-11-21,-0.021308980213089912,-0.025875190258751846,0.2539381134368805,8437.0,60393.215169062794,669,10519920,5327264,614509,724270,3042142,2534019,2070741,765160,2104210,760230,779287,0,309120,0,0,0,1599911,543585
71,000410,2017-11-21,-0.003640776699029069,-0.0060679611650485965,0.275751618250289,10569.0,57914.495579012044,893,14529741,12884096,859156,1046149,3827007,3554703,3217403,2901768,3750851,2006710,1402724,1495083,0,0,898600,1335705,574000,543978
72,000411,2017-11-21,0.00203252032520318,-0.008130081300813052,1.198268779251586,15608.0,220101.3294807326,269,12695970,3340152,256860,236071,1852628,675821,143140,504181,697183,882642,263250,456437,0,0,0,0,9482909,585000
73,000413,2017-11-21,-0.01005025125628134,-0.011055276381909507,0.17216747731218585,67660.0,454557.18786403514,3344,305751466,249546762,825877,1581744,11572257,15626842,21794214,25796544,41656197,44441351,28059722,27684377,23320115,22702468,19021560,16107588,159501524,95605848
74,000415,2017-11-21,0.003215434083601254,0.001607717041800738,0.12721021813776198,12540.0,153584.98283415442,2397,54625632,52275996,1710481,2294003,9323673,13315565,5549471,7101110,9724673,8289035,2439101,5372570,1947437,2994113,3934511,3966790,19996285,8942810
75,000416,2017-11-21,0.0472154963680389,0.03631961259079919,0.18507791557441894,20650.0,115553.11421461207,1997,52169782,71494192,1573691,1516727,8303459,9513584,7882550,10148592,13732471,11754287,7798959,11606995,4681910,5162808,3199718,5790826,4997024,16000373
76,000417,2017-11-21,-0.007290400972053468,-0.0060753341433780195,0.27819320867897196,4100.0,94028.91646095822,875,7409049,10397756,596015,1449326,1607003,2232068,1156139,1282036,1953300,1082436,544791,483289,958751,326334,0,0,593050,3542267
77,000418,2017-11-21,0.031016949152542272,0.028813559322034,1.3526862639610369,30440.0,181806.37894727854,1908,59146005,95978327,824075,1328947,7725287,11538477,8483165,10803951,11313796,15242305,9251419,11334946,5898514,9588809,4022413,6165987,11627336,29974905
78,000419,2017-11-21,-0.00815660685154973,-0.00815660685154973,0.30813039397169567,6080.0,52579.489328928554,395,6254686,2661404,365598,339063,1404722,1109969,1059016,543050,1349951,669322,423973,0,1045426,0,0,0,606000,0
79,000420,2017-11-21,-0.012195121951219412,-0.012195121951219412,0.1032611853920317,6480.0,69427.55455121787,1012,15072817,8967260,1212953,803274,3381347,2872487,3262333,2413255,2658599,664755,1163325,497814,1294375,325650,0,0,2099885,1390025
80,000421,2017-11-21,-0.0031007751937984773,-0.006201550387596955,0.2656642407685005,5160.0,39878.43515124101,589,6337539,5137902,574535,333079,2246556,1324481,2077435,1272429,967188,649964,471825,226284,0,1331665,0,0,0,0
81,000422,2017-11-21,0.007109004739336511,0.004739336492891155,0.15103900211983187,8946.0,62287.50827275478,781,11509970,11474380,691234,735752,3615990,3318654,1901047,2145251,1840613,2977312,782027,1399423,341398,0,878075,897988,1459586,0
82,000423,2017-11-21,0.0034428794992176215,-0.00860719874804372,1.165196300719946,88648.0,450095.75675388495,3008,251821147,282291166,545757,1040173,9239322,10099508,15292903,22043996,33816771,47417718,37215548,28307089,25653754,26739540,17561065,19887741,112496027,126755401
83,000425,2017-11-21,0.037634408602150504,0.016129032258064502,0.06818966799932959,19769.0,143531.56696352526,3003,71922060,103994127,1480689,2031015,10315544,18501536,12077560,16263958,12120466,21499200,4903053,10034321,5653782,10422945,1346886,4867367,24024080,20373785
84,000426,2017-11-21,0.0031746031746033854,0.0031746031746033854,0.23270506035055982,8541.0,125064.18797351274,1651,32920013,29481619,1899240,1491879,4782414,5880998,5627523,4902857,6527169,4133696,4052757,2678756,2728518,1780316,1327521,2733880,5974871,5879237
85,000428,2017-11-21,0.0,-0.0024330900243311193,0.22923299169643835,4932.0,54594.72131726582,321,4062119,3059864,232645,384119,1119518,850715,659057,417067,394264,268863,292693,832000,1363942,307100,0,0,0,0
86,000429,2017-11-21,0.010217113665389466,0.0063856960408683605,0.24370252669830791,7900.0,106725.68681877534,1032,14300286,17692995,920208,1295159,2400438,3987012,2161811,2864694,2769214,2612101,1145759,2008388,630800,1867747,490074,0,3781982,3057894
87,000430,2017-11-21,0.0010952902519167917,-0.0032858707557503752,0.5343725792437751,6398.0,26795.163578691627,291,1871039,2139645,364220,514810,831255,547804,278700,612378,396864,186047,0,278606,0,0,0,0,0,0
88,000488,2017-11-21,0.012084592145015005,0.009667673716012182,0.3277659451632518,31596.0,213810.42029712404,2551,111070295,122105627,1001856,1634097,8469386,18365404,13564736,13416231,17621943,18851142,10141442,8661899,9391165,9346502,6252794,8479351,44626973,43351001
89,000498,2017-11-21,-0.016058394160583855,-0.014598540145985384,0.17137755001293928,7573.5,30486.18143484301,1600,18933997,10905393,1641307,953269,8559215,4021579,6472501,3180132,1561369,1690153,290925,734580,0,325680,408680,0,0,0
90,000501,2017-11-21,0.03221957040572776,0.030429594272076255,0.4304332027980573,15629.0,101392.88548524558,1518,23881592,42565982,791687,1931050,5320259,5093616,5132733,12844227,5310057,6278444,1260364,3235891,2063981,2887453,845107,484416,3157404,9810885
91,000502,2017-11-21,-0.0026315789473685403,-0.007017543859649145,0.49260073023749973,11330.0,68490.40468228044,535,8574838,5506977,371206,522181,2436115,2007807,1794424,1354464,1283553,767629,470020,515296,338400,339600,0,0,1881120,0
92,000505,2017-11-21,-0.011869436201780381,-0.006923837784371889,0.36249037743001783,11121.0,73182.98071121114,778,14848244,10445391,594658,623750,3904319,3566121,3485780,2021339,2233428,1244332,645404,236052,1112940,1232811,846239,0,2025476,1520986
93,000506,2017-11-21,0.003821656050955413,0.01273885350318471,0.24091750631348896,10822.0,75940.75081250594,1063,20041150,17547666,1143835,779702,4906682,4182686,3312725,3057143,2911205,2342716,3235650,2387583,1069744,3400874,873008,849032,2588301,547930
94,000507,2017-11-21,0.0029910269192423566,-0.001994017946161497,0.22376899202754816,18090.0,88553.17823282529,2010,48955034,41445214,1249618,1238197,9885246,9518254,9625709,8583364,12380297,8141311,4460921,3386034,3566298,3158954,2171797,463495,5615148,6955605
95,000510,2017-11-21,-0.0050825921219822545,-0.017789072426937724,0.2750139115942692,8613.0,55892.66281025299,819,14495302,7498849,606290,1103791,3581161,3107445,3062341,1468328,1143507,1058626,3553190,415797,1325823,344862,0,0,1222990,0
96,000513,2017-11-21,0.01988555078683829,0.023605150214592197,1.2693998804960929,71180.0,279509.77811717335,3034,242508487,227120969,1108460,1116829,11375556,10780974,22869256,19926984,35891283,29819601,27436716,21900667,27234760,16689277,32574702,23921164,84017754,102965473
97,000514,2017-11-21,0.014992503748125774,0.010494752623688264,0.21560037736620144,7480.0,34888.580657831015,957,9041346,9773298,992504,963538,3897310,3689032,2436870,1957367,1480245,1383777,234417,718188,0,1061396,0,0,0,0
98,000516,2017-11-21,0.0,0.0,0.15936876006493036,9720.0,157159.8531235094,934,20600392,14948404,905068,1117046,3415287,3573309,3361652,2546398,2443440,2408783,1371183,1388055,1392230,1367576,402262,1366120,7309270,1181117
99,000517,2017-11-21,0.0076142131979695105,0.0076142131979695105,0.11707642399992746,3995.0,67267.08174157725,1136,10712238,10470244,1407551,1030376,3494093,2417407,1697404,1460944,2155011,1103935,1158215,514070,397188,0,402776,0,0,3943512
100,000518,2017-11-21,-0.002958579881656709,-0.013313609467455634,0.30546461529133834,6780.0,43963.707729084126,489,5822487,3869000,336682,663980,1654997,1954549,853442,908142,865407,105544,876493,236785,335000,0,900466,0,0,0
101,000519,2017-11-21,0.0024390243902441266,0.0012195121951221743,0.22223700974871777,9840.0,67712.35488554637,1362,19429683,17321090,1393745,1601802,5922387,5983929,4356786,2652801,2284764,2611093,716459,1473334,1086223,1008175,420810,415000,3248509,1574956
102,000520,2017-11-21,0.020089285714285587,0.004464285714285587,0.14991178984730366,9080.0,144872.3409539376,894,15295155,17817467,798584,896413,3885882,2974057,2956817,2107370,2814378,1641046,2817521,2358205,0,309386,940510,820786,1081463,6710204
103,000521,2017-11-21,0.007339449541284404,-0.0018348623853210455,0.1711250622782828,9846.0,83693.21260801578,1015,19415935,12912738,954769,780104,4121131,3311418,3637221,2270794,4606180,3028500,2003170,1895304,1353371,1626618,0,0,2740093,0
104,000523,2017-11-21,-0.001145475372279492,-0.002290950744558984,0.4007815391226436,8760.0,52918.271434918985,474,6474168,5423666,607452,562200,1943731,1569605,1501765,938968,1016811,907979,776159,1015290,0,0,0,429624,628250,0
105,000524,2017-11-21,0.006843455945252375,-0.006843455945252375,0.3928542412271233,4652.0,30467.414973656363,885,7304805,4837239,1201982,698169,2690365,1862403,1398721,1133218,1140345,519359,216820,216690,656572,0,0,407400,0,0
106,000525,2017-11-21,0.021853146853146876,0.019667832167832078,0.6061199828400563,23330.0,128249.17326142082,1425,39190172,52305770,904255,1039469,7376920,6981297,6420253,6510407,6882132,8934268,5016990,6358027,5102055,4113386,2245211,4471448,5242356,13897468
107,000528,2017-11-21,0.007623888182973326,0.0,0.17040579209609064,14130.0,83399.08672280559,2138,37590301,31978948,2181213,1277478,10416126,11980470,7851261,7868193,6024242,4570474,2559925,2034517,1041850,1056192,865823,457620,6649861,2734004
108,000529,2017-11-21,-0.025675675675675746,-0.018918918918918948,0.29685231296530623,10318.0,56325.093752470544,621,11914463,4670180,682306,680723,3474641,2001890,2957798,1153738,2024670,833829,500909,0,362500,0,474828,0,1436811,0
109,000530,2017-11-21,-0.005128205128204999,-0.008547008547008517,0.2117372158954759,5850.0,48150.65441359595,763,9243671,8577221,412202,1069928,1934411,2405719,2319792,1573633,2455689,1493524,1744837,974113,376740,656448,0,403856,0,0
110,000531,2017-11-21,0.05434782608695676,0.07004830917874405,0.2120055471902039,14934.5,77939.00302528603,1528,26960803,32656647,1607380,1292548,7169976,6937852,4930646,7262059,5221063,6154344,1721144,4001580,2160870,2301436,483512,1810752,3666212,2896076
111,000532,2017-11-21,0.001677852348993314,-0.001677852348993203,0.4997877835200077,11880.0,75382.15120159872,568,11938091,6328973,492972,576831,2220096,2368415,2300317,1601324,1770217,1162633,1505737,231830,0,387940,1378506,0,2270246,0
112,000533,2017-11-21,0.007246376811594235,0.0,0.46977072401509173,9625.0,46657.123392198286,422,6108975,6128950,423666,431797,1760998,1557325,2213342,1356442,1182684,1859131,200720,513742,327565,0,0,410513,0,0
113,000534,2017-11-21,0.033475783475783505,0.03205128205128216,0.7720638560353302,14390.0,63831.69357325001,330,4773865,5250968,287662,165964,1428178,1796411,1061308,932988,830583,432130,458257,257744,305950,940231,401927,0,0,725500
114,000536,2017-11-21,-0.017578125,-0.01953125000000011,0.14842643885155618,9538.0,55515.8578117893,1193,18391127,5419141,3043309,797107,7115614,2309706,2177422,848934,786419,628308,1704513,453096,1017132,381990,406317,0,2140401,0
115,000537,2017-11-21,0.022696929238985364,0.030707610146862407,0.3052453015487652,32604.0,239195.6390026977,2415,109020522,129089421,958908,1156169,13467739,11460308,11645563,14684624,19165814,20328126,11997501,10686917,10309789,9115090,5435538,5752349,36039670,55905838
116,000538,2017-11-21,0.026739023186975963,0.00670942279230391,1.8603857591535229,71561.0,512485.7503699849,2969,287395238,314777339,4302,101,11715644,10228306,24246043,17609343,39513975,29583410,27797309,26026108,19388913,18633591,13441163,15210554,151287889,197485926
117,000539,2017-11-21,0.014056224899598346,0.008032128514056103,0.20239943506879396,4527.0,74763.27162499598,605,4305125,8002010,757029,461376,2002336,961523,528968,971565,382337,603270,258960,586572,375495,0,0,466066,0,3951638
118,000541,2017-11-21,0.0516684607104414,0.038751345532831216,0.17986000183736225,29450.0,196753.14674279498,2671,88806961,120641884,1908290,1518713,13371065,13427096,17114981,14202016,19170961,22599170,12879838,14050792,3755325,8117994,2770084,6120024,17836417,40606079
119,000543,2017-11-21,0.005825242718446422,0.0,0.16934732269774475,9785.0,149032.0993485092,925,19630772,21933805,827742,811012,2419185,3485728,2035961,2881833,2326522,4438695,2887992,1777948,0,1619215,0,866137,9133370,6053237
120,000544,2017-11-21,-0.017381228273464666,-0.016222479721900385,0.5415881958502656,8520.0,42104.64035305318,1015,17262659,7217350,1714843,847713,4841648,3204635,4181621,1684341,3504824,1039698,1516585,440963,1503138,0,0,0,0,0
121,000545,2017-11-21,-0.005893909626719096,-0.00982318271119842,0.17552569574243712,7154.0,63138.02453064813,841,14316475,8378402,687785,806753,2935248,2709621,2683090,1483930,1865309,1198423,2508941,1467275,1435185,303600,819036,408800,1381881,0
122,000546,2017-11-21,-0.009384164222873914,-0.02639296187683282,0.41727991800980174,27504.0,121596.15584702509,1677,65135982,51284137,675388,1090227,8519181,6409007,9673471,7855129,14641067,12795249,11630991,7550036,6089318,4066953,5292836,2601281,8613730,8916255
123,000548,2017-11-21,0.0059880239520957446,0.0014970059880241582,0.28491642928108074,6730.0,37862.829188173724,549,5556771,4586399,572630,705994,1527516,1682078,1067624,1066509,977011,728018,740990,403800,671000,0,0,0,0,0
124,000550,2017-11-21,0.0,0.0005783689994216523,0.55931596904162,13808.0,62532.0769055371,955,15431866,13633095,886988,755963,4449343,4324140,3041636,3555915,3246362,1641056,997285,470662,1693888,1365357,0,0,1116364,1520002
125,000551,2017-11-21,0.007067137809187329,0.004711425206124664,0.3560092770193559,10212.0,62196.05402662515,568,9714606,6653718,701586,409496,2982955,2253129,1951490,983821,1271873,1305801,281160,1055760,340880,645711,864996,0,1319666,0
126,000552,2017-11-21,0.005747126436781658,0.0,0.08954295756477777,1400.0,43767.43368138939,1517,11502920,10006628,785331,1569364,3268450,2288015,1912292,1025626,2593176,2622347,229020,206037,1737845,1726139,444366,0,532440,569100
127,000553,2017-11-21,0.018645121193287872,0.027967681789931698,0.34152241789413207,21294.0,84575.6207133469,2221,43333353,66963434,1233522,3007960,9470208,11593482,10519578,12421651,10959496,16490733,5568763,8299553,2425254,3083284,3156532,4544376,0,7522395
128,000554,2017-11-21,-0.0024721878862793423,-0.0024721878862793423,0.25605306272536643,12179.0,93009.86009410425,998,22566197,13025824,936147,1130459,4581836,4075888,4246500,3460787,3401127,1714410,2642266,1484993,1662890,344287,405500,815000,4689931,0
129,000557,2017-11-21,0.014583333333333393,-0.004166666666666541,0.17257017485596415,4815.0,42375.39657566384,774,8819183,6834953,712648,694647,2554656,2111214,2020812,1708027,1951858,1714499,450236,279078,1128973,327488,0,0,0,0
130,000558,2017-11-21,0.0,0.0018115942028986698,0.15485349744120008,8832.0,46817.44241881035,1272,16977834,14720994,1284841,1273987,5219267,3705007,3946384,4306467,3473938,3701667,728835,509754,1739523,320160,0,903952,585046,0
131,000559,2017-11-21,0.0009225092250921829,-0.004612546125461359,0.22066242014297027,26151.0,177763.54523262833,2417,109105028,73796740,1194176,1602691,9420261,12721984,13193622,12078862,17577779,15064278,17118034,8988698,13405860,7306080,4015786,3068210,33179510,12965937
132,000560,2017-11-21,0.006185567010309256,0.005154639175257714,0.249151540061465,14910.0,70662.90509320873,1517,30752614,27375800,1693614,1484724,7479088,6306990,6013509,7668583,7258318,6288677,2648441,2376811,1119296,1407514,1306534,1316241,3233814,526260
133,000561,2017-11-21,-0.009456264775413725,-0.010638297872340607,0.3047705481667369,6740.0,34614.46551257915,770,6918734,5354543,856710,984734,2685003,2352719,1496138,1123129,853570,302905,449536,206912,0,384144,0,0,577777,0
134,000563,2017-11-21,0.006224066390041472,0.010373443983402453,0.10643479357504158,12200.0,117592.55932799303,2058,41197772,52662184,1820311,1757287,8520502,9338984,5781702,6929615,6128051,9011409,7065091,7232774,3679899,4743497,3745902,2656907,4456314,10991711
135,000564,2017-11-21,-0.007797270955165692,-0.009746588693957059,0.15659306790179836,6617.0,73533.00119962155,1074,17125509,12681151,720965,1110310,3310828,3354645,3926669,2250544,3254367,2048136,1664134,1501268,342900,0,1318973,460645,2586673,1955603
136,000565,2017-11-21,0.005291005291005346,0.010582010582010692,0.3335870937690287,8404.0,38891.29371161581,513,5825643,4606534,568701,529431,2507640,1471988,1388206,1127983,826046,275890,203520,426322,331530,774920,0,0,0,0
137,000566,2017-11-21,0.008607198748043832,-0.029733959311423974,0.35954832403603454,23305.5,195818.487463335,1266,54851990,51337467,700200,908837,6080281,5467434,4265121,5327311,6603041,6350470,8840835,4297861,5178731,8635844,3169703,2528472,20014078,17821238
138,000567,2017-11-21,-0.015396762731938352,-0.017765495459928893,0.8213973819404665,22437.0,47253.476660920074,953,23310014,10342792,462839,542163,6877601,3530105,7593269,2696700,4424240,2589688,2930232,474936,1021833,0,0,0,0,509200
139,000568,2017-11-21,0.04264487369985148,0.02377414561664204,1.2270764580167217,96831.0,655020.2379861223,3012,406311167,394328397,777091,699681,12036308,8428113,18887855,16747710,38588545,39108350,30280073,31168397,33727455,31218248,20251822,27302220,251762018,239655678
140,000570,2017-11-21,-0.005033557046979942,-0.003355704697986517,0.30993215661071416,7748.0,49750.97900181848,369,4488995,4216801,218050,531997,985848,1609725,1394881,704015,1102820,257288,460653,497334,326743,0,0,0,0,616442
141,000571,2017-11-21,-0.03548387096774186,-0.01774193548387104,0.15330544301480822,6150.0,70508.9255983125,1641,23600716,18929855,1125682,1420077,4930355,4536804,3296498,6950738,4649348,1718162,2932937,1194196,2228569,941661,459137,463984,3978190,1704233
142,000572,2017-11-21,-0.002096436058700135,-0.0062893081761005165,0.1315125998986731,9500.0,83610.86526770773,1318,18422854,15466013,1325502,1538003,4594254,6256001,2530756,2402231,3021476,2875347,1940808,710751,1723649,675864,400425,0,2885984,1007816
143,000573,2017-11-21,-0.013384321223709472,-0.005736137667304075,0.1857865649521016,8352.0,53572.97408495383,793,9674649,4431949,2791478,500551,1737935,1790104,1625313,1294214,1137934,847080,711364,0,387760,0,0,0,1282865,0
144,000576,2017-11-21,0.011585365853658658,0.012195121951219745,1.131794381507462,11536.0,144243.84442907682,209,1948916,5711010,209070,283749,788819,779816,566944,925733,384083,669569,0,723349,0,312666,0,0,0,2016128
145,000581,2017-11-21,0.029739776951672958,0.018959107806691522,0.46350253167494615,160312.0,543282.4068039197,3371,571803816,510824244,370429,304316,10637105,6533689,23044472,12790758,50325701,39374896,49457804,40537477,45516625,39363110,39650429,33399123,352801251,338520875
146,000582,2017-11-21,-0.010999083409715893,-0.01466544454628782,0.2729321346711067,13020.0,58261.29536593793,1599,32935673,22019282,1046984,1583429,7187383,7450516,6168797,5944661,8549953,5500245,4757474,686298,2651590,325200,1244512,0,1328980,528933
147,000584,2017-11-21,-0.004013377926421313,-0.004682274247491569,0.40255700359926405,29780.0,200574.96604293687,1380,55298473,47921144,541723,689280,11894597,3863921,10846414,4064186,11743561,7707096,6332362,3041342,1107660,2643910,1865400,3555123,10966756,22356286
148,000586,2017-11-21,0.001546391752577314,-0.020618556701030855,0.9429671452955399,20801.0,127387.66083484105,431,17804442,14385247,276431,325472,1401238,1313084,2718340,1471251,4082396,2899025,680555,4774298,2878881,1646987,2158529,426799,3608072,1528331
149,000587,2017-11-21,0.0060975609756097615,0.0,0.1901226679678158,16375.0,138009.6581779019,1193,34225800,38481432,711767,977618,5277881,4223361,6793584,2803668,9823171,4702916,2622797,4150279,2193455,4780962,487494,2746124,6315651,14096504
150,000589,2017-11-21,0.010526315789473717,0.00210526315789461,0.22184187913879003,4780.0,44177.453827807374,458,5031817,3834613,410373,494596,1652011,1318603,790791,477164,556856,707904,1281928,488832,339858,347514,0,0,0,0
151,000590,2017-11-21,-0.011748445058742174,-0.011748445058742174,0.7704733316796536,13687.0,55862.183240291175,352,4663482,3966139,282356,251294,2439710,1128203,841992,349298,1099424,873449,0,522315,0,0,0,0,0,841580
152,000591,2017-11-21,-0.015492957746478742,-0.007042253521126751,0.13426926768412695,32994.0,147760.23369475032,2804,121240392,94500816,1686958,1271562,15837170,12081272,20381908,15287186,24897889,18287412,17496851,11743752,8486025,7001780,6277346,7116650,26176245,21711202
153,000595,2017-11-21,-0.023679417122040025,-0.030965391621129323,0.15479654313596516,8175.0,47720.29013411186,1259,19888969,11309863,916447,1425478,4364509,4554731,3498681,2590330,4930905,2276724,3565019,462600,1741806,0,871602,0,0,0
154,000596,2017-11-21,0.04105616605616613,0.024572649572649485,1.3633456419911887,40212.0,189921.1939443484,2311,99808820,109892801,799325,1511176,11409934,11966750,13142219,12839971,22789768,21848799,13005754,14863652,7222195,8754195,5447848,8088547,25991777,30019711
155,000597,2017-11-21,0.02874049027895187,0.018596787827557026,0.2667451212819588,26400.0,97050.55534873811,1974,61525329,45169237,1030712,879014,16469030,7655314,12037204,6832844,11305901,8912643,6322364,7605091,3696041,4686484,3138597,2297298,7525480,6300549
156,000598,2017-11-21,-0.001808318264014619,0.001808318264014508,0.1477696975866857,11080.0,163955.80891390983,1402,42680215,34343991,1106113,1242944,4179925,6268432,3741054,4978897,6200372,5556941,3755479,2779419,2078551,2495751,1759677,1326871,19859044,9694736
157,000599,2017-11-21,-0.0016722408026756952,0.0016722408026754731,0.23303916134054495,9022.5,60561.118464631305,658,10730582,5862561,376255,729707,2691072,2433970,1930864,1967080,1307272,731804,1119988,0,1319521,0,498610,0,1487000,0
158,000600,2017-11-21,0.005952380952380931,0.0023809523809523725,0.2087695238007153,12690.0,104225.35845943667,1620,35179482,35346024,1567150,1382731,6572724,7965304,6272847,5762573,4968228,5950748,4898566,4613763,1799296,1370634,848189,1805647,8252482,6494624
159,000601,2017-11-21,-0.01719576719576721,-0.014550264550264425,0.2716629603201522,8228.0,60082.72503570746,774,12373907,6150882,968265,597240,4546963,1806437,1761663,2325700,1363294,961369,439260,460136,722500,0,856862,0,1715100,0
160,000603,2017-11-21,-0.009369676320272524,-0.011925042589437829,0.44132896043416187,11610.0,40547.379564185874,707,10863183,6236214,690224,614102,3290702,2975929,2671727,1721566,1902046,924617,1180674,0,696314,0,431496,0,0,0
161,000605,2017-11-21,-0.010167768174885738,-0.013218098627351349,0.600105911148319,9920.0,59209.265872686265,1074,18910315,12627500,1146319,1291219,4651979,4021331,3369432,2235546,3827097,3899397,1589426,1180007,685740,0,2260676,0,1379646,0
162,000606,2017-11-21,-0.00425985090521841,-0.009584664536741228,0.37769623704995786,9330.0,70833.94019143605,618,11927076,7049295,994861,539002,2485827,2321195,1985091,1787962,1567123,567481,2321045,489016,1036099,0,915652,416640,621378,927999
163,000607,2017-11-21,0.0028328611898018607,0.0014164305949009304,0.3120906154218751,12726.0,72774.81896516387,511,11414320,7342099,390969,527613,2210277,2140485,1701774,1590984,2504482,1009824,1588400,1082051,1034998,352201,901560,0,1081860,638941
164,000609,2017-11-21,0.001831501831501825,-0.001831501831501825,0.4568393020410743,6576.0,36302.78653897895,571,6338741,4346252,323351,693762,1881959,1993520,1177157,961320,1432927,697650,1082353,0,0,0,440994,0,0,0
165,000610,2017-11-21,-0.018698578908002972,-0.0037397157816004833,0.6481374863759036,13470.0,60407.994733603446,425,6967475,8716466,383621,261690,2160925,1741753,665046,2402320,1749655,2226772,1570329,992249,0,686682,437899,405000,0,0
166,000611,2017-11-21,0.0070028011204483764,-0.008403361344537785,0.3791121057161918,13235.0,68307.1649561801,354,6611679,6514178,374619,182813,1523986,1160424,1566111,1739531,895504,2103483,746357,1006981,388692,320946,405410,0,711000,0
167,000612,2017-11-21,-0.013875123885034757,-0.009910802775024763,0.27535692491712943,10050.0,102592.86392387487,1343,25771831,16892153,1071169,1255102,5520629,4169758,4113671,3583959,6064285,3311173,2135011,783111,679438,2117365,921404,0,5266224,1671685
168,000613,2017-11-21,-0.007518796992481258,-0.01754385964912286,0.3614600419806491,7970.0,32117.440363588496,487,5342357,4051960,464179,532030,2373892,1716214,1304286,844808,953418,624127,246582,0,0,334781,0,0,0,0
169,000615,2017-11-21,0.012096774193548265,0.019153225806451513,0.19908960613154278,29319.0,176598.09956317305,2487,96710517,105822924,999148,1360330,11400238,11259046,11435136,11751419,24949720,21933997,11670866,12307543,6491322,8086878,6703899,4829081,23060188,34294630
170,000616,2017-11-21,0.0,0.0026041666666667407,0.1292872414449103,5790.0,84184.36042657391,883,10766385,12795184,631303,1106621,2393852,3129455,2550073,1554477,1527552,1956008,680295,1536299,719729,1414306,460800,885164,1802781,1212854
171,000617,2017-11-21,0.010810810810810922,0.012162162162162149,0.4670066807025319,11712.0,43371.05135030164,1005,9841526,14925385,635337,1358665,3737070,5666065,2211990,2881534,1943049,1921676,572632,1818548,318646,1278897,422802,0,0,0
172,000619,2017-11-21,-0.0072727272727273196,-0.00848484848484854,0.4319619651718776,9003.5,92723.49668842423,364,6120787,5755464,341431,440241,1755888,1087357,1477437,701957,948076,1139062,417155,247200,687161,0,493639,0,0,2139647
173,000620,2017-11-21,0.0,-0.0048154093097914075,0.24316636643829975,5584.5,55161.73619900993,656,7411437,6554569,583945,837171,1893937,1697152,1432636,1032340,1349874,403510,668896,0,644180,1963396,837969,0,0,621000
174,000622,2017-11-21,-0.01291512915129156,-0.016605166051660514,0.31572328735516425,9645.0,61127.127734019734,294,4707904,3890958,235796,209140,1414999,984990,810001,881260,272432,513432,878868,534600,665408,309925,430400,457611,0,0
175,000623,2017-11-21,0.034757118927973174,0.025125628140703515,0.4236361611270909,97400.0,432169.37242631527,3179,311649205,419264362,636054,805259,10697976,10618640,18691945,18204227,38376547,40258345,39565043,35603011,24366398,31533002,26485705,23976638,152829537,258265240
176,000625,2017-11-21,0.013709063214013772,0.00990099009900991,0.2518884597382177,29106.0,177531.88355337444,2718,98611368,105676943,1222146,1793177,17456966,12486767,16239471,12606070,18332053,19727723,8933911,10114058,6997394,8310460,4647011,5359676,24782416,35279012
177,000626,2017-11-21,0.0007923930269415624,-0.015847860538827252,0.389529984349707,12550.0,55946.27682528537,1050,17989226,12828900,773900,758422,4995181,5457583,4126923,2998789,2682907,2176663,1408589,728057,1689182,709386,448931,0,1863613,0
178,000627,2017-11-21,0.05691056910569103,0.05691056910569103,0.17018283484172556,77976.0,295491.6100374198,3351,232935447,332554600,646421,844677,11651895,12592136,19302046,22150464,41883337,47424569,30787282,39260780,27630623,30236287,17505570,27903139,83528273,152142548
179,000628,2017-11-21,0.03825136612021862,0.032786885245901454,0.24375580853600617,14242.5,235193.1803860362,1412,25375616,37244319,1230826,1293096,6421184,6966521,5430247,5291249,6486150,4780931,3663772,3110639,1020972,2047673,418440,919108,704025,12835102
180,000630,2017-11-21,-0.011029411764705954,-0.007352941176470562,0.05663544406742626,7532.0,135028.20788683926,2334,53176078,37405496,1702032,2387800,7453373,8632125,7760506,5072441,7144227,2902295,5992918,2297406,1059881,2341121,2162446,1308236,19900695,12464072
181,000631,2017-11-21,0.05034324942791746,0.04576659038901609,0.10072323421039255,9120.0,126952.87548436104,1892,27456497,44467932,1389544,1687666,5878345,8307461,6780997,4967163,5623279,9944280,2726937,5503428,1751702,3435713,1293960,1252179,2011733,9370042
182,000632,2017-11-21,0.008012820512820484,0.0,0.3228193896204891,6240.0,55486.118136392746,373,4969374,4444230,380781,344457,976728,1294350,602262,895924,1425967,1031777,433357,571956,658894,305766,491385,0,0,0
183,000633,2017-11-21,0.025555555555555554,0.012222222222222134,0.3210802220877535,9220.0,37633.64422494063,786,9707080,8634643,905678,779497,3703434,2946692,2449425,2917345,1164711,1414090,1483832,251239,0,325780,0,0,0,0
184,000635,2017-11-21,-0.017363344051447016,-0.01672025723472681,0.5235707666490668,12336.0,36934.66517645766,882,11492872,8933175,806175,1123378,4393456,3532160,2852912,2399787,2039187,1639150,688920,238700,310000,0,402222,0,0,0
185,000636,2017-11-21,0.006369426751592355,-0.006369426751592355,0.2146190976030817,95152.0,851737.3514054891,3437,472452268,514904382,797543,1026283,10794040,10954059,17056656,21707416,34484471,46017040,34538786,40625486,27451295,27642845,24089467,22937901,323240010,343993352
186,000637,2017-11-21,0.0,-0.00170068027210879,0.23490823790924445,6484.5,40478.471983013704,626,6579836,5904868,680340,563552,2408689,1996179,1772020,1283890,842811,1012443,489216,518428,386760,0,0,0,0,530376
187,000639,2017-11-21,-0.011671087533156599,-0.023872679045092937,0.5898267747829241,17619.0,111292.87501420802,1022,28788125,19320906,832020,921853,4867725,4329085,6297878,3368762,5608355,3317450,1669035,1487374,1109653,319290,987651,454233,7415808,5122859
188,000650,2017-11-21,0.0,-0.0035650623885918886,0.18129976659377442,4488.0,51644.753474309546,958,11440534,8057795,1223660,1044232,1828822,2597073,2273264,1735715,2842537,441865,1519997,494560,394100,318382,1358154,865968,0,560000
189,000651,2017-11-21,0.04344029687841067,0.03361711416721236,0.7639044891502971,573278.0,1969163.3312983625,3597,1697639823,2412245704,56681,42543,1461347,1335838,7391108,6203231,28545852,27984857,43698532,43321616,57031732,56337629,46760797,47855406,1512693774,2229164584
190,000652,2017-11-21,-0.0020661157024792765,-0.0020661157024792765,0.15474012180290853,5784.0,62898.19806774305,979,14154140,11858399,1122993,981161,3571184,2929561,2329964,2005111,1905859,2844194,1467512,1648944,1073196,0,911706,932148,1771726,517280
191,000655,2017-11-21,-0.0069637883008356605,-0.005571030640668551,0.2605477993253989,10052.0,58218.83739282591,759,11642576,9201871,672220,715084,3835342,2365120,2202139,2164234,2676629,1732199,713353,757250,321216,359856,0,467670,1221677,640458
192,000656,2017-11-21,0.010940919037199182,0.010940919037199182,0.12676104026854554,6825.0,77638.4902979508,1302,20068647,17318363,1533165,1093090,4824423,3807138,3439343,2001001,2666905,3991161,3256439,2492046,327363,356960,951062,1777017,3069947,1799950
193,000657,2017-11-21,0.007317073170731714,0.0,0.4117580127184953,12500.0,60215.78993200463,893,13634433,11737154,670840,698164,4500808,4877699,3388981,2005498,2636425,1898708,673075,706724,307254,0,0,0,1457050,1550361
194,000659,2017-11-21,0.007792207792207684,0.0051948051948051965,0.1388988095961416,15785.0,78978.41028800656,769,13793092,15668377,521186,451966,4173387,3839923,2929529,2184517,3072746,3090244,975409,2452968,653418,735615,482202,872579,985215,2040565
195,000661,2017-11-21,-0.004787234042553212,0.00047872340425536564,3.877741805647865,37900.0,280275.5771065157,2354,157868357,126229346,17244,1879,22139418,6462273,18515571,13198230,17169674,14936774,14964991,9917543,11607830,10430496,13775083,8768724,59678546,62513427
196,000662,2017-11-21,0.11111111111111116,0.1274074074074074,0.3600503151628572,22942.5,1445412.344603073,1430,62982306,122188098,827294,869968,5653996,6770542,6496926,6342110,9285259,7547920,7575349,6552255,4807802,3059679,3077043,4851055,25258637,86194569
197,000663,2017-11-21,-0.014326647564469885,-0.012607449856733455,0.5420380301354168,17740.0,152884.0719172938,1037,35152699,26148550,586304,698685,4315963,6369576,3833938,5255861,4655589,3704299,1932115,3407559,1774672,2331384,1716388,1750582,16337730,2630604
198,000665,2017-11-21,0.001945525291829009,0.0009727626459143934,0.3810870117395066,8248.0,110009.86583587783,727,15292704,12696891,429191,1022931,2890938,1877667,1817342,1008206,3131303,2710412,1660911,686387,309900,971546,463049,432408,4590070,3987334
199,000666,2017-11-21,-0.01015228426395931,-0.02030456852791873,0.4445621550983475,21197.0,144513.6297931409,1964,70191055,41297384,1744511,1333617,10333090,9618916,10385467,7960693,12439640,9868136,8326018,4332597,6776212,2299704,3151977,1335822,17034140,4547899
200,000667,2017-11-21,0.006514657980456029,0.0032573289902280145,0.09138836550154109,3090.0,67364.88595357077,1133,10313068,11213748,1119199,1168325,2268663,2536191,1009316,2732361,1194713,1390932,539514,455383,1298442,364311,446600,0,2436621,2566245
201,000668,2017-11-21,0.0033112582781458233,-0.0033112582781456013,1.0067675645994285,13612.5,36583.58754112242,224,3393457,2087884,240577,118648,1227128,1122601,777249,439969,921853,104466,226650,0,0,302200,0,0,0,0
202,000669,2017-11-21,-0.007057163020465773,-0.04798870853916726,0.3613716261281475,19047.0,89083.7787096425,1538,40742163,26391697,870602,1402912,9453602,7265213,9300530,5217083,7625834,5094160,2659974,2105647,2388802,3165813,2905129,467840,5537690,1673029
203,000670,2017-11-21,-0.007949125596184436,-0.0015898251192368873,0.13461717266235548,14398.0,67151.40734828485,2189,41865782,36978535,1822199,1858657,11369194,9221275,8772785,8376840,9276615,8555987,4216625,2729521,2302810,1606864,903354,1306278,3202200,3323113
204,000671,2017-11-21,0.025757575757575646,0.021212121212121238,0.1336834159773064,24408.0,223264.4114703441,2445,95279465,127486732,1323713,1762514,9607731,11174821,9308866,13772799,15811464,13179450,11569063,12151180,9420457,9931306,6801936,10771282,31436235,54743380
205,000672,2017-11-21,-0.005580357142857206,-0.008928571428571397,0.2047584302266691,15189.5,67467.8795231748,1916,42108820,26510142,1564547,2123524,9974906,9241810,9417619,6523242,7914057,4161476,5702976,1674343,2037305,1038473,843050,859388,4654360,887886
206,000673,2017-11-21,0.0,-0.005154639175257825,0.48479053636524877,15190.5,328762.0601947645,576,17405049,55757889,375093,380823,2145947,2182640,1243717,1848498,1983189,1315770,1424150,1141467,1025608,5756979,454411,5935760,8752934,37195952
207,000676,2017-11-21,0.0057613168724279795,0.0057613168724279795,0.3610970285169843,12280.0,56584.05787672511,1132,21774874,16604783,947825,887234,5280246,5156088,4863979,3061428,6136649,4465193,2454398,1714815,687990,0,1403787,1320025,0,0
208,000677,2017-11-21,-0.014705882352941346,-0.019607843137254943,0.19894665928994734,5850.5,95485.81349041362,420,7034166,3645397,342302,395201,1783687,1414675,933606,355245,1605050,862082,204321,618194,369200,0,0,0,1796000,0
209,000678,2017-11-21,0.008928571428571397,-0.010204081632653073,0.38356710613003314,7730.0,22361.10897943789,417,3911623,1910930,601411,452627,1742610,1150611,924806,307692,395436,0,247360,0,0,0,0,0,0,0
210,000679,2017-11-21,0.008130081300813163,-0.0013550135501354532,0.3387383746552253,7400.0,41392.41580442315,474,5310369,4591433,685541,412764,1393253,1615086,1006043,1198293,1243199,821022,0,202860,982333,341408,0,0,0,0
211,000680,2017-11-21,0.004149377593360981,0.0020746887966804906,0.13457512103491667,9660.0,63455.787201025836,1285,21574634,17945202,1037765,1608578,5362740,5305820,4223637,3108164,4457623,3133535,2788279,1768471,1281581,1387408,0,933359,2423009,699867
212,000681,2017-11-21,0.043147208121827374,0.020304568527918843,0.5024837624548922,19955.0,107986.31301514506,1538,33574903,42713907,1048854,1119300,7337035,7451627,5467561,6448676,6977987,6879463,3297513,6812304,2439385,2326934,472291,2984443,6534277,8691160
213,000682,2017-11-21,-0.008350730688935326,-0.012526096033402823,0.17754030649971583,5729.5,54260.37804517715,728,10400813,4232916,849983,906259,2830822,1835138,1641730,562695,1481016,928824,1392951,0,617567,0,0,0,1586744,0
214,000683,2017-11-21,0.0,-0.0035211267605632646,0.07670995839437149,6566.5,88548.01094842215,1380,22248406,17863328,1107921,1419641,4711913,4997579,2884017,2656800,3901432,3590637,2597773,1691136,1379819,0,873126,0,4792405,3507535
215,000685,2017-11-21,0.015488867376573179,0.01742497579864466,0.28294167182270547,12624.0,112654.47381781036,1333,25541607,38055120,830220,1090403,5786357,5222971,5116856,3889625,4786576,4552127,4092231,5774634,2067991,5029302,487410,2110151,2373966,10385907
216,000686,2017-11-21,0.02807775377969768,0.02807775377969768,0.19136671097381328,29682.5,200774.16158886603,2344,101000776,144179071,1505461,1694099,8979262,9729047,12049342,12485527,16252311,19512982,13653972,17428489,10030537,13688584,9321373,17266122,29208518,52374221
217,000687,2017-11-21,-0.01157024793388417,0.0,0.3594827812153414,14664.0,71506.43497880183,1133,25835423,20647893,813978,1005465,4440841,4943882,6261790,3435097,5648931,5697640,2582993,2808866,3835260,1727524,844320,427419,1407310,602000
218,000690,2017-11-21,0.025477707006369643,0.02420382165605095,0.19986027126540856,16000.0,220065.98870876373,1544,40642769,72995281,1118971,1494267,4961745,6317233,5914300,7307220,7650285,9823454,5773247,7013474,5058246,5824759,3082616,3091201,7083359,32123673
219,000691,2017-11-21,0.0,0.0,0.9085006707535325,6920.0,54963.71136813636,57,1368776,0,99648,0,416584,0,0,0,123868,0,728676,0,0,0,0,0,0,0
220,000692,2017-11-21,-0.01642335766423375,-0.014598540145985384,0.21632364209599594,5420.0,56174.617026596345,642,9645340,4987026,704614,494569,2135063,1645327,1735536,1382286,1488499,849988,1454275,0,1063687,0,459850,0,603816,614856
221,000697,2017-11-21,-0.0029799914857384646,-0.0063856960408683605,0.6227650006315292,23550.0,140853.60813107318,1423,63320077,42524577,809490,1065334,6194220,6662262,6212355,5818182,11332911,8026412,11405509,5979404,5951237,4366705,7090838,2692668,14323517,7913610
222,000698,2017-11-21,-0.006745362563237767,-0.00843170320404718,0.22733415187559597,9560.0,64616.513496761254,680,13940022,6630374,671205,646611,2481553,2240842,3400262,1897052,2205660,1001250,2153202,530000,666947,314619,927720,0,1433473,0
223,000701,2017-11-21,-0.009124087591241059,-0.011861313868613221,0.3439878340635631,7581.0,40479.12320863793,1015,12704779,8772364,704561,1520122,4167395,2703226,2685287,1550785,2898166,1408690,1560604,1260441,688766,329100,0,0,0,0
224,000702,2017-11-21,0.005115089514066584,0.002557544757033181,0.31138103936412864,13387.5,43216.838440779065,630,8835165,6571837,594937,420096,4467443,3296738,1735762,1179185,975623,840278,0,513690,0,321850,433400,0,628000,0
225,000703,2017-11-21,-0.0071258907363420665,-0.02078384798099775,0.3895553563766875,18447.0,181166.35076634394,1871,80816368,57479901,1822457,1109828,8910367,6299972,9270358,7114504,12637519,7322827,7222480,5428400,5089288,4733051,3623901,4647938,32239998,20823381
226,000705,2017-11-21,-0.012168141592920345,-0.00774336283185828,0.35252089087509025,4540.0,49775.178208388395,657,7554123,4007087,819268,624436,2451174,1771400,1155237,501270,1146614,441023,258830,243175,0,0,404100,425783,1318900,0
227,000707,2017-11-21,-0.004769475357710662,-0.02384737678855331,0.2743567064211783,8138.0,38056.10417116168,525,7771813,3737457,504170,573533,2734404,1319872,1548491,675671,1949797,1168381,731756,0,303195,0,0,0,0,0
228,000708,2017-11-21,-0.006779661016949157,-0.0059322033898305815,0.45402603721497714,8253.0,89671.69640699527,675,13408867,6679887,714205,466230,2381893,2507652,2128748,1540654,2175605,863348,1511814,448400,727027,391050,0,462553,3769575,0
229,000709,2017-11-21,-0.0025062656641604564,0.0,0.07575234301493293,20748.0,211266.60162963945,2793,96861604,95628740,2133065,1549088,16782780,10838248,17051109,11586600,13519287,13900370,8142997,12449874,3759731,4497483,4319526,7552676,31153109,33254401
230,000710,2017-11-21,-0.006086956521739184,-0.019565217391304235,1.3614151875707663,47347.0,245735.46653228896,2573,166898886,119222902,822464,1275123,11528681,13124830,14124687,16096704,26586279,23689355,21340015,14378377,15639153,10821556,8755028,8261191,68102579,31575766
231,000711,2017-11-21,-0.025522041763341052,-0.016241299303944245,0.2905546091104125,22788.0,134043.75341265005,1982,63703134,50254440,1149897,1304903,8752031,10049192,10288662,9695763,15533528,11177988,7762898,5711722,4804981,2693134,1808175,1335157,13602962,8286581
232,000712,2017-11-21,0.02734147760325767,0.03141361256544495,0.37297968716696434,22425.0,130992.20143428279,2126,58131523,80116906,1297649,1879315,7684392,10002779,9360762,10508756,14439122,15027433,5144329,12343377,4569209,9555663,3015860,3499577,12620200,17300006
233,000713,2017-11-21,-0.008075370121130465,-0.0053835800807536804,0.29971418309790243,9548.5,39767.02785408657,614,8153740,4939514,801492,365702,3179265,2063737,1755581,1082909,1334018,469077,712884,468452,370500,0,0,489637,0,0
234,000715,2017-11-21,0.00643086816720273,0.00643086816720273,0.3931335352928333,1896.0,44108.63129645976,563,2821276,6117687,520098,537325,1505644,1220907,473889,513061,321645,1404749,0,936895,0,1006672,0,498078,0,0
235,000716,2017-11-21,-0.006956521739130417,-0.006956521739130417,0.15571697396180012,10314.0,65321.284864205794,1365,24578333,16612428,1598692,1200999,6568954,5099501,4645848,2640892,4730273,3437476,1946137,1674428,1416140,1395782,1314097,0,2358192,1163350
236,000717,2017-11-21,-0.007001166861143604,0.002333722287047868,0.15547389191387392,54432.0,358474.72079451097,3047,247583999,258617730,1302065,1383205,10147491,13074095,16315613,18949673,30354608,35765751,24368027,20893958,21594243,17420272,18134075,15504734,125367877,135626042
237,000718,2017-11-21,0.0020283975659229903,0.0020283975659229903,0.15768535184948695,4970.0,82335.58395526253,978,16626436,11374468,1316577,888318,3467644,2709605,2096610,1497457,2348920,1561878,2310719,2817896,1074077,724980,1894172,0,2117717,1174334
238,000719,2017-11-21,-0.024439918533604943,-0.027494908350305436,0.3189911821579708,3876.0,39217.320214422114,948,9846092,4722757,1131739,1006236,3922434,1301561,1385541,1320393,1281952,253801,940869,285936,687999,0,495558,0,0,554830
239,000720,2017-11-21,0.004716981132075304,0.002358490566037652,0.187121888788636,7668.0,45582.06470907948,513,5719305,4999879,404348,621755,1914636,1625059,792410,1682710,1139559,700587,510000,0,0,369768,425000,0,533352,0
240,000721,2017-11-21,0.0,-0.009884678747940745,0.2313603597589849,7176.0,48667.363767882845,688,8567380,5495282,514528,845034,2792627,2124270,1415329,1289201,1520305,997577,271350,239200,0,0,850541,0,1202700,0
241,000722,2017-11-21,-0.01194029850746281,-0.012935323383084674,0.4174919786803123,9900.0,74839.74889660448,579,11073382,5318262,435866,774773,2382728,2235974,995672,1159180,2397227,215935,921263,272082,943952,0,1420850,0,1575824,660318
242,000723,2017-11-21,-0.016249999999999987,-0.012499999999999956,0.22081181594048044,2376.0,91316.14832827117,1313,26316960,18928210,463110,1331090,2658217,3030936,2777009,2864915,3767957,4496506,2594081,3241340,7259864,2032813,2686256,1372080,4110466,558530
243,000725,2017-11-21,0.06891025641025639,0.033653846153846256,0.10415327161687819,1615971.0,4592933.171614881,3602,5140518086,5797296667,0,0,135675,259417,1492201,1127210,10597049,10410634,21895215,21925311,31609413,24327037,32397491,32309606,5042391042,5706937452
244,000726,2017-11-21,-0.005504587155963359,-0.0027522935779817903,0.25210335976818254,8773.0,82470.01515512304,1870,28964668,21780760,2090850,1801607,9048751,5421337,5439638,2878905,3578436,2598364,1905744,2631444,1676137,1023396,964652,869942,4260460,4555765
245,000727,2017-11-21,0.0039215686274509665,0.007843137254901933,0.06330762783001587,5397.0,116733.5896320239,1638,28242789,30526282,1119247,1728638,4244674,4937274,4611312,3103162,4672132,2868960,3236576,4602294,1011200,1466152,845834,888192,8501814,10931610
246,000728,2017-11-21,0.029900332225913706,0.024086378737541603,0.22215553017964607,53064.0,303573.3770712589,2941,185407846,262545049,1055563,1063481,11908679,13941174,14240902,18407166,30547604,28240864,23988449,24644373,16530780,19075359,15216871,21476360,71918998,135696272
247,000729,2017-11-21,0.013675213675213627,0.013675213675213627,0.12431182395641398,8288.0,74548.80687380004,2221,22442283,41976813,508712,5360827,3529493,12039148,3951264,7483619,3138788,5815533,1974219,4772674,1109876,1872195,1832042,2167797,6397889,2465020
248,000731,2017-11-21,0.006839945280437965,-0.001367989056087482,0.24129856999438928,10241.0,59720.57858276474,918,13702966,13622104,567208,890275,3269440,3997628,3235042,2736322,2044515,3077727,1602687,1610522,1431149,717630,439800,0,1113125,592000
249,000732,2017-11-21,-0.007109004739336289,-0.01421800947867291,0.4249694266333712,8305.0,86006.0354731446,1579,29074140,23117077,1375379,2317229,3951302,5046633,7217166,4858468,5429697,4291829,1728926,1731516,1357754,1663491,1473479,422510,6540437,2785401
250,000733,2017-11-21,-0.0013726835964309458,-0.009608785175017176,0.4267194251631278,14450.0,62447.236041580974,1166,23744138,18355305,627460,1691580,4334468,5206075,3683890,5818015,6386441,3013400,4408863,1575996,1446391,610047,2164498,440192,692127,0
251,000735,2017-11-21,-0.017663043478260865,-0.02309782608695654,0.16520004631936452,17520.0,152879.0968878534,1989,73184783,43425140,1419249,1557254,9350778,8982020,9810604,6750033,11154276,6885351,9241469,4321439,8892891,3119676,2649183,2164519,20666333,9644848
252,000736,2017-11-21,0.026152787336545025,0.02890571231933925,0.46162995219394565,14975.0,55848.81241610727,992,14850491,17283049,889977,839580,5088965,4813314,3771006,4197190,2838539,3547670,738146,1286309,322070,1242206,447300,1356780,754488,0
253,000737,2017-11-21,0.0018018018018017834,0.003603603603603789,0.2100301919870772,6702.0,40215.13539548525,698,7592473,6140262,709950,839043,2487837,2191235,1398291,1443042,1592698,839868,541347,491250,390600,335824,471750,0,0,0
254,000738,2017-11-21,-0.011990407673860837,-0.014388489208633004,0.44433408085654946,10043.0,73832.33402322963,1409,28328334,18347897,1186392,1535296,5768465,5023588,4932653,3925221,5780231,3625945,3378105,1380335,1338314,1802929,2793256,407647,3150918,646936
255,000739,2017-11-21,-0.01608187134502914,-0.01608187134502914,0.29977362699348387,7386.5,87064.44066875048,520,9043520,4920917,588896,404812,1772543,2008350,1439770,1404080,1632670,563929,202800,0,669135,0,0,0,2737706,539746
256,000750,2017-11-21,0.02499999999999991,0.028846153846153744,0.10833964788058031,20330.0,139749.30772469225,2311,63868051,84909670,1646320,1561467,11401991,9387800,10712567,10703817,11745668,14420814,8088679,11041597,4597583,11313001,2136523,4012251,13538720,22468923
257,000751,2017-11-21,-0.010266940451745366,-0.010266940451745366,0.12120236447966727,8739.0,114580.6297188562,1618,41244611,23843102,1202827,2146816,5417863,7081960,3822037,3588001,4106724,3547301,3634176,3836219,2070106,987441,5261695,1868044,15729183,787320
258,000752,2017-11-21,0.05555555555555558,0.0346215780998389,0.548983697197819,10024.0,50023.051120172066,511,6329193,6610626,488988,518872,2181117,1447435,1019113,1477021,1412485,1050009,753190,1733289,0,384000,474300,0,0,0
259,000753,2017-11-21,-0.0050000000000000044,-0.0050000000000000044,0.16649379983912868,4812.0,53872.374321659,577,7656740,5812601,385173,839447,1704096,1955105,831938,1203296,2123406,898012,1205826,516741,398000,400000,406801,0,601500,0
260,000756,2017-11-21,-0.04123711340206193,-0.04879725085910658,0.34208622959688506,19488.0,107751.34109758941,1811,52376035,44775399,636984,1898080,6299784,10913832,7387369,7874827,11616386,8772726,7496202,5811147,5373511,4035649,2613188,1368570,10952611,4100568
261,000758,2017-11-21,-0.006172839506172867,-0.007716049382716195,0.16170843948736285,6430.0,89133.63087184491,1608,25988944,16715998,1712561,1988929,5260796,4599516,4012862,2713548,2984272,2957193,2251276,1677960,3444801,976635,909723,496005,5412653,1306212
262,000759,2017-11-21,0.012168141592920456,0.0022123893805310324,0.2559287822309383,2751.0,88442.82815612991,1248,18434405,8810851,1706578,577709,3866813,2803583,2857733,1591660,3356486,2674715,801044,448403,641426,714781,1294589,0,3909736,0
263,000760,2017-11-21,-0.021126760563380254,-0.038028169014084456,0.1901967664931649,12654.0,83467.5726608502,1395,30756831,25616583,876479,1653608,4512056,7861096,3489511,4748481,8097892,5042195,4626797,1905922,2154987,325791,2768411,3098811,4230698,980679
264,000761,2017-11-21,0.011342155009451682,0.009451795841209698,0.12756341316630354,10241.0,97126.04675319622,1724,30452732,33881470,1525699,1366248,5254985,7777911,4849385,5276543,5573129,6454184,4862064,1596151,1301401,3801136,1388570,430920,5697499,7178377
265,000762,2017-11-21,0.010666666666666602,0.002666666666666595,0.3153981776079045,19578.0,138077.22961726238,2264,63821796,61598639,1244307,1781672,9596309,12492554,9126433,10017075,13921479,13127844,5464808,6011555,3966520,5301756,5889390,4499398,14612550,8366785
266,000766,2017-11-21,0.011086474501108778,0.008130081300813163,0.42789034857075237,13755.0,117742.65461166576,1000,23688747,22632682,768942,751887,4581223,3531455,4365695,3494997,4313275,4872473,2837943,5293918,1361387,1817242,467454,1854883,4992828,1015827
267,000767,2017-11-21,-0.003278688524590123,-0.003278688524590123,0.14037495444996054,3040.0,73412.04339080064,472,6584205,3354004,371474,527187,920541,895365,884934,624261,395703,335603,1768712,0,658722,0,0,414048,1584119,557540
268,000768,2017-11-21,-0.0005871990604815469,-0.004110393423370495,0.3497252201123385,18799.0,141842.04721275953,2372,74001815,67120431,1228146,2183662,10519717,11642894,9507397,11470631,12389124,14973596,6842474,8948969,4788444,3666303,2776523,3076697,25949990,11157679
269,000776,2017-11-21,0.045014245014245,0.04444444444444429,0.3019886392622051,148149.0,935018.7406870143,3381,630849925,833342269,534025,543758,8566837,8151981,19566039,15990958,43842996,42668446,36710643,43210507,29190666,29064362,32134464,28521033,460304255,665191224
270,000777,2017-11-21,-0.0037197768133910847,-0.001239925604463732,0.5220222066627441,14512.5,52610.00271393523,954,16604223,12186628,955751,953120,5053532,3837844,3454787,3008766,4022518,2330364,2430688,846577,686947,340554,0,0,0,869403
271,000778,2017-11-21,0.005424954792043302,0.0036166365280287938,0.12241665525179783,11220.0,104677.90348892049,2045,46186355,33542388,2060214,1638422,9720957,6863032,7959648,6362178,7932535,5832675,3383496,3266399,2142236,2280869,2212141,1691620,10775128,5607193
272,000779,2017-11-21,0.011550151975683987,0.002431610942249085,0.6898192856705725,16460.0,40309.63342543893,568,9380571,6147848,561046,613598,3181354,2430921,2464131,1238540,2507784,1260126,666256,274263,0,330400,0,0,0,0
273,000780,2017-11-21,-0.002132196162047073,-0.002132196162047073,0.17891928025266546,1888.0,32812.757658690985,687,5631580,3571614,363751,745248,1986547,1550302,1317348,479097,740661,796967,449689,0,329000,0,444584,0,0,0
274,000782,2017-11-21,0.0011261261261261701,0.0011261261261261701,0.388485855079556,9020.0,67331.71503992855,522,10139504,5795230,641326,540826,2274934,1824056,1723895,2078256,1986762,902283,0,449809,725834,0,926854,0,1859899,0
275,000783,2017-11-21,0.033218785796105266,0.036655211912943964,0.17108790601497165,31639.0,237006.31750729468,2607,107280907,177199436,1670615,1828550,11952877,13164115,12890831,14127828,16517436,22480987,12525909,13596229,4731598,16376509,7817680,11244035,39173961,84381183
276,000785,2017-11-21,0.013319672131147708,0.002049180327868827,0.5941018329211009,9870.0,55684.2436203197,269,4798180,3504799,327072,328968,1232214,726067,1008763,733780,1106215,642280,768432,683644,355484,390060,0,0,0,0
277,000786,2017-11-21,-0.007692307692307665,-0.010000000000000009,0.4455603205633353,103960.0,395377.5775299671,3411,418231799,344608707,477712,647510,9197884,11697808,18391288,21172891,42049047,38681727,44918693,46325382,43540268,35211421,28819724,22343237,230837183,168528731
278,000788,2017-11-21,0.002116402116402183,-0.010582010582010581,0.30058851803479003,10285.0,52329.25027193058,988,16962408,9426576,1109182,1124055,4728726,3903071,4020421,2908764,3152688,904332,1051907,254204,1006911,332150,0,0,1892573,0
279,000789,2017-11-21,-0.01565762004175364,-0.01148225469728592,0.19801625992551575,29888.0,194470.12309441183,2349,112352396,89083106,1914278,1249447,10133897,9850941,13271238,15183643,17395890,18565228,12105609,11144111,4834194,6451370,6734742,3579465,45962548,23058901
280,000791,2017-11-21,-0.02147971360381884,-0.01670644391408116,0.18150192784239894,15618.0,71173.90736963286,2135,42709669,32392876,1707875,2080344,11096800,9237264,10212457,8011512,8183677,6507193,4544767,2824944,2361205,1072203,2689101,419220,1913787,2240196
281,000792,2017-11-21,0.007651109410864443,0.011476664116296886,0.23902300731674658,52280.0,418611.0572048411,2996,268268542,258734378,1129617,998136,12023434,11930234,18711269,16249645,27336875,32058848,20382419,24063861,16548277,13194116,12406493,20073418,159730158,140166120
282,000793,2017-11-21,-0.012195121951219634,-0.019699812382739323,0.25112713371060996,40788.0,152716.10179724003,1804,71538692,86376575,833144,828016,6221433,6002906,6927470,7696189,20124986,40816940,8450289,6758534,6594114,7581109,3084240,7208214,19303016,9484667
283,000795,2017-11-21,0.0016474464579900872,-0.011532125205930832,0.15716912847737657,9090.0,47058.5887459787,1493,23872724,15957506,1294727,1609300,6261136,4833718,4643390,3747342,5476530,5548146,3688797,219000,2010448,0,497696,0,0,0
284,000796,2017-11-21,0.022580645161290214,0.019354838709677358,0.3563860786342509,12690.0,79741.24780626009,1212,22828424,17669452,950341,936263,5842402,5775267,4151162,4388745,4917389,2710344,1345234,894633,1401724,1032120,0,0,4220172,1932080
285,000797,2017-11-21,0.0037537537537537524,0.0022522522522521182,0.3568379486309908,19920.0,87753.81523395282,1394,33511681,35315117,1129687,1079696,5842542,7194472,5806920,5518393,7510134,9696465,2803561,7377338,2425941,1772928,1703729,0,6289167,2675825
286,000798,2017-11-21,-0.013937282229965042,-0.020905923344947674,0.38145797055736996,8520.0,36357.10474072947,509,5512060,4198064,510232,588612,2117936,1670786,1267028,938253,687460,759676,221260,240737,708144,0,0,0,0,0
287,000799,2017-11-21,0.034875690607734766,0.015883977900552626,0.5199266157544986,52524.0,191724.59210731147,3105,172850908,167605508,1106676,1109225,13082506,14141559,20126379,18916644,32671832,37385455,26543960,22820036,15828676,16486690,10217087,11008688,53273792,45737211
288,000800,2017-11-21,0.010909090909090757,0.00454545454545463,0.2379702387706728,29781.0,295980.1620968963,2139,112898629,109926152,978892,1438709,8145719,10723626,11176367,9671652,16530866,16175958,11473104,10603602,9174174,8138286,8939448,6310877,46480059,46863442
289,000801,2017-11-21,-0.010510510510510551,-0.01501501501501512,0.21378806303062686,10576.0,89518.7361221214,971,23476831,14094101,675242,1145382,3244797,4050643,3970746,2968400,3299401,3133024,3786827,1004513,2775938,666000,985277,453139,4738603,673000
290,000802,2017-11-21,-0.004444444444444473,-0.008888888888888835,0.3888583482006103,14982.0,65375.08288114986,1205,26230284,19611177,837958,1063664,5770423,5843260,5812878,4538210,6391368,3478339,2836911,1871408,1971790,1341493,1301868,924408,1307088,550395
291,000803,2017-11-21,0.10509164969450091,0.10509164969450091,1.1279901468699955,16080.0,243722.47336019273,479,11231647,21829834,336120,282173,1684886,2149996,1600061,1915411,2692169,1661975,1005133,2928266,393385,2168194,1887119,1335057,1632774,9388762
292,000807,2017-11-21,0.025882352941176467,0.014117647058823346,0.15022795864286048,78480.0,914241.4646910871,3211,381485165,440190609,952653,1456412,10865540,11695190,17067674,18576525,41508359,30589175,26119864,30733737,23026804,24316260,22645107,24389733,239299164,298433577
293,000809,2017-11-21,-0.010389610389610393,-0.0181818181818183,0.1824360207136507,10696.0,76855.54535277578,445,12515817,5772663,263571,545098,1458693,1462717,2593639,1064843,3602852,1789645,1153531,546416,1753838,363944,402533,0,1287160,0
294,000810,2017-11-21,-0.014285714285714346,-0.014285714285714346,0.2831447555227316,4805.0,44295.32675547091,1199,11908023,6072226,2182849,1389064,2953081,2758280,1482875,978807,1982281,369125,997656,243750,384468,333200,410125,0,1514688,0
295,000811,2017-11-21,-0.007299270072992803,-0.009732360097323589,0.3070968280763416,7407.0,77441.44051544814,716,12679544,6764355,659121,728685,2586159,2512967,1742769,1267403,1629626,839996,511193,269036,310428,329200,2127066,817068,3113182,0
296,000812,2017-11-21,-0.01591187270501848,-0.017135862913096767,0.3631120086321223,11298.0,169505.27726050554,506,17771774,6215822,470351,615963,2291153,1748833,1697147,1233543,1486873,1493150,991144,220320,664887,310523,493077,0,9677142,593490
297,000813,2017-11-21,0.10023584905660377,0.09316037735849036,0.17952681397905093,23296.0,207602.62351457402,2241,55472201,100742378,1455268,1699259,8187443,10398537,9156351,14677529,12890113,21079821,7969174,13211800,2977803,7612680,1841395,10828014,10994654,21234738
298,000815,2017-11-21,0.07796014067995327,0.07092614302461908,0.4578439563053426,18420.0,92168.03131566037,1391,31117641,38832063,974129,1232961,6272466,6877387,5440542,6731016,6154183,9614449,4467764,3213720,3118451,3861105,2222905,829437,2467201,6471988
299,000816,2017-11-21,0.008064516129032251,0.005376344086021501,0.0861345921889432,11563.0,104019.55586874153,1875,35936736,43453877,1188863,1872083,5376763,9544261,4506188,5807734,5437344,9258635,6549621,6982465,4874414,3404521,497280,1801133,7506263,4783045
300,000818,2017-11-21,-0.01273344651952446,-0.02037351443123936,0.36335115707751836,15093.0,109167.0653747094,1051,29944021,22381385,887846,671347,5420352,4342552,4479107,2905183,6369624,3872531,2886264,1938835,2015014,1255117,1406511,2734718,6479303,4661102
301,000819,2017-11-21,0.02431372549019617,0.0219607843137255,0.4128054203785364,10630.0,42708.56885463596,954,10107035,12005105,757054,1087939,3762241,4237451,2742568,2607106,2428995,2064409,416177,1251936,0,0,0,0,0,756264
302,000821,2017-11-21,0.0075018754688671585,0.006751687921980443,0.33688502727683,14618.0,46298.117143775955,1570,26225755,21839405,1202767,1472543,9263621,6818224,6433327,4770662,5481119,6183711,2475402,1758832,961363,363392,408156,472041,0,0
303,000822,2017-11-21,-0.01411100658513642,-0.018814675446848672,0.21008084042391093,27261.5,164765.23470245473,2564,120516738,74545945,1249362,1287268,12893216,11700845,15047293,11891583,24040525,16499894,16014588,11148198,9050157,5060194,4406447,4086558,37815150,12871405
304,000823,2017-11-21,0.00945067926757237,-0.004725339633786074,0.3715770644867873,44667.5,282371.3051647058,2082,147810777,133971993,663575,1017427,7251806,8703669,10437368,10853918,16663110,26878904,14062773,15451722,11251691,7820133,9368317,9337751,78112137,53908469
305,000825,2017-11-21,0.006000000000000005,0.008000000000000007,0.09907403535154358,17640.0,151256.9893324833,2558,66347537,93042601,1411531,1881397,9884042,11593285,8628530,10677550,11378121,12916431,10434610,18358598,4670707,7945949,3245131,2561518,16694865,27107873
306,000826,2017-11-21,-0.0002875215641172657,-0.004887866589994294,0.8145075216335615,34720.0,234172.62106589676,1823,96675001,93082721,877056,1082829,8115301,9366260,7944932,8456870,13989223,18295128,7721961,10362455,9801067,7354970,3103956,4987444,45121505,33176765
307,000828,2017-11-21,0.012089810017271274,0.006908462867012188,0.40133489969731234,11690.0,77437.0154694664,832,15546639,12940898,1070806,422842,4763595,2626066,2653344,2619163,2647033,2296551,1465006,1212250,1087380,1343566,1274475,469200,585000,1951260
308,000829,2017-11-21,-0.0094736842105263,-0.008421052631578996,0.3082616681757269,9480.0,57326.877792751,950,14808205,7823514,960161,882834,4872359,3302364,1711298,1543542,2799459,948274,996269,238000,639104,313457,877261,0,1952294,595043
309,000830,2017-11-21,0.009333333333333416,0.0,0.2534714355495925,122310.0,725082.035625081,3511,571007599,547177137,522374,683610,9643049,10543363,18090066,22041241,43629327,41540400,34974277,38933671,32884769,38665894,25051229,38349045,406212508,356419913
310,000831,2017-11-21,-0.004288164665523175,-0.009433962264150941,0.28587472275175474,17445.0,123017.60099294242,1664,49119375,32888491,1074758,1247041,8628320,7917969,7263474,6397126,8234923,8169720,5540439,1200673,2371824,2958144,2229846,1360695,13775791,3637123
311,000833,2017-11-21,-0.004279600570613273,-0.012838801711840153,0.2850906614273849,7040.0,51214.32897487866,604,7885824,6445510,510731,808657,2163947,2047780,1749721,1026036,1193548,814410,1174464,202710,1093413,658904,0,887013,0,0
312,000835,2017-11-21,0.02166064981949445,0.006016847172081619,0.32343822103808767,12061.0,53982.180525078715,660,9223217,9207230,540664,731762,3553619,2361544,2302248,1553386,1872641,2324783,486755,471342,0,0,467290,1261013,0,503400
313,000837,2017-11-21,-0.0015698587127158659,-0.0031397174254317317,0.22672349107808673,9555.0,44009.446555236595,789,11048160,7262076,625073,883636,3108449,3375869,2262627,1681640,2528108,869817,1202848,451114,303525,0,489346,0,528184,0
314,000838,2017-11-21,0.11686143572621033,0.11686143572621033,0.1504358262062251,13380.0,299520.48893053434,1587,85905592,40129189,2551532,45180,10004992,1217580,9531043,2966689,9942570,6624743,6529981,6049335,5096497,4442297,4000597,2750851,38248380,16032514
315,000839,2017-11-21,0.009963768115942129,-0.006340579710144789,0.18517724388944737,178400.0,656406.4677135936,3559,652974329,710936027,334444,324713,7893473,9083017,18714102,18677128,42637948,52949266,55681626,54483887,37245355,44960587,36378445,39073656,454088936,491383773
316,000848,2017-11-21,-0.02342158859470478,-0.025458248472505107,0.20147691961730735,17154.0,148212.31511883065,2380,67185911,65216758,575815,3338482,7039204,14396005,7020618,9520907,11752225,11387355,8291359,8131838,7026193,5120543,3473927,4341321,22006570,8980307
317,000850,2017-11-21,0.006355932203389925,0.008474576271186418,0.23205336168826618,10493.0,54083.876512120274,413,5731837,7218520,295624,345922,1780196,2088479,1178290,1552226,1941841,914585,206018,1214749,329868,628349,0,474210,0,0
318,000851,2017-11-21,0.002192982456140413,-0.002192982456140302,0.3015172874141271,13815.0,87699.7203789418,915,20556492,16147781,846232,870456,4923329,3431722,3885775,3262272,3034327,3776640,1192801,2006060,998065,1076046,439200,1724585,5236763,0
319,000852,2017-11-21,0.0912190963341859,0.06990622335890873,0.220807799171408,38438.0,128550.02535212011,2828,109824516,125778573,1286773,1043539,14429167,11572488,18852336,17477023,27872171,28511232,15241436,20521087,10111176,11929097,6964470,10276047,15066987,24448060
320,000856,2017-11-21,-0.006838506049447801,-0.011046817464492431,0.400585526133018,22860.0,102528.58607846969,2253,68153874,52822564,1529926,1590143,12434097,10125739,13670147,13124295,14953421,11983457,5632689,2904713,4598177,3035114,1962434,3560831,13372983,6498272
321,000858,2017-11-21,0.01733388361535293,0.012794056954189115,1.2265543755319805,250393.0,787025.2299540524,3514,798620633,911973574,212841,315535,3759024,5249491,11248034,17602820,43074272,50182858,46282582,45022980,46861402,49702845,47860003,50242502,599322475,693654543
322,000859,2017-11-21,-0.0022471910112359383,0.0,0.20092077195107547,7152.0,50097.934896496736,490,6441135,5002243,499284,426398,2213598,1378365,1075940,1332316,1389616,785000,744102,230652,0,0,0,849512,518595,0
323,000860,2017-11-21,0.015728056823947067,0.0050735667174022225,0.46358408264157,21824.0,139572.0075864033,1808,63361429,43455904,2199206,1253044,8343811,10514955,7764568,7232223,10727882,9696283,7099696,2104671,5958343,3672099,2661733,2607436,18606190,6375193
324,000861,2017-11-21,0.0060422960725075026,-0.009063444108761365,0.1344923646395858,4965.0,41028.12297689191,606,6575637,3885570,580327,702857,2537419,1867328,1180962,639962,662220,675423,542496,0,0,0,463561,0,608652,0
325,000862,2017-11-21,-0.005747126436781436,-0.009578544061302652,0.2275121047243916,5250.0,28213.681885371683,526,4803721,3896050,387149,592714,2201846,1604742,1132471,797376,1082255,257412,0,643806,0,0,0,0,0,0
326,000863,2017-11-21,-0.0016025641025640969,-0.004807692307692402,0.3064292953414838,5607.0,44550.93890905591,414,4174984,2927881,392540,334518,1648550,927257,861518,725161,100786,293010,292640,0,342650,647935,0,0,536300,0
327,000868,2017-11-21,-0.007547169811320864,-0.01132075471698113,0.1443974796900545,33411.0,199647.9563070737,3039,141946390,130870401,1396125,1849016,14483526,13913898,17353639,18864835,23390991,25453735,15994498,16582980,14981298,10305920,6120245,8084853,48226068,35815164
328,000869,2017-11-21,0.011452513966480504,0.006703910614525244,1.0111670114976388,21468.0,101467.53807913008,1253,36392987,31058548,912469,810932,6078058,5910331,6065910,5925100,8757458,5524020,4366638,4256089,3574882,2083780,2245410,2182420,4392162,4365876
329,000875,2017-11-21,0.0,0.0,0.15572022007040548,5775.0,52289.50650240477,700,8512877,7322542,696870,753400,2475600,2238360,1671154,1088966,904575,1845281,958879,646838,304795,327227,413000,422470,1088004,0
330,000876,2017-11-21,0.008860759493670711,0.006329113924050667,0.1503719823478435,32554.0,258406.84271288724,2765,149431457,146693771,1597093,1268330,11784849,14879653,15438486,14624968,22430860,24907253,16454173,15914913,11329910,12551453,11094830,9249433,59301256,53297768
331,000877,2017-11-21,0.001974333662388972,-0.008884501480750373,0.21009716144683946,15210.0,76263.56212993577,2327,50423434,41017877,1451689,1903909,11742069,10788645,9011931,7407529,13817597,9812964,6076172,3359195,2386579,2958470,2236273,1674155,3701124,3113010
332,000878,2017-11-21,0.0,-0.002437043054427379,0.2724220938926725,25704.0,142655.03853506973,2043,78399564,56089650,1118538,1046445,13798438,8281414,11609455,9638153,14172572,10987613,7686345,6406345,4631366,5206958,3962637,1263178,21420213,13259544
333,000880,2017-11-21,0.0020876826722338038,-0.0020876826722338038,0.4626247332468149,9600.0,30252.224094064575,428,4907637,3427942,468102,554713,2270259,1377406,919536,621003,1249740,874820,0,0,0,0,0,0,0,0
334,000881,2017-11-21,-0.015094339622641506,-0.014339622641509342,0.43671551378568685,13150.0,54890.41801680362,920,16852628,12948934,575181,997515,4397780,4489445,2982715,3091620,3762685,2835863,3439761,717005,700835,372086,473271,445400,520400,0
335,000882,2017-11-21,-0.006430868167202619,-0.006430868167202619,0.11613915514313278,6180.0,45762.90384228218,718,8523806,5765326,584110,764371,2709307,2003893,1559670,1481878,1336613,855087,725834,0,963080,660097,0,0,645192,0
336,000883,2017-11-21,0.004228329809724984,0.0021141649048626032,0.1305114074473099,4270.5,76812.22316602913,1316,18804582,14051082,1345904,1308709,4502629,3031188,4802290,1538707,2644489,1844950,488346,207138,2139214,366996,478325,429875,2403385,5323519
337,000885,2017-11-21,0.0032594524119948787,0.001955671447196883,0.34530271905563326,17380.0,65714.30648678048,1975,42382473,33697443,1318049,1890795,10870337,9920590,9201158,8989276,10170804,8728201,2803524,3063293,2646447,316812,1389497,0,3982657,788476
338,000886,2017-11-21,-0.02840059790732441,-0.02092675635276542,0.1888832036384356,8913.5,149564.82908165327,1256,33714552,23773864,1306510,895453,4707006,3499387,4368495,3721351,5290888,5294414,4617420,1083067,2611192,1331707,2167020,0,8646021,7948485
339,000887,2017-11-21,0.006582556226001124,0.005485463521667455,0.45592546240931014,20482.0,146678.28270332486,1599,64738575,47645957,1060602,983391,10277772,7199380,7731349,7152432,9372526,8033857,4482444,6902018,6669958,5278981,2546455,477763,22597469,11618135
340,000888,2017-11-21,-0.0010111223458038054,-0.0030333670374116384,0.2815208406103875,4920.0,38332.10532423351,1234,14369358,7816296,1827341,903481,4521179,2827361,4663154,1938509,1757096,868439,665860,297000,0,0,934728,471276,0,510230
341,000889,2017-11-21,0.034700315457413256,0.008675078864353258,0.4857394992027875,12820.0,57823.664236055905,681,11325120,10605390,597812,424522,3389080,2733093,2262876,2552897,1724678,1945963,1870058,1741909,1072616,777816,408000,429190,0,0
342,000890,2017-11-21,-0.004687500000000067,-0.009375000000000022,0.2696692422390802,7668.0,46873.062053590686,563,6933786,5382869,641108,493446,2484041,1251535,1290015,1367089,991394,964509,802384,505620,724844,382720,0,417950,0,0
343,000892,2017-11-21,0.002789400278940146,0.001394700139470073,0.302023468093078,7230.0,60258.491269771584,563,9202845,5611122,417893,690408,2413055,1908586,1232206,905333,1849624,786941,1183749,498910,1386318,303120,0,0,720000,517824
344,000893,2017-11-21,-0.022049286640726362,-0.014267185473411215,0.32338305747937596,7640.0,35298.59214905416,568,6726451,3373212,640425,576642,2460678,1457368,1789101,887099,874222,452103,413520,0,0,0,0,0,548505,0
345,000895,2017-11-21,0.033494603647190146,0.010048381094156955,0.4746105534562927,59202.0,238695.25234633614,3209,228561847,215298835,886453,1725753,11807352,13141854,17163846,18484677,41718355,33531360,39057023,27160524,20572694,14466352,15937478,18083203,81418646,88705112
346,000897,2017-11-21,0.0,0.0,0.12007360442761979,3730.0,74897.69811709876,951,9996208,8141820,718310,1398101,1966317,2809206,727900,1601137,1539461,355398,987838,760864,354090,688200,492317,0,3209975,528914
347,000898,2017-11-21,0.006369426751592355,0.01273885350318471,0.13349022691075083,25480.0,207965.9013070432,2218,90119939,117756241,1254195,1520894,6575555,10660116,11651694,11470582,13771619,17369269,6475416,10548950,9067433,14547010,5722570,7796362,35601457,43843058
348,000899,2017-11-21,0.0033112582781456013,-0.0016556291390728006,0.19702310640894696,3035.0,24964.894541261114,940,6940960,2082594,2048470,357801,1515592,1034389,1202092,690404,1319397,0,477220,0,378189,0,0,0,0,0
349,000901,2017-11-21,0.00801687763713077,0.0033755274261604296,0.6365788337860335,19244.0,154148.23901016545,1386,38620536,25432993,940584,1268500,8955582,6878758,5720733,4974303,5641244,4165911,4144322,3043821,1801005,712597,875460,894280,10541606,3494823
350,000902,2017-11-21,-0.0010183299389001643,-0.010183299389001976,0.2860181539208776,9308.0,109864.3977876697,1180,27927150,16095625,1189743,1225201,4833267,3587604,3741900,3173657,4728837,1856659,1811269,1369438,1438848,1431030,1309334,976080,8873952,2475956
351,000905,2017-11-21,0.004156275976724855,0.0,0.3492474149610552,12120.0,58765.05264675743,1186,25733664,14412318,1040704,936684,6960078,4440212,4830955,3200940,6532592,3065123,2654209,1446745,1770589,302000,1387522,484799,557015,535815
352,000906,2017-11-21,0.015550239234449759,0.019138755980861344,0.23639265212831606,13432.0,52498.476618874534,1252,18521985,19334820,1290496,1092232,6069040,5342747,5597310,4643863,4194536,4398801,935998,1018878,0,652436,434605,954869,0,1230994
353,000908,2017-11-21,0.008025682182985605,0.004815409309791185,0.25923124544939163,4968.0,42038.399853040144,577,5549475,5638496,485976,598238,1614903,1675745,1262084,1185671,1301140,1265630,449972,498800,0,0,435400,414412,0,0
354,000909,2017-11-21,0.007957559681697646,0.0053050397877982824,0.4806214448754527,9120.0,68576.66638017837,553,10054628,4815780,566547,502334,2421985,1822530,1043179,1179952,1486166,864442,1029891,0,1000590,0,0,446522,2506270,0
355,000910,2017-11-21,-0.036247334754797356,-0.04179104477611939,0.5111306211761164,22620.0,147040.60727893605,2117,93729108,40883985,1714609,880057,18981212,5438998,9223625,5569863,8102935,8259164,19115111,5723084,3874218,2623513,6664633,2631142,26052765,9758164
356,000911,2017-11-21,-0.004273504273504147,-0.007478632478632563,0.30459106401329694,6562.0,62758.640854377016,944,10908858,6332480,873123,1793858,3382340,2780060,1461349,823112,1445986,935450,944155,0,309424,0,870571,0,1621910,0
357,000912,2017-11-21,0.006993006993006867,-0.002797202797202858,0.17898805934726858,12861.0,46300.445887616755,1598,23557814,22334672,1401929,1282771,7396881,6938224,6671160,5849728,4205960,4797159,2600362,1899126,1281522,640558,0,927106,0,0
358,000913,2017-11-21,0.08428246013667429,0.05603644646924821,0.5396293501788242,24260.5,104996.08821312091,1658,43359085,54534387,739424,1034157,7891697,8576803,9064748,8475679,7572670,13205139,8422266,5946455,1736330,4155376,2184560,4651435,5747390,8489343
359,000915,2017-11-21,0.0018581604211831415,0.004335707649427034,0.9832128492571792,16239.0,122768.07963681883,1078,26900530,23587036,837937,1219606,4135599,5730427,4637288,4629524,3664750,3308980,2885450,1424575,2795215,3603184,497235,2266783,7447056,1403957
360,000917,2017-11-21,-0.0019860973187685316,-0.009930486593843102,0.20420825472980667,24975.0,140544.74382733155,2434,98430124,76203367,1508706,1308472,12866597,10572270,12467085,11566551,17315378,17786488,12672126,9110206,12053801,5108885,4823736,3458219,24722695,17292276
361,000918,2017-11-21,0.004166666666666652,0.0,0.21415010901718448,13086.0,120601.68984367819,1131,28544770,26650217,799784,939349,3945048,5552192,2801242,4071013,5710825,3818259,4864891,2115821,4132196,699918,941997,900133,5348787,8553532
362,000919,2017-11-21,-0.0010893246187363426,-0.004357298474945481,0.3925659858431704,10980.0,56409.61912221567,546,10828790,6301589,376048,818346,2620127,1909871,2366692,1562288,3021842,872270,456324,713775,1438757,0,0,425039,549000,0
363,000920,2017-11-21,-0.004793863854266389,-0.0028763183125598557,0.40457457284234344,15607.5,79556.99206386352,664,16489605,10199147,457524,448178,2733306,3014735,2839356,2065880,3218336,3022323,3226977,456319,1746944,350032,415600,841680,1851562,0
364,000921,2017-11-21,0.03776129467296019,0.028320971004720086,0.3139589825432387,28804.0,100621.11295059367,2233,60745386,74959807,1519327,1393327,9996073,10211137,11916328,18047350,16413232,16693475,7506380,9686089,7817710,4166308,2203754,3490716,3372582,11271405
365,000922,2017-11-21,-0.0038363171355498826,-0.008951406649616356,0.31019047586323895,10049.0,46543.982766678,635,9757850,4946017,620862,563967,2705083,2427333,2769407,1386899,1960862,567818,516816,0,0,0,404820,0,780000,0
366,000923,2017-11-21,-0.005777777777777771,-0.012888888888888839,0.679286473162632,11240.0,40380.81670227024,1097,14821348,13260460,1050324,726078,5128578,5661615,3120228,4344188,3429172,1925450,1119300,299649,0,303480,424211,0,549535,0
367,000925,2017-11-21,0.0006435006435008273,-0.003217503217503137,0.640576959596361,10776.5,63487.766697176296,588,10320283,7025833,750355,464289,2658705,2240575,1637454,1039106,2904797,471755,1689492,468056,679480,966310,0,0,0,1375742
368,000926,2017-11-21,0.0049423393739702615,-0.005766062602965416,0.2798513863746523,28992.0,104072.01573085831,1883,61845439,49843507,1118071,942956,7484098,11618846,14039627,8537573,18129803,13261379,6905820,5673597,2289404,3057881,4047590,1380719,7831026,5370556
369,000928,2017-11-21,-0.018376722817764146,-0.018376722817764146,0.20469714657502477,12940.0,80417.01884108107,1018,26599092,15475771,678373,1140575,4087650,3931300,4002468,2983452,5125025,3282646,4754803,1576108,2582458,1670733,1278259,890957,4090056,0
370,000929,2017-11-21,0.004587155963302614,-0.007339449541284404,0.43936953791996786,10990.0,60033.9341425131,615,10159245,7406972,423606,715704,2617645,2390220,2147662,1480859,1999786,1477063,1321348,216000,357014,669260,415384,457866,876800,0
371,000931,2017-11-21,0.0,0.0,0.2435292931048703,7458.0,34747.92539880924,761,8036610,6232762,1019262,716910,3405530,2477891,1994113,1067344,1186136,1083551,431569,0,0,0,0,887066,0,0
372,000932,2017-11-21,-0.005813953488371992,0.0023255813953488857,0.17530262138565447,31767.5,166072.14801892304,2412,106671564,101457536,1476344,1473609,10814379,9534686,14780691,12294627,23386844,19929941,12553415,13518642,9444868,7569105,9284714,6228843,24930309,30908083
373,000933,2017-11-21,-0.002430133657351119,-0.009720534629404587,0.14939332152516077,42227.5,223457.12076054155,3042,179969536,155759315,1677439,1447264,14604646,11589884,21655872,16581852,33867598,27798973,19442251,23669857,13205848,14308911,12312115,11857924,63203767,48504650
374,000935,2017-11-21,0.0206489675516226,0.024778761061946986,0.3368433906627199,24066.0,126204.06999906605,2534,76172268,77827488,1653000,1609462,12953243,11939667,13251493,13979134,16718617,16391608,10378900,7585138,7410467,4752222,6617696,3216990,7188852,18353267
375,000936,2017-11-21,0.008310249307479367,-0.0027700831024930483,0.14977834133422616,20300.0,83360.53141438887,2329,65654986,47122941,1974418,1173382,13833524,9845531,11385123,9413019,15695088,13536682,10738917,5013293,5294244,1731194,3056203,421225,3677469,5988615
376,000937,2017-11-21,0.0017391304347824654,0.0,0.1333879435241948,5193.0,80607.99002344105,1862,27541932,25292304,1252730,1819231,5085433,5145438,4216351,3501298,4368371,5917346,4936749,3629799,2376000,330600,436211,866816,4870087,4081776
377,000938,2017-11-21,0.01020547013199069,0.019186283848142693,1.2929391937201997,142348.0,562664.7293743929,3235,433532276,504127387,545493,683977,6919555,7967599,18681125,19793836,36880835,42114350,35272957,40999150,35795998,36656363,34851262,36393272,264585051,319518840
378,000948,2017-11-21,-0.020503261882572232,-0.025163094128611285,0.3889576801277774,10460.0,60264.56493569859,761,14270579,7499645,534980,737384,2709804,2882166,3733711,1284613,3130320,1256189,1454936,945502,392396,393791,486431,0,1828001,0
379,000949,2017-11-21,0.005141388174807249,0.005141388174807249,0.17565329833555626,7840.0,95717.25118192467,490,5706075,10127827,375023,580375,1737949,2095425,696663,1369986,1015145,1858370,501561,567720,314364,396580,488560,893885,576810,2365486
380,000951,2017-11-21,0.0628342245989304,0.06350267379679142,0.3041062991427317,18276.0,107819.97288167305,2424,45221041,70265742,1749842,1990804,9735014,14401777,6549706,11735913,10454100,13542108,4687773,5459867,3081880,4452393,2136675,4077290,6826051,14605590
381,000952,2017-11-21,0.03576642335766422,0.0021897810218978186,0.49173526503895487,13820.0,79071.98433363487,776,14285761,16213723,494988,695737,2809757,3986840,2951257,2629679,4698456,3139716,1885168,1237712,988926,643058,457209,896686,0,2984295
382,000955,2017-11-21,0.006420545746388395,0.009630818619582593,0.3136589514483856,13198.5,60030.28591040007,394,7901352,5962015,282084,256589,1413014,1674359,1534184,1898765,2014040,1405308,244440,726994,1970490,0,443100,0,0,0
383,000957,2017-11-21,-0.00822669104204754,-0.011882998171846348,0.29650472725026666,10850.0,94145.97620177025,1362,31752800,16214680,1106655,1558801,4964795,5465043,4126193,3884030,5519805,3253467,3285000,422232,1306697,971107,1742795,0,9700860,660000
384,000958,2017-11-21,-0.005347593582887722,-0.010695187165775444,0.14666130655852683,11220.0,68829.9796651032,1465,27624396,17632158,1049938,1342832,7751797,5533434,4549136,3804864,5610602,2282009,2895049,2605363,1999763,329376,471510,499460,3296601,1234820
385,000959,2017-11-21,-0.006420545746388395,-0.0032102728731943087,0.1474175383736377,5571.0,46237.74021951044,1790,24147521,14466468,2078548,1858747,6705152,2538571,6869950,3677371,4460002,2595094,707088,1968214,2509261,0,817520,1828471,0,0
386,000960,2017-11-21,0.0015760441292356209,-0.005516154452324673,0.3085348891766613,17766.0,130377.51025636346,1692,59582622,43377730,1095557,1275775,6522720,7274624,7987486,6798913,11048454,8484198,7236013,5453161,5646782,2494679,3929567,2168962,16116043,9427418
387,000961,2017-11-21,0.014975041597337757,0.009983361064891838,0.16139957638929373,12080.0,128666.77550391317,1388,22667907,36987542,1160016,1193083,4016170,8117359,2880840,5044430,4032483,6006433,2518389,2703145,1965134,1273860,0,2195572,6094875,10453660
388,000962,2017-11-21,-0.00959232613908878,-0.003597122302158251,0.2970097704628902,9212.5,39915.018022573204,788,10241722,6107503,980637,694278,4802817,2462263,2116277,1100297,1263854,376244,490137,452255,0,1022166,0,0,588000,0
389,000963,2017-11-21,0.006603773584905603,0.0011320754716981352,1.0370945096289657,47772.0,210236.32180815743,2614,114669885,157350175,542514,903831,7502888,17490539,11633315,22699875,22481061,32753784,12143706,17032294,7228041,10355447,6244059,8067967,46894301,48046438
390,000965,2017-11-21,0.006932409012131657,0.0017331022530331364,0.16895406962164825,6358.0,46745.48946307512,1167,15309959,11472628,1067576,1015832,4815470,3348141,2854754,2236378,3076773,2770984,2017391,982724,996778,694009,481217,424560,0,0
391,000966,2017-11-21,0.0023640661938533203,0.0,0.1798399124464341,4240.0,58155.890189190286,553,6622615,4817880,405420,649178,1670288,1631506,1127527,550557,1825378,760931,461730,419684,0,0,457072,0,675200,806024
392,000967,2017-11-21,-0.013157894736842146,-0.010121457489878694,0.3157828281970404,12883.0,112744.19805281617,979,30017121,14195840,941708,1189005,6358854,2931380,4694473,1689810,5092679,3126566,2851018,2042004,1785339,1013929,2314228,2203146,5978822,0
393,000968,2017-11-21,0.010342598577892659,0.010342598577892659,0.36743823288824545,20195.5,132633.7764596968,1778,41429621,56357689,1100434,1369259,8000733,10124652,7902356,9826570,9130103,8236451,4577902,4720165,1723328,4256584,1921557,4654249,7073208,13169759
394,000969,2017-11-21,0.0019212295869355245,-0.0009606147934677622,0.23096299853932287,20680.0,127822.33054829965,2035,65386526,51049673,1204956,1280813,9043887,9140200,7483174,8816537,12009594,13112328,9118878,8252170,5529510,2715889,5041709,403480,15954818,7328256
395,000970,2017-11-21,0.0034989503149056578,-0.013296011196640922,0.2840165862337023,25740.0,117281.73183532289,2533,85124349,77277532,1174912,2098477,10856068,14017823,12189543,14432588,17643813,18678309,13079315,8301393,5658309,6507295,5748545,6261718,18773844,6979929
396,000972,2017-11-21,-0.026128266033254244,-0.028503562945368155,0.15588802090278472,9717.5,89735.72157786602,730,15345702,8484288,587759,827639,3190353,2349761,2213993,1864173,3795535,1494689,2251286,1107482,949581,0,409605,840544,1947590,0
397,000973,2017-11-21,-0.010309278350515538,-0.013254786450662692,0.20245185496864906,10050.0,63203.670019671845,1125,21333719,11974649,1018985,1174747,4865597,3943287,3817402,2618356,4630755,2405729,2522335,1164613,719631,667917,467756,0,3291258,0
398,000975,2017-11-21,-0.007171314741035828,-0.011155378486055856,0.3820965137599912,8841.0,95283.70653882321,1079,24141030,8815267,1071966,885030,6012342,2466087,3858566,2341297,3246759,1392194,1398654,477868,941006,0,0,0,7611737,1252791
399,000976,2017-11-21,0.02009456264775422,0.011820330969267046,0.28215382941951317,9515.0,65524.66193450609,899,17712362,12308046,753900,881993,2841920,3801552,5217023,2690544,3518889,1810230,1930471,1026084,1045014,993767,1806645,0,598500,1103876
400,000977,2017-11-21,0.014979573309123806,0.0226963231956423,0.37247626182407356,257070.0,802178.2019446174,3503,895764537,823100267,232651,245501,5734633,5452356,13836793,14805413,40709248,40964877,49086706,50838008,45462944,48407918,52227905,46459507,688473657,615926687
401,000978,2017-11-21,0.008036739380022695,0.00344431687715252,0.389993335451706,8740.0,30961.153947733103,498,6042763,3073031,809582,316183,2191208,1296392,1786561,499345,1255412,721361,0,239750,0,0,0,0,0,0
