,code,date,pchange_whole,pchange,change_std,amount_median,amount_std,length,sumsell,sumbuy,sell_vol_0,buy_vol_0,sell_vol_1,buy_vol_1,sell_vol_2,buy_vol_2,sell_vol_3,buy_vol_3,sell_vol_4,buy_vol_4,sell_vol_5,buy_vol_5,sell_vol_6,buy_vol_6,sell_vol_7,buy_vol_7
0,000001,2017-10-23,-0.017559262510974616,-0.01668129938542595,0.1946575001563903,68747.0,835778.1707527352,3428,496149334,423106278,614070,955752,12783608,15301251,17610193,22517231,40140751,40995442,30106255,30355411,25543424,27271650,16628806,20391451,352722227,265318090
1,000002,2017-10-23,-0.009170806266717735,-0.008024455483377935,0.4813615330825019,36400.0,271459.4855270422,2957,178433821,153241124,966522,1265424,16389944,13608318,20005742,15510652,25783710,20376705,16984193,16447641,13979858,14350761,9380538,7703578,74943314,63978045
2,000004,2017-10-23,0.0007971303308089706,-0.004384216819450004,1.6441819356491127,12435.0,125824.03689169034,232,3297429,4329194,293998,164618,1067590,958634,161530,601728,888537,373800,425494,431964,0,0,460280,0,0,1798450
3,000005,2017-10-23,0.008163265306122547,0.006122448979591688,0.16372673633663537,6674.0,69233.40816571651,896,8159989,11100877,759042,1214975,2789356,3754500,587357,2179929,1017911,1539029,726878,1018908,0,349470,0,497970,2279445,546096
4,000008,2017-10-23,-0.007829977628635354,-0.006711409395973034,0.3346912599801938,7112.0,84274.92379937781,713,12394335,8028867,761856,810965,2328720,2015087,2108897,1778263,1011604,1957544,1649426,696118,1036284,770890,421191,0,3076357,0
5,000009,2017-10-23,0.0082938388625593,0.011848341232227444,0.202091649024959,14535.0,133000.1181421831,1745,38291899,50986315,1362972,1813477,7252698,8624608,5424485,6619524,8007413,8778268,2730914,4442759,3237483,1750031,2656385,2964781,7619549,15992867
6,000010,2017-10-23,0.08260869565217388,0.10434782608695659,0.11826551370562124,90910.0,1217032.7586721594,3442,614674636,457838576,1017549,425479,15855572,7390714,30268238,16440540,51446969,42406481,33042668,23367436,27988935,23367321,22495719,16946015,432558986,327494590
7,000011,2017-10-23,0.008849557522123908,0.008328995314940135,0.4692159683991072,20987.0,121659.1204336821,1676,45641357,50792697,1250814,1376979,8499307,9325803,7675442,8669615,9032092,9031177,4599785,5297205,5054333,3014324,2242832,3690426,7286752,10387168
8,000012,2017-10-23,0.014723926380368013,0.013496932515337345,0.22151587720758834,9102.0,105291.3286027122,1354,23470714,33498347,1117904,1528065,4755915,4791806,3998468,5138624,4629617,5618491,2598265,4825299,1711612,1271956,1710608,908138,2948325,9415968
9,000014,2017-10-23,0.00798035604665448,0.011049723756906049,0.762103836695682,8167.0,30371.418902263475,456,4575610,4330299,328488,767197,1386187,1814555,1524617,1165030,1336318,583517,0,0,0,0,0,0,0,0
10,000016,2017-10-23,0.005357142857142838,0.010714285714285898,0.23526843551381174,7325.5,58774.95193023819,566,8307586,7319936,588595,531358,1979725,1840402,1904540,1665103,1460431,1507059,742304,798541,0,977473,0,0,1631991,0
11,000017,2017-10-23,-0.007792207792207906,0.0025974025974024872,0.27966898578993477,7720.0,42087.282409288404,758,10684439,5856229,867230,913483,3216215,2210702,2789148,1623297,2007394,1108747,833482,0,305634,0,0,0,665336,0
12,000018,2017-10-23,0.012145748987854255,0.005398110661268607,0.19332103502511808,14900.0,137095.4381995879,1470,31789782,37848233,862558,1704786,4708905,8110461,5489162,6935653,5468160,8798643,3664759,3281217,681942,1707809,1383661,851335,9530635,6458329
13,000020,2017-10-23,0.003558718861209842,0.00559227249618699,0.6569098203691411,19565.0,96506.32720241514,896,19975709,20353967,773318,760228,3518972,5110311,4522040,4019790,2756473,4766310,1255661,1566283,2189114,2226588,459360,411542,4500771,1492915
14,000021,2017-10-23,0.01206140350877205,0.00986842105263186,0.2346820966404254,9200.0,85043.8745747275,1511,19873244,29233472,940608,1619892,3598982,8284437,4727767,4970659,5461199,5299532,1417417,253275,619882,1875167,913844,2408723,2193545,4521787
15,000022,2017-10-23,-0.0060606060606061,-0.004166666666666652,0.6926406075287884,28798.0,186828.22893379227,1453,50597815,58304198,628516,747416,6711477,8709776,6663880,9680563,9051962,10115256,5443522,8385394,4740332,1743949,2569358,2200931,14788768,16720913
16,000023,2017-10-23,0.04364406779661012,0.038559322033898225,0.8826418577369264,14790.0,92637.70962737157,715,14388905,16167803,533138,646992,3520648,3092134,1880515,2284740,3746792,3360163,657354,1425723,1749204,392472,1391744,413250,909510,4552329
17,000025,2017-10-23,0.008636363636363775,0.010681818181818237,0.988188242396049,22095.0,90915.2633468412,1983,44343777,39142361,1739995,2095544,11273993,10419523,10715613,7803853,9053363,9058952,4970875,2159223,1437380,2525276,3942808,865500,1209750,4214490
18,000026,2017-10-23,0.02504038772213235,0.015347334410339197,0.3174634611199716,14832.0,102695.55937087916,1521,31392037,31907903,1508852,1000511,7796873,7045632,6501178,5338024,5988936,5319450,1550612,1672434,669700,2343197,2167821,1795418,5208065,7393237
19,000027,2017-10-23,0.0015503875968991832,0.0015503875968991832,0.24798616963697973,6450.0,247425.3967490264,676,20038190,7751752,844769,705286,2239558,1724739,1520721,818068,1793586,1921186,414405,1199328,702405,731616,885652,0,11637094,651529
20,000028,2017-10-23,0.010444984976391458,0.008871083130634005,2.68629751499904,14164.5,131183.63747990428,676,14664357,22450564,998334,309811,3505827,3451133,2169815,2078013,2851893,3167826,2454235,2176719,691668,3550773,407160,423599,1585425,7292690
21,000030,2017-10-23,0.006936416184971206,0.01156069364161838,0.22297275986076193,4320.0,71240.40728456035,1507,10408136,13775898,1710848,1885036,2855553,2477480,1146098,2047674,927838,1942318,482828,738767,0,1635523,2630817,0,654154,3049100
22,000032,2017-10-23,0.021052631578947434,0.0032388663967612974,0.5243414338517768,12385.0,85081.59745768165,554,7710870,10249916,425562,573438,2363695,3179096,1452147,1534295,696856,1668984,974700,1135762,0,337155,494799,402270,1303111,1418916
23,000036,2017-10-23,0.014690451206715638,0.01783840503672618,0.22006764493059305,19280.0,111477.84998461626,1876,46903136,64567934,1516404,1750871,7209871,8928000,7148739,11704464,8161330,13532110,6343287,9517550,4950981,5460297,3764604,4949623,7807920,8725019
24,000037,2017-10-23,0.0117647058823529,0.003529411764705781,0.44750787202538833,12332.0,102777.25985696197,360,7696971,4224268,292637,400656,1210642,1815579,1082247,1186208,2299771,512809,0,0,622069,309016,436905,0,1752700,0
25,000039,2017-10-23,0.02941176470588225,0.012527233115468439,0.39280305487483863,20449.0,139951.66241310735,2186,54242186,76072393,1601546,1752055,9570023,10483556,8682214,14694763,11214541,15737375,5932486,7488328,3933920,5922467,2163506,4594476,11143950,15399373
26,000040,2017-10-23,0.0027510316368639653,0.0027510316368639653,0.5407074665936609,10234.0,87613.7149944286,723,10335660,10862476,294102,629746,2210982,3652464,1661844,3069026,1866738,1702172,462998,837867,1084778,300325,878318,0,1875900,670876
27,000042,2017-10-23,0.01458966565349562,0.007902735562310026,0.8565711456038524,1657.0,21329.22408834906,368,2050489,926901,564463,160961,882502,210351,312529,439599,0,115990,290995,0,0,0,0,0,0,0
28,000043,2017-10-23,0.014677103718199414,0.0009784735812132794,0.555959771803311,10220.0,71059.1695321549,337,6133939,5173944,280165,232308,1557024,1007151,1231280,778703,979910,814113,1575060,1220305,0,359424,0,0,510500,761940
29,000045,2017-10-23,0.018953068592057587,0.019855595667870096,0.35518211344481493,17792.0,81097.59342436647,973,21030419,21456614,612629,640766,4644104,5032672,4468372,4257076,4179499,4151581,2406569,2239604,2504618,1739208,882447,1777011,1332181,1618696
30,000046,2017-10-23,-0.0012269938650306678,-0.0024539877300613355,0.5239383219067352,8954.0,93306.65978441124,241,5481308,2760886,205590,267416,1146729,581146,1385315,276037,307926,660301,0,243386,313818,325600,406500,407000,1715430,0
31,000048,2017-10-23,-0.008316008316008316,-0.002494802494802606,1.8899663820891786,11950.0,80081.97841431266,161,4265836,2318694,86107,263818,482924,402432,735895,297210,1564205,275264,442505,697890,0,382080,954200,0,0,0
32,000049,2017-10-23,-0.0019920318725099584,-0.0013944223107569265,1.376220173198884,15036.0,74564.43553721752,1330,25433540,24543525,887451,2054698,5785928,8861161,4596983,6075092,4366349,3366878,2444039,1548666,2756934,653895,499099,1392300,4096757,590835
33,000050,2017-10-23,0.06748726655348047,0.03777589134125647,0.4601619135513541,59600.0,462198.23675170133,2623,203005670,303590144,781153,1098312,9424316,11421542,11202599,17460355,24611550,25485855,23118866,22398697,14219353,23177405,17881277,17197294,101766556,185350684
34,000055,2017-10-23,0.02170963364993228,0.012211668928086894,0.16568019789804508,5968.0,42895.31648826179,1981,10274495,23545798,888603,3759878,4709382,6331811,2473856,3515960,1135072,3582217,710248,2809704,357334,1636896,0,484056,0,1425276
35,000056,2017-10-23,0.031319910514541416,0.02982848620432521,0.37821881843156907,18135.0,94541.46842186885,1260,29097865,32846113,925910,980042,5551378,5655740,4337784,7530429,7441221,6132879,2820223,4677623,1006085,2308319,1308513,2632672,5706751,2928409
36,000058,2017-10-23,0.051219512195122,0.03536585365853662,0.20314158419788939,16660.0,104453.61844477124,1632,29406335,43451624,1758428,1212870,8508868,6725311,5783938,6611663,4984709,11982379,2764382,3929215,1134702,640878,429751,3106386,4041557,9242922
37,000059,2017-10-23,0.014749262536873253,0.0068829891838742,0.2791598190430652,16384.0,78955.6915892866,1327,28594236,33581496,965263,677135,4803173,6291197,4495467,6847500,7359464,8047313,4328515,6345987,3313023,1934484,1247597,2248720,2081734,1189160
38,000061,2017-10-23,0.007812499999999778,0.01116071428571419,0.25054202521031155,15572.0,77091.5535903281,1280,23883932,25138547,1063265,1376268,5944257,6010510,4622156,6528865,5274595,5749406,1867130,1902671,1462976,2123476,423167,852218,3226386,595133
39,000062,2017-10-23,0.011067193675889264,0.0122529644268774,0.768216804673473,15417.0,88452.79549004402,1084,19950883,25348529,654926,912573,4897430,6060783,3342982,4605652,3571449,4790828,2141600,2296296,1080475,1763143,1397568,1278108,2864453,3641146
40,000063,2017-10-23,0.0017580872011251358,0.002109704641350074,0.48371570965251437,116829.5,759361.2723411162,3458,517975381,583089717,566189,671846,9097188,10409802,20806390,23095965,44381060,43860235,38676491,42716998,37038550,34348397,22620038,33954840,344789475,394031634
41,000065,2017-10-23,-0.00967741935483879,-0.012096774193548376,0.6715526359326937,24560.0,100740.37309893299,1364,32286045,31489245,821734,905354,7398308,7699416,6931102,9718768,6409163,5179588,3498989,2382558,1604884,1711938,0,1818130,5621865,2073493
42,000066,2017-10-23,0.0012224938875304847,-0.0012224938875304847,0.19850888053438956,14778.0,162344.79199472794,1699,60934569,38708460,868849,2148216,6041512,9280087,7036021,7062729,8023130,5379083,4209338,2878946,3011042,2384710,3533843,2923842,28210834,6650847
43,000068,2017-10-23,0.007473841554558991,0.007473841554558991,0.25862663689964294,9436.0,90869.68051402889,669,11671604,14773923,473964,617322,1997732,2620704,1884217,2659109,2102280,1733183,893153,2412628,1360251,1683185,887418,0,2072589,3047792
44,000069,2017-10-23,0.0,-0.0023781212841854638,0.18841979925134372,15056.0,164956.5502254702,1996,64550441,39405625,1652333,1578802,9963469,7653804,12015366,7268119,8984315,5376726,5321219,2594985,3161395,1733109,3852581,3913474,19599763,9286606
45,000070,2017-10-23,0.027705627705627567,0.007792207792207684,0.2985367259544473,17295.0,72257.26856087575,1497,29770525,31022444,1010234,1139166,6854183,8194984,6225266,6121868,7456651,7478606,4107004,2827834,2064507,1950938,832452,844254,1220228,2464794
46,000078,2017-10-23,-0.0015151515151514694,-0.009090909090909038,0.15015839322630856,14904.0,143972.52258400037,1935,76169553,36990680,2171350,1156705,9637764,5759001,9452434,7362891,10419864,5759445,9667117,3109832,6941767,4568961,5744306,3596651,22134951,5677194
47,000088,2017-10-23,-0.02285092491838947,-0.016322089227421177,0.2222719380596926,18180.0,137125.16167249423,1711,56848896,41523145,1370643,1695318,8205941,6767165,9370615,7621884,10863957,8532338,8227801,4692355,4734100,2859970,2660299,1740135,11415540,7613980
48,000089,2017-10-23,0.0,-0.0034924330616995514,0.18897937035406426,6856.0,46100.298050592166,2077,24277955,12437316,2415078,1922069,13943985,3262991,2599875,1574894,2018886,2869256,977254,262300,656641,382700,0,1300526,1666236,862580
49,000090,2017-10-23,0.010054844606947055,0.010968921389396868,0.31243612782637115,15274.0,98769.07084539656,1226,21094157,30099307,955467,966430,5415645,5476690,3401814,5529317,4286640,5194142,2181129,3188848,2040414,2707428,443200,1336708,2369848,5699744
50,000096,2017-10-23,0.00793650793650813,0.005050505050504972,0.9778151039434807,5574.0,19717.858016721802,200,1414924,759847,326917,162132,682962,234129,265545,210114,139500,153472,0,0,0,0,0,0,0,0
51,000100,2017-10-23,0.05853658536585371,0.039024390243902474,0.06963507484818601,84800.0,723472.5180454059,3495,404296832,683197162,861799,981176,12132774,12700054,20947706,21864061,32762290,42506467,26319982,40810891,22802446,31730000,24661993,27224732,263807842,505379781
52,000150,2017-10-23,0.004779411764705754,0.0,1.1875941839733613,13600.0,75302.3906865511,524,10106245,8086583,604416,261511,3554998,1225455,2563982,488339,1425976,947095,0,3252983,1098339,0,858534,0,0,1911200
53,000153,2017-10-23,0.0039525691699606735,0.005928853754940677,0.39641947876213235,8112.0,35886.231143476616,651,5491352,7729862,364473,1307468,1831476,3057449,1198817,1065106,1050123,1787377,703164,208080,343299,304382,0,0,0,0
54,000156,2017-10-23,0.002111189303307448,0.0014074595355382247,0.5015581893617258,8544.0,93390.99517465504,802,17558572,11188589,915172,813488,2890453,2360800,2664309,1778642,3340666,2115473,1605085,1209630,312620,1342090,1309204,0,4521063,1568466
55,000157,2017-10-23,0.01091703056768556,0.0065502183406114245,0.09612258917997236,9080.0,91305.48853847233,2280,36735401,49646216,1919659,2077114,5235198,8933609,5808454,13623106,7370831,10611547,3118656,5112001,1045121,3391951,2621892,2609342,9615590,3287546
56,000158,2017-10-23,0.007766990291262044,0.0,0.2794975193379089,12443.0,117229.64361638855,1359,41437866,28121705,932677,999106,4266909,5608478,5479541,5394907,9268392,4352644,4297117,1647937,2192340,2546443,3083307,3894084,11917583,3678106
57,000159,2017-10-23,0.0,0.0031104199066873672,0.3080187412904085,10897.0,57646.91254862554,435,6891638,6860220,390459,398742,1253409,2111649,1365252,1335597,1734820,1910562,955481,674969,697767,0,494450,428701,0,0
58,000166,2017-10-23,-0.0017421602787456303,-0.0017421602787456303,0.14067159914237248,9741.0,113957.57760252053,1668,36332057,24156239,1259620,1192547,6292377,6389819,5829122,3907809,6686876,2995453,3159396,1253563,653337,1704675,1309836,1347665,11141493,5364708
59,000301,2017-10-23,-0.0034482758620688614,-0.008620689655172376,0.1274145358358575,12159.0,113996.56561917739,2077,52683430,36787186,1504779,1393463,8018716,8714043,8854465,7298163,9612755,6586838,5068025,4545253,3832930,1937646,2261533,1342245,13530227,4969535
60,000333,2017-10-23,0.0029479890503263384,0.00021057064645191303,0.8225395333037857,119000.0,397269.3940593182,3334,466432537,344567476,1060326,1267788,9033648,11418903,14561972,13916581,35490366,35010418,51758610,33550742,51046213,33029535,37805172,24209568,265676230,192163941
61,000338,2017-10-23,0.009421265141319024,0.0026917900403768957,0.13448954806451044,22470.0,191079.50539748158,3060,156323214,107465921,2226082,2085654,13420695,11689192,15126510,12037796,22405652,16772662,16330086,11414666,18032690,12997210,13954936,7650145,54826563,32818596
62,000400,2017-10-23,0.0012523481527864089,-0.0031308703819662442,0.4260414588142968,9558.0,90266.01810971509,1405,29620064,19312197,1644296,1477753,6753490,5155374,4913595,3042028,3904769,4542852,2235014,496920,2078688,1373675,1417736,918140,6672476,2305455
63,000401,2017-10-23,0.018673535093367777,0.020605280103026313,0.2869473611201493,46950.0,288003.98271618714,2931,165239542,232862119,1253055,1520069,10965993,14540574,13593228,18792869,26907581,30459916,18962626,24313517,18349830,23256185,11140299,17767512,64066930,102211477
64,000402,2017-10-23,0.009377664109121886,0.01278772378516635,0.2731626283607091,21132.0,136130.42389589825,1844,33021405,62015088,661838,1816798,5474740,16695283,4272367,8076873,4696081,10171484,5918383,4951687,3069556,2996264,3159307,954770,5769133,16351929
65,000403,2017-10-23,-0.005140507196709998,-0.006168608636052064,1.3465959792760356,28970.0,89953.6896602201,469,14127087,5060337,196801,251921,5346468,1772126,2017332,1193720,1612162,457248,1133347,290000,672693,660172,481400,435150,2666884,0
66,000404,2017-10-23,0.00287356321839094,-0.001436781609195359,0.22277683490362918,11764.0,102740.61882276069,976,22960998,16073015,1178583,739927,4681576,3692059,2819439,2558861,2828693,2993255,1832282,1754185,664360,1508730,405231,0,8550834,2825998
67,000407,2017-10-23,-0.0140350877192984,-0.0140350877192984,0.2689980284680067,12607.5,62168.70212491951,1010,20189120,10571370,1136396,977387,6066256,3746586,4183645,2583432,2790004,1898466,1051126,1064191,1789830,301308,433115,0,2738748,0
68,000409,2017-10-23,0.00843881856540074,0.009845288326300938,0.32161974746453426,8592.0,47878.97353772729,488,7770087,5146566,451795,507299,2009410,1426485,2012441,1686905,1563385,638541,692422,515412,1040634,371924,0,0,0,0
69,000411,2017-10-23,-0.007292616226071136,-0.005925250683682881,1.779887501378955,13116.0,45954.60919547895,151,2269053,1798788,131018,76569,681964,615957,251097,366892,246433,739370,642876,0,315665,0,0,0,0,0
70,000413,2017-10-23,0.0,0.0,0.1941984275713892,44772.0,333538.78200498887,3010,211132315,196874511,955195,1344174,10984445,15075355,15638917,16224351,31765037,31603316,24425820,23956375,14211552,17113460,11635539,13723041,101515810,77834439
71,000415,2017-10-23,0.009360374414976613,0.004680187207488418,0.13036492716617584,7740.0,81551.15591445212,2426,20608238,23280406,1558727,5123702,8414226,8967665,2977929,3301327,2148390,2236448,1129844,1065560,654092,645332,498456,0,3226574,1940372
72,000416,2017-10-23,0.0,-0.003926701570680535,0.35402739050058013,4560.0,43872.85553905009,465,4991229,3802199,367658,428661,1497707,1437937,1347223,1114763,466077,820838,0,0,711470,0,0,0,601094,0
73,000417,2017-10-23,0.0011198208286673506,0.0011198208286673506,0.41329433891202555,13387.5,72423.2853373283,466,11163913,7019928,478940,346434,2250877,1674918,2468965,1894370,1512713,1222956,762114,1460647,1729804,0,1337500,420603,623000,0
74,000418,2017-10-23,0.008553971486761736,0.004073319755600657,1.3934547198900913,14580.0,80091.72864243113,1243,20754191,21114799,1313174,1806207,6088149,6646122,3615949,2449047,5031114,1995024,1283475,2070450,630500,1429618,460750,931895,2331080,3786436
75,000419,2017-10-23,0.0028943560057885787,0.0014471780028944004,0.36373976588208035,6930.0,42257.34450086672,360,4894267,3511940,821876,250708,964789,1479586,1229358,820312,487149,753434,664020,207900,727075,0,0,0,0,0
76,000420,2017-10-23,0.0059880239520957446,0.0029940119760478723,0.13569027184402763,4008.0,57055.62030006359,606,5266222,5301181,739176,436524,1578338,1292992,756212,652249,333867,883447,0,261635,369963,668000,849486,467934,639180,638400
77,000421,2017-10-23,0.0,0.0,0.3845065580843538,3465.0,41049.571205131535,324,4171485,2080216,283640,275204,758951,709205,737035,689392,1402739,406415,637220,0,351900,0,0,0,0,0
78,000422,2017-10-23,0.007692307692307665,0.005769230769230749,0.1528652063739069,10380.0,138707.8257145045,1158,28096089,19886260,823277,1084276,3960126,4883308,2723861,3182181,3575767,2715860,3246735,2798718,670225,960115,1767830,1247775,11328268,3014027
79,000423,2017-10-23,0.01837037037037037,0.015111111111111075,1.2708152753281199,89310.0,391318.46018133237,2821,257957310,351566993,774782,830491,10571111,9367153,16263573,15360363,33114617,34781107,28038885,28088099,27269358,26773450,16134863,29041893,125790121,207324437
80,000425,2017-10-23,0.0027100271002711285,0.0,0.07531587299831448,5904.0,62064.496611187446,2421,30955625,19851455,2262748,2454390,10789006,6060398,5574216,3157252,4235974,2207418,1309950,490332,2072226,1500720,822501,904405,3889004,3076540
81,000426,2017-10-23,0.013565891472868241,0.009689922480620172,0.26897619941505374,6300.0,140095.17480143002,1475,26592301,26058932,1152154,1125257,7372007,3275198,4978610,2321106,3009303,1949330,1121744,2604838,1003394,1785941,1297662,452360,6657427,12544902
82,000428,2017-10-23,0.0021141649048626032,-0.00634249471458781,0.2661606688406311,8930.0,94906.60690401493,315,8746353,3210717,286652,283976,1261022,1053841,1039513,695858,829561,941042,725487,236000,320540,0,2301526,0,1982052,0
83,000429,2017-10-23,0.002333722287047868,-0.001166861143523934,0.2639541685380672,8630.0,83624.6140165287,1054,18798950,15781667,1775984,746960,5054510,3175365,4534801,2085529,2343881,2579247,1664555,1810396,1724542,1359734,931177,872966,769500,3151470
84,000430,2017-10-23,0.0030030030030030463,0.002002002002001957,0.5720602609264454,10010.0,39919.68284945815,304,3196410,4183987,331036,404191,1369839,1521533,760260,574390,476055,906873,259220,777000,0,0,0,0,0,0
85,000488,2017-10-23,0.0022296544035673715,-0.004459308807134965,0.3734023299857269,26895.0,233616.35251074302,2309,106063569,105051148,1057607,1730517,10185025,10637831,11835880,13238803,14893823,17968875,11378586,9324969,10788111,8714389,6705227,6336044,39219310,37099720
86,000498,2017-10-23,-0.015286624203821542,-0.016560509554140124,0.17405614356639568,3925.0,57121.45682525156,2041,30340052,13180814,2792316,1910791,3392751,3617010,9709824,3283740,7440279,2266559,2553411,762920,310800,319662,1829642,444276,2311029,575856
87,000501,2017-10-23,0.0,-0.004235044997353166,0.4840559546990929,17484.0,94044.69460615382,1523,46515828,33006904,1178886,922406,6954937,6116880,7659552,6306049,11422509,8199815,7964766,4464180,4164075,3455964,2152432,1346075,5018671,2195535
88,000502,2017-10-23,0.002527379949452513,0.0,0.5673098456903715,11770.0,49872.42387712004,437,5525845,6454173,325384,381966,1461915,2032167,1737288,1237800,1357000,1107101,644258,1104639,0,0,0,0,0,590500
89,000505,2017-10-23,0.00799289520426294,0.006216696269982336,0.40080148121479936,19176.0,79720.92983641544,789,18141207,19033642,411309,501801,3522073,3469511,2998634,3257700,4636901,6175876,2842483,3225018,1478007,1407576,0,452800,2251800,543360
90,000507,2017-10-23,-0.019266055045871644,-0.012844036697247763,0.19972077634102892,43911.0,415758.6483553949,2982,174296538,204208393,1076184,1387364,12847441,13409134,17118894,17418918,25904726,31241224,18757852,23172251,15210539,21477931,14714930,10123796,68665972,85977775
91,000510,2017-10-23,-0.008629989212513456,-0.012944983818770184,0.28739914216882884,13755.0,64062.426665035484,1040,24278092,13315936,793560,1412911,4968752,4292084,7245769,2439049,6322354,2950119,1428990,1137646,1339670,671968,0,412159,2178997,0
92,000513,2017-10-23,0.08326324642556782,0.052144659377628244,1.1404942942779686,30950.0,199173.89567299982,2720,97749479,146244886,1404349,898411,17473302,12211659,12906638,15479440,15057970,23140016,12232950,15086350,7808681,15924062,7137900,10562184,23727689,52942764
93,000514,2017-10-23,-0.0066225165562913135,-0.0066225165562913135,0.23275693195039535,11220.0,70397.46317811478,1052,19451882,14401744,746841,1323054,4370935,4912765,3088608,3195511,3580152,2116135,1830305,791413,1714943,747502,2755932,450750,1364166,864614
94,000516,2017-10-23,0.0036832412523020164,-0.0055248618784529135,0.13374614114334327,17344.0,111943.05995741121,1651,48686999,32173275,1115793,1048306,7925661,6832410,9569247,6862071,9825018,5915452,5842164,5274494,2840017,685414,3551148,2145822,8017951,3409306
95,000517,2017-10-23,0.0,0.0,0.14171712190063457,3352.0,34715.22810928561,871,9241624,3253856,584308,554458,3600569,1536265,2266989,946852,1554370,216281,526488,0,0,0,0,0,708900,0
96,000518,2017-10-23,0.004021447721179738,0.006702412868632601,0.35493095562095545,7520.0,29694.855013181586,441,4930802,3147682,502440,479222,1836005,1673097,1322765,593068,939114,402295,0,0,330478,0,0,0,0,0
97,000519,2017-10-23,0.002795899347623365,0.0037278657968311535,0.31983495076888224,10790.0,61028.15660135377,1125,16072129,18703330,1002071,1027751,5070934,5081215,3127362,3454794,2128201,4716691,3311660,1957096,986851,771487,445050,0,0,1694296
98,000520,2017-10-23,-0.005504587155963359,-0.005504587155963359,0.16711953367349938,11924.0,66700.42758892669,1064,21614495,15680005,879253,939807,4409172,4386275,4615818,3896157,5533106,3118023,1964046,911873,1770704,1000906,416570,894499,2025826,532465
99,000521,2017-10-23,0.008756567425569184,0.005253940455341555,0.22885437309959006,7162.0,54752.242362165816,622,8933899,6388069,580964,472775,2992857,2015643,1825651,1288286,1289580,1489410,706228,210658,304950,0,0,911297,1233669,0
100,000523,2017-10-23,-0.0010604453870625141,0.0,0.40180008227438485,9390.0,60736.02342261806,550,8353850,6548512,405210,903780,1707091,2664692,2188540,1407470,1460921,587678,457556,214092,1079362,0,422958,0,632212,770800
101,000524,2017-10-23,-0.007843137254901933,-0.0015686274509804088,0.4384789258904647,5108.0,18736.985502589112,846,5221849,5234012,547147,1345095,3512975,2276470,819903,1099651,341824,259371,0,253425,0,0,0,0,0,0
102,000525,2017-10-23,0.02448579823702257,0.02448579823702257,0.5380486081981354,8372.0,84270.59549933972,1440,20745394,31575610,580702,1848754,5247833,5838294,2912348,4366363,4401967,5910489,3583111,4446866,994930,2796608,852869,1792291,2171634,4575945
103,000528,2017-10-23,0.00340136054421758,0.0022675736961450532,0.1801735729481127,7866.0,75962.10769985145,2400,30947584,22449945,2759357,2254393,7652774,8916363,4736699,4415323,5048433,3658248,3297250,1378066,1663446,1381302,838806,446250,4950819,0
104,000529,2017-10-23,0.003658536585366079,0.0060975609756097615,0.3693923861283626,4944.0,46756.92276795739,492,5739098,4767475,1052402,347811,1358970,1556531,907849,1180184,1199938,1139769,467078,0,330472,0,422389,0,0,543180
105,000530,2017-10-23,0.0,-0.0014064697609001975,0.18802807841172153,4254.0,50590.470415646276,1431,13229292,12263922,1135694,1627867,4860048,2748231,1692975,2165884,2211764,1558047,510966,1445273,1035758,1829549,912023,889071,870064,0
106,000531,2017-10-23,0.0,-0.0011695906432750425,0.3170494158510972,4250.0,29227.388777008393,727,4516942,4536290,723912,712266,1973664,1635308,1339049,664708,480317,736843,0,0,0,361665,0,425500,0,0
107,000532,2017-10-23,0.0022883295194509046,0.0015255530129671957,0.618812741211287,13100.0,55184.86093704406,448,6668093,6669963,329263,358422,2050228,2199051,1634462,1498799,1246623,1831599,252864,782092,391800,0,0,0,762853,0
108,000533,2017-10-23,0.0019646365422396617,-0.0009823182711198308,0.5937694141716896,10200.0,114458.12206377438,293,8536478,6039027,279829,128039,1489330,587191,1434928,1046942,1140578,1071459,203200,935538,636733,728585,871085,0,2480795,1541273
109,000534,2017-10-23,0.006711409395973034,0.0026845637583892135,0.8491075070014653,14990.0,99923.57213258249,307,4443857,9397666,281851,218949,1194304,1650010,595940,1241885,1300893,1195492,433585,1460842,637284,978358,0,916530,0,1735600
110,000536,2017-10-23,0.0,-0.0018018018018017834,0.20553085951006778,5520.0,48904.31558599386,729,6308290,7961213,671777,1025178,1978368,1988381,1405515,935011,1588024,1790364,204239,1003679,0,0,460367,0,0,1218600
111,000537,2017-10-23,0.05318352059925102,0.05243445692883908,0.3037478576714269,20805.0,247796.17512191748,1939,63903609,98529003,1100122,1463627,7067792,10239574,6165818,7501915,12239334,12461482,7858106,12660845,3398119,7622034,5919572,4863895,20154746,41715631
112,000538,2017-10-23,0.02267002518891692,0.02901763224181364,1.8690577195178606,61800.0,449261.1954206995,2824,211317723,265651269,244990,248442,10920480,11651986,17329616,21422268,32240843,29943409,25169549,22027540,18942911,16265394,10969669,14794252,95499665,149297978
113,000539,2017-10-23,0.0019157088122607746,-0.0019157088122604415,0.186402835605503,1042.0,18175.882235400597,784,4246882,1216406,1030964,421335,1446536,537203,744732,155556,551484,102312,473166,0,0,0,0,0,0,0
114,000541,2017-10-23,0.008695652173912993,0.006521739130434856,0.272087263142162,6475.0,82333.45953223019,1143,14744317,21216522,1055285,1341580,3429135,4040644,2809778,2590872,2327400,4099287,2892368,2761980,0,999338,441672,1313913,1788679,4068908
115,000543,2017-10-23,0.0,0.0,0.1876344299011345,5560.0,99082.7239914152,881,12426452,13120384,865526,489985,3234527,2952564,1856918,1556340,1951044,1893389,278000,757020,989872,650576,0,864707,3250565,3955803
116,000544,2017-10-23,-0.0022497187851520106,-0.011248593925759387,0.5436559885368264,15894.0,86221.98507106444,1070,23397539,18849960,1163776,807412,5749480,4737305,4727269,2537023,4904015,3841458,1220958,723765,2412553,738502,1376768,2263282,1842720,3201213
117,000545,2017-10-23,-0.0017331022530329143,-0.0017331022530329143,0.19812468520211318,7436.0,45811.91055762885,848,10718295,8315776,703032,993750,3008333,2618363,2314485,2024097,2845845,1110405,458973,1569161,343200,0,414700,0,629727,0
118,000546,2017-10-23,0.0030788177339902134,0.0012315270935963074,0.5729977866409185,16280.0,93520.55968362869,803,20745726,15831638,704979,690341,3973924,3462923,3321923,2001025,4584718,5903354,1292229,1225225,1691256,2064271,932159,484499,4244538,0
119,000547,2017-10-23,-0.004686035613870709,-0.006560449859418949,0.2763698777172855,12743.0,123862.04023199236,1491,37013472,23587666,1182605,1332973,8452326,6353271,4241737,4143439,5812744,4963931,2253331,1388476,1025064,674928,483360,862516,13562305,3868132
120,000548,2017-10-23,0.0012987012987013546,-0.0025974025974027093,0.3113453878936583,9192.0,51561.54829521197,611,7208160,6849152,437255,674992,1982176,3105315,1428598,2121019,1205937,686026,0,261800,385500,0,491006,0,1277688,0
121,000550,2017-10-23,-0.01992409867172662,-0.01755218216318777,0.6198697232338766,16592.0,120538.20700604265,1156,39660333,20737163,1037857,650816,4855180,6438225,4817997,2986011,7455872,4317838,6975758,1339314,2680037,622237,2612500,413323,9225132,3969399
122,000552,2017-10-23,0.002624671916010346,0.002624671916010346,0.11037323058892821,2292.0,61772.40482121899,1195,12922706,7537525,891673,1005487,4079869,1606285,2078814,728346,1566845,1381321,749291,1153487,1066022,393724,495602,480000,1994590,788875
123,000553,2017-10-23,0.0035137034434293835,0.0014054813773716202,0.4129588183495174,14170.0,68160.27551508824,1187,24292358,15722119,1076197,1012138,5478908,6370825,3783028,3276663,5932025,2890749,1935875,1055309,2685115,673540,495250,442895,2905960,0
124,000554,2017-10-23,-0.005555555555555647,-0.0033333333333332993,0.27447006470594626,11648.0,77188.47746578847,1075,22509220,15193078,1194120,1059588,5444984,4145149,4240923,2583529,4949467,2276054,1232876,806990,3253630,1284990,422487,916734,1770733,2120044
125,000557,2017-10-23,0.0,0.0,0.22048670527581526,8160.0,49257.67591055101,615,7916122,6667625,561168,644078,1788342,2329063,1518419,1599030,1605865,1444334,1150104,273000,749224,378120,0,0,543000,0
126,000558,2017-10-23,-0.0015082956259426794,0.0,0.21891216238734357,9975.0,40351.63278099803,917,13568898,9243989,876288,937143,4339813,3839613,2673196,2336361,3357963,1846063,1563593,284809,758045,0,0,0,0,0
127,000559,2017-10-23,0.017497812773403343,0.013123359580052618,0.2493213190728796,23020.0,182293.1752719882,2103,80649063,85174696,1324439,1223349,9391202,9659159,8611091,10025130,11960461,14069265,14649727,10085957,10253803,6865700,3563736,3125446,20894604,30120690
128,000560,2017-10-23,0.0018198362147405778,0.0018198362147405778,0.20960079286582187,34379.0,205666.70779148513,2754,127052581,123438046,1313875,1232479,13523391,11032231,17534885,15638577,24950031,25163267,17593877,16056144,13875950,10860252,8393385,8861773,29867187,34593323
129,000561,2017-10-23,-0.006024096385542244,-0.005020080321285203,0.3291661409580132,7952.0,44374.555680645884,915,9622816,9937703,993726,1340780,3425962,3474227,2049183,1905598,1496909,1360761,673946,730472,0,663014,983090,462851,0,0
130,000563,2017-10-23,0.001956947162426559,0.0,0.16061309916038116,7168.0,69184.15616366244,1013,14697581,11971055,1268642,855858,3382483,3429928,2870112,1697814,2880335,1255092,0,1908714,655613,1393702,477785,0,3162611,1429947
131,000564,2017-10-23,0.0017730496453902678,0.0035460992907803135,0.1749142551983618,5660.0,50036.907681986995,1040,12088448,11707719,810293,950739,3105918,3619443,2767448,2526504,2218637,1844847,493998,1698604,2130154,649308,0,418274,562000,0
132,000565,2017-10-23,0.004494382022471877,0.0011235955056179137,0.44617695932191626,8910.0,51667.18682654761,397,5935172,5112756,349212,613737,1165776,1440023,961987,1751272,1889111,794176,423396,513548,711773,0,433917,0,0,0
133,000566,2017-10-23,0.003875968992248069,-0.0023255813953488857,0.5099821828241001,19320.0,144380.54671887154,639,27361592,12191950,479654,372751,3311898,2793710,1590467,2288886,4379406,2973512,4818960,1053248,4246392,2102603,2240280,0,6294535,607240
134,000567,2017-10-23,0.004478126076472577,0.003444712366517333,1.1245008172067772,26163.0,115526.75866649717,666,21644339,15630972,475278,524880,3909372,2476912,3679877,3989456,4778804,3063612,1459327,1616961,1937297,388360,454584,437100,4949800,3133691
135,000568,2017-10-23,-0.00017274140611500677,-0.004491276558991175,1.044787685068492,57210.0,224510.25310818708,3072,184685932,170995410,550380,809779,11420803,15508727,25189504,26423321,24641665,30668595,31345644,24531991,15009933,19452154,15721279,12593766,60806724,41007077
136,000570,2017-10-23,0.017021276595744705,0.014184397163120588,0.23937137776318645,5616.0,134811.15525013357,867,8965108,18236296,1732304,402594,2919559,2007665,1577183,1384309,1144465,1852741,927272,554443,664325,2213496,0,0,0,9821048
137,000571,2017-10-23,0.010294117647058787,0.014705882352941346,0.26793978021332154,10237.5,68102.01104083714,644,10763928,9876691,634987,566123,2597809,2351196,2606110,1676439,2564300,1623534,272052,1874653,353600,630653,454080,491093,1280990,663000
138,000572,2017-10-23,-0.01073345259391767,-0.014311270125223596,0.11569992256063734,23016.0,219798.38397677813,2341,100583503,83966820,1150298,1734707,11051211,10503530,12486576,11623404,15193592,14183510,10508386,6362479,7411892,4395711,4356843,3212844,38424705,31950635
139,000573,2017-10-23,0.005154639175257714,0.005154639175257714,0.22872540407379113,5820.0,32247.30426956112,647,4184166,5360783,495599,900967,1483493,1907473,997522,805643,664192,1396870,201135,0,342225,349830,0,0,0,0
140,000576,2017-10-23,-0.004851425106124796,-0.0024257125530624535,1.0429698540000865,13176.0,85890.25156049329,249,4529962,3711961,376111,190861,1486698,811794,1078520,300006,1051959,0,232349,247800,304325,0,0,0,0,2161500
141,000581,2017-10-23,0.003497862417411568,-0.0042751651768363486,0.48785838242461355,41104.0,215565.83053311263,2783,147342007,118386339,1445797,751230,13177660,11291221,19900181,20126755,23981798,22662205,15254768,15564219,14839430,8147306,8322346,5313553,50420027,34529850
142,000582,2017-10-23,-0.0024410089503661414,-0.0016273393002440573,0.2946484436858631,23066.0,141493.39481330593,1741,46274777,63019218,1003715,1140948,8134141,8909645,7049836,9065428,10961169,10436348,3910697,7996740,4079705,3939231,1324895,2699195,9810619,18831683
143,000584,2017-10-23,0.0,-0.005270092226614009,0.5058215051396375,16621.0,101360.98539200019,900,24632459,17948908,475666,500981,5859947,3651612,4800082,2292837,5011497,3686615,2389220,1530638,1965889,303711,850417,2170466,3279741,3812048
144,000586,2017-10-23,-0.03957219251336885,-0.04117647058823526,0.8988831158704035,19756.0,113586.67524212337,433,16809323,8983165,199470,534109,1041361,1810027,4603024,1648018,3140091,1723930,682970,448920,1994710,729580,874859,0,4272838,2088581
145,000587,2017-10-23,-0.002621231979030081,-0.001310615989515096,0.2519725453783603,12160.0,144168.98215720532,917,36096365,12134393,652351,1460579,4031125,2669635,4458448,1530322,7972812,2645760,4967783,483378,3488974,991147,876059,0,9648813,2353572
146,000589,2017-10-23,0.0,-0.005660377358490565,0.23733176719494484,6323.0,55644.807429691464,498,7501950,4874278,377198,658691,936595,1896132,1097887,1040086,1608875,805385,2042121,473984,326304,0,0,0,1112970,0
147,000590,2017-10-23,0.002612671456564186,0.00653167864141091,1.0096445857370846,12280.0,46290.07449575063,229,4413073,1688409,169025,189180,1141954,770529,976731,416986,1281393,311714,430600,0,0,0,413370,0,0,0
148,000591,2017-10-23,0.009724473257698651,0.004862236628849326,0.1339720262163395,7440.0,84107.3820699426,2126,36566836,43698828,1687378,2959889,4999726,7133789,4538383,13141797,7630296,8958297,3318929,3469433,6093005,2907954,2633405,1317594,5665714,3810075
149,000593,2017-10-23,-0.010842368640533895,-0.0016680567139282232,0.6048861157360154,11980.0,122199.0026144507,392,10930413,6412711,286316,257944,1563878,1323920,1368438,1434307,2254570,1535693,1848096,1501747,1070715,359100,0,0,2538400,0
150,000595,2017-10-23,0.037634408602150504,0.037634408602150504,0.12323298324825324,17400.0,151403.46714380002,2055,57387793,63036191,1447262,1497041,9313292,8711147,8629073,8949406,11374515,11055572,7333158,8278425,4253773,5632717,3598171,1443193,11438549,17468690
151,000596,2017-10-23,0.0028219218773206656,0.001633744244764479,1.6574750401396912,26692.0,183267.651519591,1651,65947725,65281931,845473,1785764,7461072,8723769,5933497,7986894,8448672,8826971,8144054,6993502,7116553,5729097,2286974,2560823,25711430,22675111
152,000597,2017-10-23,0.016820857863750982,0.015979814970563444,0.29655154191047456,25158.0,96578.296336328,1608,41186079,46151327,825018,958231,8132695,9412246,10935628,9345739,9519895,8246763,3391249,5009290,2796913,4931505,2246254,1279116,3338427,6968437
153,000598,2017-10-23,0.01906412478336228,0.01906412478336228,0.1268119010470591,18088.5,179653.5974951945,2074,57169122,93257895,1425989,1642340,8012836,8628317,8897361,11236517,9949965,10689541,9244533,10834152,2944738,6732111,4811020,4916943,11882680,38577974
154,000599,2017-10-23,0.0046511627906977715,0.0031007751937983663,0.29086234447036474,9675.0,55269.80793583125,491,5951409,6989322,376131,598357,1950086,2452702,1426114,1044083,1737192,816694,461886,550400,0,717086,0,0,0,810000
155,000600,2017-10-23,0.025048169556840083,0.029865125240847723,0.21862019522632278,23584.0,174056.9504080997,2256,75105985,110886483,1203676,1446726,9145403,10331041,10962658,10630141,13685423,19431679,9674742,12894541,6701593,7374177,4903894,7607425,18828596,41170753
156,000601,2017-10-23,0.00540540540540535,0.006756756756756799,0.3290381844867079,2229.0,98581.96892105788,505,7212329,9498314,620341,211311,1061101,948212,977712,1752073,995061,1666253,1400872,201660,370512,305373,423682,942867,1363048,3470565
157,000603,2017-10-23,0.0,0.0,0.5877334398685689,7878.0,32774.59806048483,502,5525813,4590250,558304,559109,2274292,1697755,877869,947459,1555308,1159575,260040,226352,0,0,0,0,0,0
158,000605,2017-10-23,0.020318021201413572,0.020759717314487558,0.577111556177949,22700.0,72367.7027490981,1539,34637462,35413869,985648,1102450,7531132,8640459,7286389,6558090,10258659,8098357,3562194,4632166,1687143,2539577,887288,2708540,2439009,1134230
159,000607,2017-10-23,0.0,-0.005161290322580614,0.30815509328678437,7730.0,60604.425209482164,632,11973894,4827450,578057,787037,2270137,2322139,1648115,1238442,3293003,479832,1245114,0,1135681,0,463987,0,1339800,0
160,000609,2017-10-23,0.0,0.0036496350364965124,0.582719131313032,11000.0,74436.62558828812,552,7809585,10268246,349800,839042,1962778,2300447,1409839,1140726,1605546,2341388,456547,1002734,768325,991084,0,408000,1256750,1244825
161,000610,2017-10-23,0.018489984591679498,0.018489984591679498,0.6910114845439939,12925.0,157662.71456821694,352,6488429,14369488,395179,199673,1562389,889583,788259,1244052,882326,2490849,0,739308,368557,1035966,867175,972526,1624544,6797531
162,000611,2017-10-23,-0.0036275695284159193,-0.0012091898428052694,0.4486450878771619,8260.0,53301.91541804898,339,5309345,2957899,308625,295145,1624743,1231269,1190272,863559,703668,172016,476517,0,0,395910,426620,0,578900,0
163,000612,2017-10-23,-0.00488758553274693,-0.0029325513196482023,0.3011112348528204,4104.0,62744.28763552514,1154,13587550,14402728,765627,1933060,3192813,2841590,1870309,2395530,2185531,2193336,1162787,1619422,966531,960722,1820033,922068,1623919,1537000
164,000613,2017-10-23,0.0010741138560688146,0.007518796992481258,0.40876153932903797,11231.5,45340.11355811521,518,7280744,6270568,560674,540693,2323633,2500522,1357653,883170,1711124,789743,1019340,1556440,308320,0,0,0,0,0
165,000616,2017-10-23,0.00445434298440972,-0.00222717149220486,0.17843223346220624,6272.0,71593.21658540807,633,10629302,7347153,730952,522868,2177871,1688998,1902141,621817,1394124,2441199,421590,1237241,748724,395094,1360024,439936,1893876,0
166,000617,2017-10-23,-0.014159292035398119,-0.014749262536873142,0.5636033852309977,3342.0,36029.92526622034,904,8439306,5533819,1004471,552484,3392445,2127441,1330019,872687,1086096,812411,880018,492851,746257,675945,0,0,0,0
167,000619,2017-10-23,-0.0021668472372696757,-0.003250270855904791,0.5670437491118258,9210.0,29304.609483281485,264,2228969,2522165,257659,284402,1056923,963714,446958,620920,207918,653129,259511,0,0,0,0,0,0,0
168,000620,2017-10-23,-0.01178203240058906,-0.014727540500736325,0.19806085079402772,5976.0,73419.75772193722,1177,20858945,9601491,1649251,898225,3973515,2618585,4825937,2078535,3242930,1336587,294538,927603,1104174,310080,1355380,424168,4413220,1007708
169,000622,2017-10-23,0.008264462809917328,0.006611570247933907,0.28338219325783565,10944.0,72596.73388355327,455,6456301,6562042,427952,293548,1873688,1868709,1847558,1342367,1109294,1354058,722528,0,0,0,475281,483360,0,1220000
170,000623,2017-10-23,0.025854513584574912,0.013584574934268234,0.4485565798817759,51321.0,285646.9016517647,2588,132616096,181892144,759901,1013957,12232785,11492400,19754291,15747548,29009474,26854101,18633055,21379951,9207133,15458696,9844297,12087316,33175160,77858175
171,000625,2017-10-23,-0.011863224005582707,-0.012561060711793415,0.2689510133413994,35587.5,377032.94953632454,2840,202460547,110924245,896153,1199704,21998612,13856642,16462098,12950363,24652508,23697206,19440516,14830363,13069854,7406224,9946130,4943569,95994676,32040174
172,000626,2017-10-23,-0.0012062726176115257,-0.011459589867309883,0.5678234575992593,13180.0,77012.19465393343,852,19629540,10743542,677876,1196617,4496180,3120662,3887177,2549366,3197272,2568861,1209757,979836,1722999,328200,476470,0,3961809,0
173,000627,2017-10-23,0.026436781609195492,0.025287356321839205,0.19166367540538545,17940.0,151597.08578677298,2063,50502183,72843279,1468008,2292635,9552367,8990104,8390698,10551004,8720974,12633618,5541128,6062550,4700281,5288823,2657502,7640509,9471225,19384036
174,000628,2017-10-23,0.0010373443983402453,-0.004149377593361092,0.48391780942737767,7660.0,38502.12976160869,396,4384944,3180735,453251,490175,1477048,1181164,505846,891263,1046040,618133,484635,0,0,0,418124,0,0,0
175,000631,2017-10-23,0.0,0.0025062656641603454,0.19960801027978117,3591.0,55367.53757892678,399,3389142,4203442,279561,431274,1039712,1048060,563754,748266,349842,608646,1156273,229248,0,352317,0,0,0,785631
176,000632,2017-10-23,-0.008108108108108136,-0.005405405405405461,0.31128885541817486,14800.0,76152.706020192,565,10824525,15170618,541527,392892,2072088,2355280,2314215,2601261,3274145,3909356,792367,3585141,354978,1810352,884805,0,590400,516336
177,000633,2017-10-23,0.09364161849710984,0.09364161849710984,0.2946073351891179,15579.0,177566.61173537685,862,36285897,12126300,1385291,253546,5646950,1981695,5871507,1818938,4088251,2086920,3012451,1455639,2730156,1793730,3147342,0,10403949,2735832
178,000635,2017-10-23,0.00990675990675971,0.011072261072261114,0.6620391232347274,10386.0,40957.24834780362,671,7793923,7814764,662042,805931,2505358,3281732,2014259,1901366,1873362,820899,234600,516695,0,0,0,488141,504302,0
179,000636,2017-10-23,0.004514672686230403,0.003386004514672747,0.23367556569517403,13365.0,56520.8567490423,1438,20171526,25811591,762134,1875277,6338585,6853239,4068399,6748951,4978921,4154065,2622824,2455146,389367,1418736,444500,2306177,566796,0
180,000637,2017-10-23,0.0,-0.0015151515151514694,0.24028967666975526,3295.0,63744.324601095635,754,8298102,4116621,880388,560627,1855807,1795328,1460623,778406,1089471,436260,0,546000,351495,0,0,0,2660318,0
181,000639,2017-10-23,-0.010426540284360297,-0.014218009478673022,0.7094034585066334,16792.0,85017.51408066334,885,25731046,14291334,466913,751915,3208131,3291550,5515735,2582529,8172271,2335785,2588346,1452134,1692627,1277362,420089,1271278,3666934,1328781
182,000650,2017-10-23,0.023333333333333206,0.016666666666666607,0.13610528068425407,7332.0,106252.54466291057,1947,26612396,49183066,1171746,2062085,4966250,7131375,5304240,7133580,5359675,8800313,2798080,5585363,1379465,2461453,1373160,2652855,4259780,13356042
183,000651,2017-10-23,0.003209876543210033,-0.004938271604938316,0.6812822555816136,141540.0,591735.0181800803,3534,534264443,509360376,436208,302324,8093894,8804301,18253357,25399244,50075972,63049170,42465189,51735307,35162637,41805651,40643738,40503405,339133448,277760974
184,000652,2017-10-23,0.015564202334630295,0.013618677042801508,0.16956952294108762,9861.0,77674.6666335184,919,11835749,17684539,913250,693230,3399155,3750390,1850815,1924168,3215599,3268439,1475393,2278159,981537,1693897,0,1913372,0,2162884
185,000655,2017-10-23,0.0037926675094817064,0.005056890012642201,0.29694579969371737,8734.0,64582.640690488275,709,13239274,10157349,579072,1099598,2763669,2432755,3120411,2430754,2052988,1769093,1669123,893235,1108696,1085790,857879,446124,1087436,0
186,000656,2017-10-23,-0.010288065843621519,-0.010288065843621519,0.14595894975990686,8434.5,66193.355438944,1110,20283226,10603236,1179739,1318195,4945143,3481787,4153256,1142751,2046067,779081,2372802,1270910,3174610,364874,1304348,964964,1107261,1280674
187,000657,2017-10-23,0.000726216412490821,-0.005809731299927345,0.5052531559095753,13650.0,76004.8327638754,742,12871206,10952260,690956,635993,4145426,3175211,2529292,1852005,2960571,2053505,552020,411150,305287,392274,416480,980140,1271174,1451982
188,000659,2017-10-23,-0.010471204188481686,-0.007853403141361182,0.15879452804385868,11280.0,159786.84725782822,579,20916129,9732783,313707,600650,2103486,2335232,1393310,1627571,3858054,1012948,2161241,893011,2831650,774108,938056,1355263,7316625,1134000
189,000661,2017-10-23,0.01531257909390038,0.00018982536066824984,4.01329536167827,31694.0,207516.98542113425,1551,82749563,69146980,0,0,12592702,7419725,10478831,6606793,12100540,12623028,7062018,6781694,4964991,7346931,4951676,3179147,30598805,25189662
190,000662,2017-10-23,-0.02349397590361446,-0.028313253012048345,0.45071577153147485,11427.0,105547.66030026716,1358,49470915,17145636,1473111,1017206,4493324,4368920,5834090,3022255,13391921,4589945,6261903,1203733,4457107,711813,3670270,1423264,9889189,808500
191,000663,2017-10-23,0.01951854261548469,0.005204944697462688,0.7519762483213409,15290.0,58534.4348155337,417,5058379,7716074,389573,399895,1808523,2034651,1035488,2084121,907167,1510798,917628,445059,0,0,0,465000,0,776550
192,000665,2017-10-23,0.0043177892918826455,0.0008635578583764403,0.46069612231539653,5795.0,69903.8989690778,631,9518156,6177265,1144834,427803,1867520,1398293,2281006,696026,1774354,1118232,214785,1015788,673074,0,477572,852973,1085011,668150
193,000667,2017-10-23,0.0,0.003012048192771122,0.09196284467531927,2648.0,39194.706595319396,1309,10232324,6406379,1526008,746452,3213421,2054362,2048776,1117389,1311012,1193019,236665,490364,708152,339993,0,464800,1188290,0
194,000668,2017-10-23,0.020383693045563644,0.01918465227817756,0.6488842900830301,15430.0,55772.39790448466,662,9784860,11938060,352271,714448,3033504,3581974,2097962,2366202,2169039,2934619,691420,777242,1010664,686940,430000,876635,0,0
195,000669,2017-10-23,0.010814249363867656,0.010178117048346147,0.4618217220413323,7885.0,40226.980409995456,1158,9663890,16226707,661703,1475248,2879192,5080834,2704256,4396094,2339127,3825334,457675,613697,621937,324925,0,0,0,510575
196,000670,2017-10-23,-0.003062787136294043,0.007656967840734996,0.15780076430790801,11808.0,67866.80509915853,1715,28716042,31579862,1436542,1907798,6092300,7567732,5380122,6498433,5890695,7836068,3135538,3579057,2751923,2107371,2243065,1317341,1785857,766062
197,000671,2017-10-23,0.0045045045045044585,0.0030030030030030463,0.16577112623288878,13320.0,147503.84292332083,1616,51937406,43082484,1357567,1262847,6466303,6619818,6146946,5527192,6107051,6953066,3699975,3406279,6342248,6512582,1759521,2219693,20057795,10581007
198,000672,2017-10-23,0.0020408163265306367,0.0,0.25959591204411403,12688.0,59317.33316460061,1425,24177488,20965605,1389365,1971830,6497047,6323865,4343603,4722202,6149348,3087534,2160505,2928585,1127928,615669,0,811172,2509692,504748
199,000676,2017-10-23,0.021598272138228847,0.023758099352051865,0.43662941537601885,12829.5,117509.01864751868,1012,21692240,23384153,1218305,667188,4106224,3265327,3344536,3554741,3869974,4831179,2092357,2756666,1381736,2324364,1331971,432360,4347137,5552328
200,000677,2017-10-23,-0.016494845360824795,-0.020618556701030855,0.15168154573640816,13054.5,149697.80972566083,1024,21853203,28525321,478539,1294238,3291068,5550762,2294509,4195061,5126667,6380954,3609500,2455591,2669135,982368,973520,1362574,3410265,6303773
201,000678,2017-10-23,0.0024390243902441266,-0.004878048780487698,0.3472395805062974,8170.0,59060.38983327798,557,7372466,5400245,580548,719854,2452540,2168060,1555274,896226,1254404,1028490,0,0,0,0,0,0,1529700,587615
202,000679,2017-10-23,-0.012373453318335392,-0.013498312710911287,0.40104459981871976,6146.0,67794.99178110037,491,8548914,5148898,429174,563773,1504311,1339329,1605730,963231,2154390,524051,1761318,0,1093991,354000,0,0,0,1404514
203,000680,2017-10-23,0.005494505494505475,0.00366300366300365,0.14503489635590483,5490.0,66038.5327839817,1419,14202463,14373246,598327,1786703,4055396,5285693,1205638,3658185,1367846,1876032,2213206,485480,399850,630677,438948,0,3923252,650476
204,000682,2017-10-23,0.001879699248120259,-0.001879699248120481,0.2235043875463782,8512.0,49505.03722142194,566,8252410,5535359,664890,442084,1777696,2161227,1820811,1251703,1306098,1114832,1739905,215332,319200,350181,0,0,623810,0
205,000683,2017-10-23,0.009523809523809712,0.009523809523809712,0.08617498867601037,9480.0,115377.72528527859,1342,20534607,30299254,1173684,1365868,4738898,4733168,3638709,3927108,3484580,4621503,2704022,2118346,708034,1986050,1294968,1741564,2791712,9805647
206,000685,2017-10-23,0.0018604651162790198,0.0018604651162790198,0.32628589157784443,4312.0,53072.727973703,1085,12945403,10068548,1292612,805600,3465351,2052852,1708505,1627276,2156018,2652767,1705842,1447299,1097100,1074254,443975,408500,1076000,0
207,000686,2017-10-23,-0.002016129032258007,-0.002016129032258007,0.2805446018015674,9870.0,89214.75403165174,1250,26006010,21933582,1827602,1061919,4071424,4636382,4415003,3125079,5707834,4123879,2945822,2149576,2122634,1381366,1862929,1846486,3052762,3608895
208,000687,2017-10-23,0.02822580645161299,0.018817204301075252,0.27569817512646244,59184.0,384278.4161931391,2920,228631732,212181721,992739,1049256,10922979,11552387,17874879,19246206,28102648,33568361,22868886,23417693,22931936,23540528,18598135,13623782,106339530,86183508
209,000690,2017-10-23,-0.006418485237483895,-0.005134788189987138,0.23330695784794983,7750.0,118724.3350246952,1115,30602765,13310966,1141852,651413,4789472,2462906,3690289,1969551,5177773,1983948,2475497,2192550,2779599,1092037,863731,488880,9684552,2469681
210,000691,2017-10-23,0.006775067750677488,0.009485094850948617,0.47450607283157453,17880.0,130398.9842801532,241,3917263,8012886,136520,273797,576913,1546999,734974,1624358,455660,1118888,223500,637275,373000,646269,475416,0,941280,2165300
211,000692,2017-10-23,0.00302571860816947,0.001512859304084735,0.3237826790925133,1326.0,45735.77282168216,416,4483789,2178631,406166,219421,991586,556187,759604,597108,911743,246991,265320,214164,731618,344760,417752,0,0,0
212,000697,2017-10-23,0.006698187549251555,0.005516154452324784,0.7301078737735739,25280.0,141704.59667673497,1208,37490786,40442156,677026,605421,6279147,5323307,6777639,6205228,6266525,7207915,6882962,5656854,1038346,2478239,2226720,1363997,7342421,11601195
213,000698,2017-10-23,-0.0015625000000001332,0.0,0.31313520413385554,10829.0,95795.58622140899,417,10017828,6618967,404461,307104,1855930,1377112,1495381,1089727,1341257,1434846,1446218,434792,319000,673506,499554,449400,2656027,852480
214,000700,2017-10-23,0.00727802037845704,0.00727802037845704,0.2779989907545014,8630.5,66600.47072971007,610,8773687,9022198,442418,569977,2409923,1803742,2880892,1592438,1378756,1667789,285991,697712,319470,1382218,0,414000,1056237,894322
215,000701,2017-10-23,0.004897959183673528,-0.005714285714285783,0.5014490522227919,12160.0,61537.54450345539,596,10264121,6700730,454088,642277,2241703,2730853,1874316,1326961,2384543,768114,777094,886416,1109253,346109,0,0,1423124,0
216,000702,2017-10-23,0.0,-0.003512880562060783,0.370435981825023,8590.0,58240.9634011422,531,8807487,6726415,508983,547067,1580036,2073043,2516462,1572142,2797556,1262123,297850,701568,0,0,425000,0,681600,570472
217,000703,2017-10-23,0.03406169665809755,0.03149100257069404,0.3836553534546135,7865.0,90553.34061085885,1645,20690858,31161412,1613023,1743856,4373397,7824837,4453110,5844166,3556975,3711912,1356290,1996069,1398630,380992,830117,1328247,3109316,8331333
218,000705,2017-10-23,0.027027027027027195,0.022200772200772212,0.3535655731553589,6342.0,46255.16599803659,858,7579436,11872195,392731,1710114,1796348,3428477,1415804,2372070,1978054,2877938,1006932,728218,0,312700,449440,442678,540127,0
219,000707,2017-10-23,0.003053435114503955,-0.003053435114503733,0.31817555441533335,5216.0,46944.94530833864,423,4433875,3803998,319386,313427,1134830,1217293,986275,765725,916628,920753,737196,0,339560,0,0,0,0,586800
220,000708,2017-10-23,0.0117647058823529,0.01333333333333342,0.4616772123495028,7728.0,59471.96823803092,762,10113196,8509491,711709,715493,3009953,2612728,1728563,1505738,1199072,1837226,1307674,448324,377970,0,407345,1389982,1370910,0
221,000709,2017-10-23,0.0023529411764704466,0.0,0.08293613445627834,18787.0,258803.03957262202,2641,95252707,119670902,1770019,1958274,10955794,12073900,9292560,12530160,14779880,15915229,10576976,10708576,3697461,8210156,4065287,9657538,40114730,48617069
222,000710,2017-10-23,0.006467259498787348,-0.00016168148746964484,1.8004762469652966,24868.0,118211.93731316569,1180,35418265,39038357,550322,618437,5195937,6814065,5537781,6031214,8946924,8686240,3965268,5654579,5517164,6091299,0,1735880,5704869,3406643
223,000712,2017-10-23,0.019392033542976916,0.02096436058700224,0.4874623262650235,19415.0,113369.55099215891,1532,42367372,47915549,1133224,1471619,5532949,6733701,7207985,7099364,9663525,9248154,5871780,8167416,3082104,5245723,1301953,1786103,8573852,8163469
224,000713,2017-10-23,0.0037406483790525247,0.0,0.34142401179305987,8789.0,40928.0201403088,551,6589478,3562249,1252488,387519,1854101,1650027,1519377,859031,842313,318472,481199,0,0,347200,0,0,640000,0
225,000716,2017-10-23,0.009273570324574987,0.004636785162287493,0.16355685002213075,11745.0,84427.28217680629,1566,28737212,30432348,1204941,1262091,6745972,5807414,5558601,4610350,5285652,7198956,4312913,3509316,2016787,2383319,835227,906721,2777119,4754181
226,000717,2017-10-23,0.001312335958005173,0.003937007874015741,0.16160958095518074,27898.0,157443.7422448706,2227,86959199,84479832,1554951,1282458,10086730,10257275,11457093,12952271,16345012,19187385,11906714,9549202,8842410,7365611,6258242,4541567,20508047,19344063
227,000718,2017-10-23,0.00366300366300365,-0.001831501831501825,0.15792378342490562,4896.0,51758.896077384496,1197,18472641,9145441,597686,938517,5401155,1987306,6443929,2374390,2305515,1153675,1252569,965430,0,719168,867200,450987,1604587,555968
228,000719,2017-10-23,0.003898635477582957,0.0009746588693957392,0.3541774996671232,5115.0,38990.23437359886,839,9174561,4505465,1272713,969564,2428465,1326101,2504714,489907,1140728,586255,488630,420250,929796,300760,409515,412628,0,0
229,000721,2017-10-23,-0.0042613636363636465,-0.0028409090909091717,0.2952256201321024,6990.0,67094.95193083286,568,9362087,5383696,465782,772322,1715864,1722696,2022153,911874,1102619,827652,766374,0,1428795,700000,465500,449152,1395000,0
230,000722,2017-10-23,0.002457002457002311,-0.003276003276003303,0.5585200554411924,12180.0,51392.565028988894,477,8202521,6029041,377483,477729,2469181,1733257,3063390,1272779,1417577,1085464,508890,455332,366000,390400,0,0,0,614080
231,000723,2017-10-23,0.017709563164108433,0.021251475796930208,0.21414988523801107,25958.0,165164.65743398835,1569,62282987,69429328,817746,1257069,5541719,8913311,5388233,9394534,9886518,8838025,9668974,9780549,10660940,8825872,6163789,4729594,14155068,17690374
232,000725,2017-10-23,0.02739726027397249,0.015655577299412915,0.08542120760287421,383040.5,2489932.201780484,3600,1839415239,2264075037,66218,34948,3453081,3763458,15610042,12944067,41815949,37075745,52385023,46996877,53164444,46199161,47837560,32582845,1625082922,2084477936
233,000726,2017-10-23,0.01001669449081799,0.006677796327211993,0.28383969588826485,4800.0,28510.177503570474,1782,7977839,17866011,1141012,3253971,2770671,6818808,2078454,4775217,1506329,1942767,481373,466530,0,0,0,0,0,608718
234,000728,2017-10-23,0.0023622047244096223,0.003937007874015741,0.27527375991513625,24149.0,145596.82500838098,2129,74965012,65807831,1278552,1203857,9684170,11108908,12109815,9107462,13967434,12813821,6666000,7109131,8160938,4368023,4570420,4316755,18527683,15779874
235,000729,2017-10-23,0.0031201248049921304,0.0031201248049921304,0.15938184071820385,5760.0,47809.722906041185,1619,17362562,16205324,1547572,1282611,4633731,4340151,3899938,4722147,3401573,3617439,689920,729460,960640,1040458,437803,473058,1791385,0
236,000731,2017-10-23,0.0073260073260073,0.004884004884005089,0.33220523636334365,15618.0,75445.91054483035,607,11907270,10952008,675056,662571,2798555,2754705,1840383,2888605,3164647,1403485,955898,506968,318501,1047240,1268631,403760,885599,1284674
237,000732,2017-10-23,0.008328375966686563,0.005353955978584235,0.5034792379825515,8430.0,25873.360052743705,1115,8003309,7847928,867013,1804792,5173713,3500198,999820,1205332,547269,466585,0,457496,0,0,415494,413525,0,0
238,000733,2017-10-23,0.0011834319526629056,0.0017751479289942473,0.5313461932876716,16860.0,66670.97820098017,1011,24237428,14334357,656728,840995,5249916,3807689,6592888,3667391,5286044,3848361,2158782,971376,1036149,740284,2283522,458261,973399,0
239,000735,2017-10-23,-0.0011481056257177658,0.004592422502870175,0.15653870450011748,65100.0,525049.3389524464,3109,319994322,323343679,956248,1309510,11254788,12460509,15287468,19107402,29539127,35226667,27383721,31595251,16670136,25577715,20044058,26107924,198858776,171958701
240,000736,2017-10-23,0.0158311345646438,0.01187335092348274,0.538141984733729,15300.0,67164.77659630709,793,15151634,14883454,728376,514929,4098771,4143398,3021286,3651528,2990533,3951258,708413,1097749,1447908,371368,873067,489204,1283280,664020
241,000737,2017-10-23,0.003389830508474523,-0.0016949152542373724,0.21441410938120853,8218.0,46269.071592441076,757,10104435,6616505,791223,822943,2718050,3118639,1774565,1029290,2580097,258675,1520578,420160,719922,0,0,409248,0,557550
242,000738,2017-10-23,-0.022626660108214347,-0.02213477619281845,0.42715338343295534,20300.0,161182.09327654648,2266,85048389,53679478,843108,1453161,12473132,12210783,10611898,8350155,12927044,8907513,9617800,7581940,7654696,3693431,6915296,2664496,24005415,8817999
243,000739,2017-10-23,0.02103786816269282,0.02384291725105192,0.24878974132010823,11680.0,69754.488866001,821,13885192,17452434,851204,756203,3226654,2046010,5849120,4035012,2261939,3155578,723488,3447696,0,1414507,459597,1748008,513190,849420
244,000750,2017-10-23,-0.003552397868561208,-0.003552397868561208,0.16164867150239204,7293.0,81532.75589016988,1214,18337777,13255913,1216380,924875,3848433,4667037,3084157,2862163,2648196,2533675,1626278,1055520,930722,650643,448800,0,4534811,562000
245,000751,2017-10-23,-0.0035149384885765356,0.0,0.15287241916330913,10224.0,77468.70165451076,1387,26646856,17947777,1241668,1304156,5652791,4654069,5434998,3442985,4363835,3525470,2497639,1333741,1791966,1054696,950930,981216,4713029,1651444
246,000752,2017-10-23,-0.009059233449477233,-0.006968641114982521,0.5255431615119299,12789.0,57460.13065854425,745,13115229,9323456,822410,723324,3838757,2634485,2563572,1391835,3215406,2590244,1972730,529660,702354,628524,0,0,0,825384
247,000753,2017-10-23,0.01116071428571419,0.006696428571428381,0.1816438365832454,5598.5,52757.74473311921,608,7362017,6763499,435626,595455,1733821,2152118,1690611,2112276,1546806,544650,426574,0,1039169,399150,489410,427500,0,532350
248,000755,2017-10-23,-0.007716049382716195,-0.006172839506172867,0.22110190430430407,8372.0,44534.706848612004,859,10228978,7346903,1077657,787748,4363687,2751891,2730651,1103934,1517904,1123178,222080,0,316999,672364,0,0,0,907788
249,000756,2017-10-23,0.02487562189054726,0.018242122719734688,0.40679744716148786,19690.0,120589.7623976037,1982,51437197,54819741,1213890,788617,13316686,9816380,8802420,8736400,9117651,8328337,4531562,6288532,4381554,1848991,3049827,4003361,7023607,15009123
250,000757,2017-10-23,0.011510791366906581,0.010071942446043147,0.3273186962104195,9779.0,49782.649034605034,450,5130708,6435764,415760,598917,2026035,1789327,911857,1364443,1147056,878417,211200,874760,0,351000,418800,0,0,578900
251,000758,2017-10-23,0.0,0.002789400278940146,0.2125724787945545,8628.0,46646.67830471951,1138,16656280,11043676,1156790,1463507,4370733,4096080,5632072,2106927,2198956,2880822,1186479,496340,358500,0,0,0,1752750,0
252,000759,2017-10-23,-0.016429353778751432,-0.024096385542168752,0.2755990288781227,10026.5,39574.63375095411,1098,16733132,9899770,464254,1703486,10522953,4174687,2497955,2098249,1116460,1052430,236279,422918,1032138,0,863093,448000,0,0
253,000760,2017-10-23,-0.08732694355697557,-0.051118210862619806,0.2822157809501226,15214.0,163643.96814175477,1110,43549352,28188966,831597,1057138,3256220,4750591,4553013,5510156,6147611,5459829,7090052,3451047,2424524,746270,1687004,2691581,17559331,4522354
254,000761,2017-10-23,-0.010695187165775444,-0.00891265597147961,0.14604224871084803,10053.0,324017.5022081453,1478,88191340,33858451,672680,2044960,3717507,6960098,2929310,3675988,2653257,4965313,1964134,4163959,1334310,2813323,3896538,2293564,71023604,6941246
255,000762,2017-10-23,0.002673796791443861,0.0032085561497328108,0.3774537074229085,37300.0,198415.56410674955,2455,124612855,99340636,1276936,1316155,12152524,12128586,15551966,13906322,23694129,19455505,14820170,11717194,12910538,11038762,7815144,5347532,36391448,24430580
256,000767,2017-10-23,0.023880597014925398,0.0,0.12246640196957385,3340.0,49097.39707670247,749,6728116,5452504,286681,1041198,1616330,1705392,523220,796905,1722911,678917,245824,722567,1681469,0,0,0,651681,507525
257,000768,2017-10-23,-0.013775510204081742,-0.01734693877551019,0.39106178915430684,29115.0,226680.4406287893,2513,150850782,98892322,1225860,2411151,8449892,13881915,13024720,13552340,15642673,17606995,14941896,14174087,11053767,9060474,9692549,5701528,76819425,22503832
258,000776,2017-10-23,-0.008810572687224627,-0.007158590308369961,0.35643624060711065,37758.0,421960.478085251,2596,207635499,141800762,1025066,1714332,9227955,12434604,17265451,14178197,24573203,23809186,12893588,14026864,13029214,12795103,8369360,3849394,121251662,58993082
259,000777,2017-10-23,-0.0023529411764705577,-0.0005882352941177782,0.6553497183889704,10164.0,52405.2209743482,672,9989771,7669681,723578,653066,2798798,2656514,2467127,1608095,1799397,1351791,430784,568650,339200,380800,405105,450765,1025782,0
260,000778,2017-10-23,0.014681892332789603,0.01794453507340954,0.1316520487401024,18765.0,155200.30046164402,2172,55341212,97258584,1444772,1705531,9245497,8963645,9037716,10971442,11210620,15343745,6600668,12232442,5339192,4828169,5517329,4461310,6945418,38752300
261,000779,2017-10-23,-0.007602339181286721,0.0035087719298245723,0.4635866627454544,17170.0,83290.41635577004,1361,33116128,26491323,983109,940716,6416259,6674569,6814107,6960725,7611991,4756794,3187444,1681654,2797762,1369611,1704715,489590,3600741,3617664
262,000780,2017-10-23,0.005976095617529875,0.003984063745019917,0.2933451857639457,10060.0,53819.29349194127,292,4724199,2847362,236872,212395,965320,961599,1273863,889803,746570,513895,264528,269670,312244,0,924802,0,0,0
263,000783,2017-10-23,0.0032188841201716833,-0.0010729613733905241,0.23146275623950274,10252.0,124890.87083418391,1622,38811780,25789596,1617909,1617509,6416541,6960091,6013921,4055788,3828286,2838157,3019742,1978901,3150758,1023884,2190718,887272,12573905,6427994
264,000785,2017-10-23,-0.007620660457239636,-0.0016934801016089684,0.5073612661293804,12968.0,49052.536987005944,541,11077239,5013652,495337,449557,2924636,1900454,3007436,979535,2587342,1352192,1271487,0,360510,331914,430491,0,0,0
265,000786,2017-10-23,0.08570139828597201,0.0807397383852051,0.3753124989034864,153473.0,1377400.3673379668,3502,729721690,777458948,402164,503095,7157068,10121722,18452216,20863060,37724698,46679995,42757565,46225242,35388499,42914679,26227227,30286645,561612253,579864510
266,000788,2017-10-23,0.006930693069306937,0.002970297029702973,0.4198400628718758,10145.0,65763.18154549072,578,9484139,7583545,448550,389280,2305966,2443604,1055754,1532673,1761206,1342749,882536,1513659,365693,361580,406020,0,2258414,0
267,000789,2017-10-23,0.022754491017964007,0.007185628742514938,0.26860209109143485,16660.0,103669.62220286379,966,25323165,20757323,975459,816243,4270167,4499629,3885579,3765395,5529100,4055851,3090098,3092906,1370319,2040487,444220,0,5758223,2486812
268,000791,2017-10-23,0.010362694300518172,0.013471502590673534,0.17818001534278524,45024.0,268523.57392758434,2940,190397467,181514497,1170179,1675417,12078854,14843592,15930729,17966466,26294388,27362948,25581706,20258167,18720826,13263473,15389578,11837387,75231207,74307047
269,000793,2017-10-23,0.006822612085769952,0.0009746588693957392,0.3124261081023496,6170.5,504382.0439454238,1078,25602473,46600245,2191108,401486,3772717,2012364,2994756,1379125,4145512,2497183,3479537,1514834,1699944,3479926,1290333,0,6028566,35315327
270,000795,2017-10-23,0.009602194787380114,0.0,0.18230106441251925,14620.0,65761.57932801722,1600,38283083,23837901,1290365,1598004,7315955,6054628,9346282,5834351,8777353,5133297,4557630,2800070,2672295,1884651,2597246,0,1725957,532900
271,000796,2017-10-23,-0.010218978102189746,-0.0094890510948904,0.48236832037758065,13550.0,68299.70653517327,806,16719435,9044926,565242,670958,4066734,3525358,3031428,2633945,2968527,1974530,2029730,240135,2134109,0,0,0,1923665,0
272,000797,2017-10-23,0.016640253565768592,0.018225039619651273,0.3148782599547928,25280.0,201770.99874319904,1607,54196211,59538847,872349,976604,7547524,7829601,8738808,8408869,10627805,9901187,6800707,7518800,3641292,2407820,2634548,2635929,13333178,19860037
273,000798,2017-10-23,0.013143483023001057,0.013143483023001057,0.462942677790183,9200.0,30762.35315395294,388,2225544,4887559,328125,608125,1208815,1969624,479186,1145594,209418,428225,0,413743,0,322248,0,0,0,0
274,000799,2017-10-23,0.01518518518518519,0.011111111111111072,0.5620111525162337,27290.0,120495.90959954735,2308,68084812,71053247,1021715,1564112,11612453,12752477,14042395,12947221,12217850,16865313,6770708,7020177,5182770,4593017,3726147,3039463,13510774,12271467
275,000800,2017-10-23,-0.051685393258426915,-0.04569288389513104,0.25271844029235113,43071.5,340502.4504092858,2794,215688568,160852883,807362,1484594,10052387,12691729,15262570,15815550,28133648,27469625,21442186,17026990,16295862,13966820,14286906,10565277,109407647,61832298
276,000801,2017-10-23,0.0012562814070351536,0.007537688442210921,0.27247593669892217,8010.0,100143.56677385561,853,14783322,12917511,770532,1071873,2890930,3173720,2268197,1700573,2182933,1989170,1190145,1390936,736426,943554,908843,0,3835316,2647685
277,000802,2017-10-23,0.004614370468029039,0.003295978905734964,0.4154300912686522,15240.0,83749.09140563667,1333,26996381,28156596,935580,1204151,7081272,6913049,4893388,3326540,6852743,5516141,2929362,1959145,1421516,3711180,880514,948470,2002006,4577920
278,000807,2017-10-23,-0.0016528925619834212,0.005785123966942196,0.21916585843053862,46644.0,296905.9037065798,3052,191465982,182175291,923617,1639087,10906320,13245410,16787058,17073865,38517900,31555356,24457833,24223810,21240254,15481939,11591907,14978305,67041093,63977519
279,000809,2017-10-23,0.0046511627906977715,0.0046511627906977715,0.24709037929758337,9093.0,49670.165876520856,302,3897248,4328662,243975,364454,1008298,1053224,870437,865086,1235485,969482,218881,702736,320172,373680,0,0,0,0
280,000810,2017-10-23,0.0018552875695734272,0.004638218923933346,0.44134310441135244,9191.0,43193.366636619045,596,7447143,4362679,670591,583836,2299698,1923684,1545258,1149313,1036560,505338,1200596,200508,0,0,0,0,694440,0
281,000811,2017-10-23,0.02153846153846173,0.01846153846153853,0.31705949934907807,17892.0,87967.86594044985,945,18765319,25417910,1206646,865325,4506242,4861593,2999174,4297293,3449918,4932761,2981281,3631608,1037719,3164979,404151,403158,2180188,3261193
282,000812,2017-10-23,0.0011764705882353343,0.0,0.4158287169549441,8480.0,52535.090763514774,417,6129107,3827993,564528,444676,1519085,1333000,1334482,652444,791805,298646,665337,672683,0,0,1253870,426544,0,0
283,000813,2017-10-23,0.02457956015523921,0.0038809831824060392,0.18705341108303697,777.0,12556.202432221928,1709,2616058,5958682,594471,2525424,1177815,2104747,687796,568459,155976,760052,0,0,0,0,0,0,0,0
284,000815,2017-10-23,0.014436424208772891,0.0072182121043864456,0.39404366703601434,27000.0,209123.3751394193,2091,84509742,63866779,1497660,1212195,11793602,8288743,15451865,9105410,13821626,10642313,11782746,4717676,5955205,5553876,6190655,3582301,18016383,20764265
285,000818,2017-10-23,0.004336513443191636,0.0008673026886383273,0.38528550672725737,12672.0,100856.70078861572,895,23819138,10604888,767276,670708,5262080,3092067,3824276,1702017,4529181,3149366,1779275,483810,1480219,642070,1308826,864850,4868005,0
286,000819,2017-10-23,0.003634161114475898,0.001817080557237949,0.7945274874585897,9954.0,46207.66866312143,431,6110535,4426115,567619,464769,2239803,1479237,1347376,1261064,587265,683855,200013,537190,673459,0,495000,0,0,0
287,000821,2017-10-23,0.025819958129797538,0.032798325191905064,0.32348698843313656,20468.0,117225.61332044985,1965,47358005,57732213,2047716,1018003,9765155,9202131,10198649,10023565,11848469,11492191,3054203,6795651,2961241,2921459,3121476,2672913,4361096,13606300
288,000822,2017-10-23,-0.0009615384615384581,0.0,0.2366135549438938,19627.0,91482.72555178529,1934,57573082,36862264,1484630,1196990,10067507,7895846,10281694,6499838,12613159,7464474,9786277,4023198,5655832,2015434,1780249,1828529,5903734,5937955
289,000823,2017-10-23,0.007236842105263319,-0.0052631578947368585,0.2836387528894863,48240.0,478610.0985462933,2876,221014561,216805929,1491008,1079746,10448470,10978489,14288166,17767080,23921268,32192979,16194667,21543130,17941083,21814849,14981866,19115361,121748033,92314295
290,000825,2017-10-23,-0.004098360655737654,-0.004098360655737654,0.10793320943727197,9680.0,133905.5462776273,2051,52552343,41103510,1481850,2504152,7286703,8053733,5213103,5719235,5676044,4638520,6333008,4489521,3710191,2418656,3351121,3734623,19500323,9545070
291,000826,2017-10-23,0.00952380952380949,0.010884353741496655,0.7217094830813104,59279.0,258116.73590123747,2593,158205066,217359560,767917,722274,9804451,13790938,12927721,19849241,24690200,35223422,19437862,25531607,12320674,16849874,11156051,16332727,67100190,89059477
292,000828,2017-10-23,0.010673234811166,0.010673234811166,0.4549741496159572,12340.0,137890.03357023705,716,15034417,17216148,990698,419290,3568982,2394126,1796325,3320887,2776401,3336347,1410987,2774436,0,1623874,0,414960,4491024,2932228
293,000829,2017-10-23,0.01187214611872145,0.006392694063926951,0.28712071746383705,11070.0,88040.5924874294,1455,30153589,21609928,1300401,1274727,5739301,5612060,5527826,4814256,6336503,4807861,3257081,2889952,1304167,605489,1280658,899308,5407652,706275
294,000830,2017-10-23,0.0383858267716537,0.032480314960629864,0.18548769865967005,29414.0,206480.64893167905,3006,128971402,137096588,1602146,1705267,14198756,14248690,15171178,14003587,20067652,22007523,16148004,18608375,10453618,10322620,7614001,6836561,43716047,49363965
295,000831,2017-10-23,-0.0021834061135370675,-0.0007278020378457262,0.3244130454373595,21912.0,125972.93615375746,1794,62519700,52761383,1103847,1198865,8735712,8233660,9371987,8749798,12549413,9389166,8381829,7420824,3264976,4173193,6943341,4018855,12168595,9577022
296,000833,2017-10-23,-0.001245330012453305,0.001245330012453305,0.3363956432245954,8060.0,60686.57933348502,569,9552731,4915179,778242,716736,2557114,1850617,1403060,664544,1103719,872552,1216292,462730,717722,348000,443754,0,1332828,0
297,000835,2017-10-23,0.007430997876857859,0.0031847133757960666,0.4260466934353964,9460.0,45036.749535918774,488,6132506,5991012,439591,614287,1926526,2265818,1303000,1868175,938789,881270,702098,0,362318,361462,460184,0,0,0
298,000837,2017-10-23,0.011984021304926706,0.0066577896138482195,0.27784618637641617,12040.0,62876.24047246599,730,11668720,12853451,752253,672065,3114900,3029287,2428347,1919396,2145182,2899837,1937433,1861186,0,1055037,1290605,915415,0,501228
299,000838,2017-10-23,-0.0015822784810127777,0.0015822784810126667,0.22092469596975242,8183.5,45299.39188787941,818,10067611,7905363,679754,1076577,3277879,3002704,1781013,1595626,1894421,1167187,1533959,236109,352800,388680,0,438480,547785,0
300,000839,2017-10-23,0.008571428571428452,0.005714285714285783,0.20988171137948772,24196.0,274054.1333085857,2505,135567634,104624559,1261401,1555488,9919677,11922545,12766281,10477103,16009534,20277275,12493909,11241263,8068516,9061294,6118913,6968695,68929403,33120896
301,000848,2017-10-23,0.002862595419847347,-0.005725190839694694,0.2397033961777045,19080.0,194490.18465592377,1914,73774463,46577166,1542643,1039563,10475692,7535328,10107862,6021774,9978819,8349011,6325142,3520715,5277925,2079265,2757979,1323563,27308401,16707947
302,000850,2017-10-23,0.0019417475728153999,-0.003883495145631133,0.258218126698203,5130.0,41743.83583028395,397,4417547,3198086,361430,300013,965689,1303455,1233345,576584,995749,394039,499862,259569,361472,364426,0,0,0,0
303,000851,2017-10-23,-0.04083333333333339,-0.050833333333333286,0.2849896025841033,34650.0,500938.18382711505,1777,150836690,136341535,360541,1130980,5881067,8168371,6212301,9302557,13402583,15989150,12059868,13836854,9325714,6465805,8978044,7733635,94616572,73714183
304,000852,2017-10-23,0.015859766277128484,0.013355592654423987,0.2702534846882437,20476.5,96855.80955285986,1966,48788995,51154390,1342201,1644858,7715138,11364673,8552805,9611324,10563112,13357193,4987540,6131016,4899584,2315902,422450,2753361,10306165,3976063
305,000856,2017-10-23,0.026459470810583863,0.02897942041159185,0.4678109408886087,39392.0,218140.57186406347,2592,127970365,151604368,1324034,1441538,11843045,11633667,14087345,15340536,18101982,24059868,16442271,18831440,9493276,16905399,7013422,10651192,49664990,52740728
306,000858,2017-10-23,0.0017602816450632552,0.0020803328532563725,1.1041600395118225,80925.0,368422.52696767665,3204,331672346,294857491,570258,840870,12803580,12047817,21466710,19188879,36869413,35621614,33806400,27122675,33159042,22186982,17805067,21161235,175191876,156687419
307,000859,2017-10-23,0.04225352112676051,0.01810865191146882,0.21181401790679052,15164.5,83734.98955840665,550,8218159,13235841,352492,396913,2602476,2873033,1878834,1833215,1069452,2961997,738305,1529746,620100,394893,956500,908265,0,2337779
308,000860,2017-10-23,0.017973040439341004,0.010484273589615345,0.49899322117506284,16144.0,106687.07415556555,1611,32328544,47258252,675435,1560650,6234497,7508605,7504393,7854979,5627302,8067871,3894669,7659901,2420076,2469162,1746475,2061220,4225697,10075864
309,000861,2017-10-23,0.005449591280654031,0.0027247956403271267,0.1849980466640645,5152.0,65292.313948515715,393,4051567,4322990,419275,438608,1104086,1299318,459002,414288,116920,478641,240588,921498,350760,770637,0,0,1360936,0
310,000862,2017-10-23,0.001615508885298933,0.00646203554119551,0.2654535760476071,9936.0,49640.66488488099,543,6060346,8316374,404065,837967,1589541,2588932,997837,2432878,1328316,1768298,501024,241800,369000,0,870563,446499,0,0
311,000863,2017-10-23,-0.002902757619738683,0.0,0.3694223733076499,8944.0,43920.33883463166,347,3907428,5323333,214993,447489,1129200,1527432,682367,1098550,1443572,1375144,437296,874718,0,0,0,0,0,0
312,000868,2017-10-23,-0.03703703703703709,-0.03903903903903905,0.17268281144494174,75366.0,550829.3502637087,3355,387310187,337802415,1025349,1141249,12045163,12700455,18255029,17958091,34689064,37642548,36846635,32061820,29828161,21940613,24385637,27049812,230235149,187307827
313,000869,2017-10-23,0.013608870967741993,0.002016129032258007,1.0147026047307592,23886.0,117022.53597220857,1529,54328012,46494553,791907,1193054,8124580,7678957,6260535,8098427,12738744,11152855,5719594,6474585,4843041,5124886,1734122,1793313,14115489,4978476
314,000875,2017-10-23,0.006224066390041472,-0.0020746887966806016,0.18886987318048473,7200.0,59218.9734719794,651,9649079,6686196,486241,1136181,2053418,2331451,1545726,1215329,1505598,981486,1215683,720937,705355,300812,929739,0,1207319,0
315,000876,2017-10-23,0.0,0.0,0.19713534826610352,5173.0,92056.38255972171,1406,18884132,20362879,1193457,1107586,3444351,5224651,2860517,1990804,1809230,2620249,2655178,1729423,672004,1305962,923238,820110,5326157,5564094
316,000877,2017-10-23,-0.008695652173913104,-0.009486166007905195,0.23685927191157982,28957.0,159944.52927387034,2855,116516447,86905597,1492815,1537703,15335345,13207029,17169701,14469636,23963459,22307278,15249412,10554122,11207092,8496021,5494299,2548753,26604324,13785055
317,000878,2017-10-23,-0.0034843205574912606,0.0,0.29203730822365265,35725.0,280581.6795462815,2416,150340356,112119609,982040,1374498,11130696,12435115,11468832,13316647,21578721,21312432,14890909,11373092,10003377,12374653,9806433,5135720,70479348,34797452
318,000880,2017-10-23,0.007292616226071136,0.003646308113035568,0.5061157636777447,3306.0,36570.99166549994,469,3280353,3056261,259106,844479,890640,1044979,281660,627915,569667,538888,424720,0,0,0,854560,0,0,0
319,000881,2017-10-23,0.011723329425556983,0.0058616647127784915,0.41537011880329133,20592.0,76250.15989135648,1687,39487330,36584333,1140895,1014761,9387520,8326702,7413328,7547846,12792778,9611454,3911448,4316385,3107620,1444750,427284,475475,1306457,3846960
320,000882,2017-10-23,0.0,-0.0028571428571427804,0.1438521993154777,6650.0,116090.06309215908,592,10792829,6550946,369994,740427,2144738,1887028,1078315,1507147,1103290,930944,1213820,0,667450,1071350,0,414050,4215222,0
321,000883,2017-10-23,-0.0039999999999998925,-0.0020000000000000018,0.14404213599171184,2495.0,35802.36680287508,1206,13337184,4823884,1267925,654110,6257065,1302440,2154696,1382522,1552556,854330,808954,241482,397600,389000,898388,0,0,0
322,000885,2017-10-23,-0.0015151515151515804,-0.005555555555555536,0.44640040674814807,23705.5,126438.49457061858,1968,60517063,51216040,1441214,1809969,9995138,10473811,11254590,9392881,13762661,11517266,4206014,5858570,4653820,3528729,1405422,2696193,13798204,5938621
323,000888,2017-10-23,0.003696857670979492,0.0027726432532346745,0.4928692241306248,9765.0,81276.86556396396,481,4489405,6748935,301802,561783,1389279,2062226,1293369,1028781,1272755,982115,232200,464830,0,0,0,0,0,1649200
324,000890,2017-10-23,0.00540540540540535,0.00540540540540535,0.31166396086503273,5936.0,47437.65122368008,563,5334373,5581231,868387,437888,2049252,1354292,960173,1464771,878563,752340,205998,460440,372000,371500,0,0,0,740000
325,000892,2017-10-23,0.004999999999999893,0.006250000000000089,0.3622319452685663,9600.0,63763.35605878646,487,7470018,7184422,429467,501165,1395668,2562366,987775,2057066,1680869,849888,691855,695537,1109424,0,489540,0,685420,518400
326,000893,2017-10-23,-0.0023866348448688957,-0.00835322195704058,0.3668618663577816,8330.0,40312.511418346294,521,7264975,4448975,602474,564358,2019211,2071741,1994502,1320449,1263476,192423,980128,0,0,300004,405184,0,0,0
327,000895,2017-10-23,0.00832342449464929,0.016250495441934243,0.5014712790810182,25590.0,211698.4113078943,2532,118644720,117396636,1138412,1368178,11982155,11942269,12696116,11308806,15275827,17304808,12129492,15846604,9278567,12841332,3949673,4804219,52194478,41980420
328,000897,2017-10-23,0.016867469879517927,0.02168674698795181,0.12010505630514047,8830.5,131097.96699982998,1196,23570769,33811615,1048726,1132355,4285307,3794724,3307351,3891266,4989943,5677451,3104658,2663124,1074066,3488870,1773333,2183601,3987385,10980224
329,000898,2017-10-23,-0.015360983102918557,-0.01075268817204289,0.1432709641960724,9016.0,184158.90092464632,2068,81621197,41588546,1802465,1411678,6921172,5588159,8483721,4500371,12499393,5594523,8529320,3573160,6290153,2420927,2675491,3883242,34419482,14616486
330,000899,2017-10-23,0.0027510316368639653,0.0013755158184320937,0.3573472161250557,8019.0,54173.27415505514,413,5640604,4659744,390922,469264,1593650,1501148,1310406,1082228,445378,928121,895608,0,336336,678983,0,0,668304,0
331,000900,2017-10-23,0.021416803953871577,0.021416803953871577,0.16293369972726823,12420.0,292712.41702684463,1389,39568589,67209756,939497,1284895,5833754,5009633,4414208,4597927,7089039,6437184,2920009,3970514,4620090,1554602,1789259,2784998,11962733,41570003
332,000901,2017-10-23,-0.02490354261662575,-0.015433181339880808,0.7231049300826222,14212.5,94126.384531883,1554,45350201,23990312,1382248,1223886,6928533,6882548,7913172,4695915,8883794,4074781,5576601,1846135,2758440,1729064,3983878,484670,7923535,3053313
333,000902,2017-10-23,0.014563106796116276,0.002912621359223211,0.31766298314162555,10270.0,104918.56610868018,1051,18590728,19723088,1032517,408182,4475083,2663990,3085788,4498295,3390950,3945605,1837042,1658509,1058495,1272140,1764903,1327098,1945950,3949269
334,000903,2017-10-23,0.015113350125944613,0.012594458438287104,0.1503702477287708,7960.0,89818.06551974248,697,8114321,15685259,540414,958758,1998413,3098119,1236263,1946268,2184915,2610740,1388106,719488,766210,661200,0,439082,0,5251604
335,000905,2017-10-23,-0.05263157894736836,-0.03664223850766146,0.2727903881434401,58020.0,993294.4160731547,3034,304251217,331680396,745783,1525198,8530316,15800600,13580965,22488276,26146504,37048590,18434638,26722920,16613518,18819729,13638838,13514217,206560655,195760866
336,000906,2017-10-23,0.0023121387283235872,-0.0023121387283236983,0.33456515623203603,5220.0,54818.84275069876,668,11855691,5717529,1068781,452465,1590763,1731541,3507915,895055,2952209,1107576,1432903,767279,694000,319554,0,444059,609120,0
337,000908,2017-10-23,0.0013422818791946067,-0.0013422818791946067,0.36016963956648085,8868.0,39699.40633553475,427,5484980,4405298,337974,475874,1872238,1444900,1541988,1270890,1218040,373993,514740,450401,0,389240,0,0,0,0
338,000909,2017-10-23,0.0007627765064834868,0.0007627765064834868,0.5170737184823865,13115.0,60227.22177966703,642,12450703,8240757,429598,597143,2990767,3318746,2502072,2053295,2900542,1530679,1721792,0,990332,740894,0,0,915600,0
339,000910,2017-10-23,0.011288805268109048,0.0018814675446847673,0.8103180602756029,6366.0,49651.90455274122,688,8832615,6683510,855117,450822,1438207,2089912,2845379,553029,2322799,1242651,1067095,1034278,304018,318450,0,424600,0,569768
340,000911,2017-10-23,0.005338078291815096,0.004448398576512469,0.4663762250519402,9032.0,31423.405099365365,580,5257717,5889885,485461,639404,2169121,2166433,1054199,2115537,993169,704793,216767,263718,339000,0,0,0,0,0
341,000912,2017-10-23,0.014840182648401923,0.011415525114155223,0.2435424671593883,11518.0,45591.37649454237,1294,16636809,16990956,1365900,1477785,6633542,5819877,4199530,3460642,2573893,2871691,490577,2104594,356400,665182,416052,0,600915,591185
342,000913,2017-10-23,0.006278538812785284,0.001712328767123461,1.045425564528335,17520.0,101539.96261285142,280,5091149,6710873,92692,306001,1306093,1263135,1169151,1198589,834014,1380451,455000,230167,0,663120,0,477360,1234199,1192050
343,000915,2017-10-23,0.039895923677363276,0.032957502168256436,0.8048263683010742,35730.0,158673.1281906705,1847,57798936,86164149,849592,758726,9649709,10349123,10392707,13207003,13049213,17633747,4549910,7079213,4977447,7042414,1865653,4984494,12464705,25109429
344,000917,2017-10-23,-0.0009661835748792091,-0.005797101449275366,0.2769368004990084,10360.0,238513.74782993173,1397,59802965,21078647,1381330,1144546,5125879,5614606,3146140,3290259,5268687,4456033,5342076,1431559,4669411,2297200,2667735,0,32201707,2844444
345,000918,2017-10-23,0.005714285714285783,0.0071428571428571175,0.2863144370025843,14040.0,81992.83418682001,597,9673353,14348420,622713,463926,2590151,2189985,2249840,2861093,1155911,2200767,1973196,2036251,313092,1361780,0,1410065,768450,1824553
346,000919,2017-10-23,0.009624639076034613,0.008662175168431263,0.41531495780431504,10490.0,90093.4849720946,625,10809487,11707562,268509,624207,3211081,2798800,1362511,2207432,1386242,2317902,1182772,620354,0,302470,477432,838086,2920940,1998311
347,000920,2017-10-23,0.0043290043290042934,0.0034632034632033903,0.3541528030677553,17430.0,57899.589334552504,1063,20237165,20679050,674157,783324,5527442,5474622,4678703,5348975,5022474,5148940,2177063,2434491,1752486,347100,404840,0,0,1141598
348,000921,2017-10-23,0.06836461126005355,0.04557640750670244,0.2848934509948932,31180.0,240988.09622186617,2745,110437938,141149846,1528090,1192132,12727103,13139496,12566464,14267630,19197461,27162882,15220471,18224992,15435764,10960511,4954891,7784454,28807694,48417749
349,000922,2017-10-23,0.003708281829418958,0.0012360939431397266,0.36631321862920685,16120.0,49788.64528742335,487,8640033,7199284,410575,374246,2513217,2105280,1957672,2192647,1943307,1774375,760610,752736,653652,0,401000,0,0,0
350,000923,2017-10-23,0.03082706766917287,0.03496240601503753,0.7037302375191575,21416.0,113695.60740504885,1431,31771708,45920722,1025024,954209,6863410,6860831,6670454,7814670,7579947,8606048,3687983,4993837,1444335,3251383,862695,3568202,3637860,9871542
351,000925,2017-10-23,0.009924109748978394,0.004670169293637061,0.869007223163967,17225.0,217595.69205490578,388,11388413,10239059,201599,327686,2248039,1720462,1752198,1356077,1320020,981399,220160,461360,311501,661791,431250,0,4903646,4730284
352,000926,2017-10-23,0.005668016194332104,0.0008097165991902688,0.31905410322586353,12320.0,108753.62887456844,1499,27278480,29081148,1440590,1516559,6833103,5323497,3693082,5931252,5808389,3820190,2166144,3171595,2493268,1436100,828227,1309242,4015677,6572713
353,000928,2017-10-23,0.009779951100244544,0.007334963325183352,0.25710286830602874,15675.0,90998.0997632571,1012,22555888,22775019,1162461,964256,4454997,3667345,5737095,3733423,5043702,4110221,2196828,3604906,973247,2619481,874658,1280503,2112900,2794884
354,000929,2017-10-23,0.02646351242983158,0.015236567762630271,0.4769303626543457,19005.0,160630.06557723862,683,13376021,34959401,330971,653083,2790615,3082457,2980710,2301815,3885859,3399618,1508164,1633899,0,3252980,0,4553879,1879702,16081670
355,000930,2017-10-23,-0.0037341299477222645,-0.0037341299477222645,0.28021608342573884,26680.0,135105.6385330215,2284,86069128,71897941,1249586,1043318,12351273,10643962,14975252,11324691,16920342,15163745,11877682,7646259,5147399,6327098,5465105,7459266,18082489,12289602
356,000931,2017-10-23,0.007672634271099765,0.008951406649616356,0.1883761451805772,17314.0,80266.62645038692,1725,38433296,35532356,1498863,1344181,8501052,8408800,8245672,7549825,6954678,7646027,5683135,4577032,3522300,2300139,1327045,1355366,2700551,2350986
357,000932,2017-10-23,0.00242424242424244,0.00969696969696976,0.17801718101094416,23016.0,174921.19197821541,2151,86214091,89167082,882478,2349547,7459636,10771093,10009520,10819538,14041279,13125349,8835191,9671037,7287736,7270819,7276354,4547251,30421897,30612448
358,000933,2017-10-23,0.0029440628066732533,0.006869479882237517,0.20038041319521216,32560.0,216394.7783919119,2592,128983763,109159986,1158212,1651143,10151105,10071416,16678611,12448446,30743355,22232898,15115659,14647599,11467673,8974611,8448672,4502429,35220476,34631444
359,000935,2017-10-23,0.014519906323184895,0.01077283372365323,0.44965277697857436,21700.0,102581.86012792164,2255,55355218,57794304,1216565,1527589,12401162,12656826,11076120,12257025,11979621,10631982,8023578,6412007,3458650,1139637,3538720,3125539,3660802,10043699
360,000936,2017-10-23,0.007204610951008661,0.011527377521613813,0.2680216274526309,6950.0,55563.09324522985,670,4867557,12340089,630820,511841,1794442,2658632,1170442,2754379,1071814,2408523,200039,702583,0,1041195,0,1689756,0,573180
361,000937,2017-10-23,0.0015873015873015817,0.0031746031746031633,0.1358685478468912,13882.0,89803.07191152028,2155,41951329,43073365,3242145,1622655,12742618,8653557,6021552,5790109,5626479,6130203,6578498,4175274,2689086,4451035,1759470,2526837,3291481,9723695
362,000938,2017-10-23,0.006798209252196985,0.0018239097993699716,1.518966938803416,30160.0,142573.95946381116,1576,56735954,54424455,580229,1547101,6629156,7539492,9356468,8807068,10692015,12786845,6023829,4933618,3404050,5959009,1832502,909876,18217705,11941446
363,000948,2017-10-23,0.008554319931565413,0.0025662959794696683,0.5457587379647115,11730.0,40208.46041359338,458,6598807,5024667,427580,322510,1960091,2090282,1482664,1275035,1733823,837415,994649,499425,0,0,0,0,0,0
364,000949,2017-10-23,0.004514672686230403,-0.0022573363431150906,0.22298969512751463,8860.0,73235.35952327699,394,7842115,3490587,370237,299945,2101485,1350008,1451575,985848,1766825,588386,925885,266400,0,0,0,0,1226108,0
365,000951,2017-10-23,0.013636363636363447,0.006818181818181612,0.4445706667719552,10638.0,63093.338109481534,1568,26139773,19529487,1451352,1282829,8285803,5090537,5497584,3981015,5573099,3619043,1562537,1725466,1744740,0,459810,945126,1564848,2885471
366,000952,2017-10-23,0.02623550945698594,0.0012202562538132788,0.513852276935345,16420.0,93033.73558262747,1017,23832662,22911511,926416,1051940,4380509,4649268,4428909,4132085,6117099,6108659,1496776,1446949,1270824,1035282,1426341,911855,3785788,3575473
367,000955,2017-10-23,-0.009202453987730008,-0.013803680981595123,0.32417359187607536,13555.5,80549.62714885356,404,10220082,5703851,400566,243058,1681879,2173484,787454,928620,2768726,924983,1663751,479870,1347140,0,835266,423108,735300,530728
368,000957,2017-10-23,-0.025248661055853105,-0.019892884468247884,0.31866327859102034,18004.0,119045.5068985488,1683,56138659,37395048,904167,1499823,7760910,7677657,8356581,6368293,12434377,6897064,5405424,4585186,5663268,3223218,2160509,1745538,13453423,5398269
369,000958,2017-10-23,0.018731988472622474,0.01729106628242061,0.1721278750225222,14160.0,88468.52870026907,1627,30372954,41088890,1262792,1745772,5975875,7643354,4788325,8954520,5648584,8514628,3542354,4194222,3156227,2407088,2615347,2601138,3383450,5028168
370,000959,2017-10-23,0.0,-0.005997001499250421,0.17532728731665223,8710.0,42065.82170078599,1449,18221147,12824568,1290408,2343020,7168305,4088636,4801472,2056557,2839105,1706592,639058,498501,1016599,667698,466200,896460,0,567104
371,000960,2017-10-23,-0.002097902097902171,-0.0013986013986014845,0.32019087764472026,19936.0,187738.74266876947,1995,78834707,63388696,1487412,1195351,10427521,8299122,8954704,8874475,12772877,8965302,4609614,8827414,4823806,5054393,3932828,4318384,31825945,17854255
372,000961,2017-10-23,-0.0015948963317383713,-0.0031897926634768536,0.20196693254269427,11913.0,110110.13470063853,964,23653056,15511247,735373,811527,3067549,5060066,2068169,2820616,4624772,1856374,2689881,1245256,1849418,697350,1764712,0,6853182,3020058
373,000962,2017-10-23,0.003988035892323216,0.003988035892323216,0.31932874460922794,10110.0,143231.96527422464,986,14456439,17390600,723815,851872,4088441,4762208,2485900,2284620,4612882,1976948,768235,854652,716842,1952311,466784,493855,593540,4214134
374,000963,2017-10-23,0.017090909090909046,0.0023636363636363455,1.1575808753661556,32997.0,129924.5865889232,2262,93548404,72136437,370816,1409981,12005935,13241497,15697336,11750789,18830155,14419992,11404069,9158391,6263511,5304749,3553117,6844195,25423465,10006843
375,000965,2017-10-23,0.008968609865470878,0.005979073243647326,0.1970397077764693,13380.0,73189.4372525136,1153,18162047,22986257,793008,1169180,3899040,6227776,3019847,4866223,2565009,4587061,1989688,3534588,1695854,1394331,984039,486000,3215562,721098
376,000966,2017-10-23,0.004395604395604602,0.00219780219780219,0.22756687146459775,8645.0,52830.09776189443,399,3518091,5783781,439989,420084,1455252,1625909,750400,492310,486550,731603,0,1061970,385900,996905,0,455000,0,0
377,000967,2017-10-23,0.018830525272546916,0.022794846382557132,0.24287904846271005,22726.0,161363.43622278052,1727,41711015,65883031,1237126,766570,8286971,7140133,8067625,11793306,8523391,11516100,4380015,6869132,3742660,6908958,2360430,2246751,5112797,18642081
378,000968,2017-10-23,0.014571948998178597,0.02550091074681249,0.3943554724411383,21905.0,129908.41826026836,1753,44228284,53813326,575643,1589975,6503756,11907197,8806392,8999719,7832894,10383163,4161747,3049830,2401579,5315188,1235243,2624350,12711030,9943904
379,000969,2017-10-23,0.010172939979654183,0.011190233977619535,0.2798305406585933,15007.5,95911.91872712964,1234,26086801,24041889,948838,1494976,6161294,5024266,3775029,4614191,3403820,5515424,2276981,2091153,3707214,1898817,410274,499998,5403351,2903064
380,000970,2017-10-23,-0.02429378531073445,-0.018644067796610098,0.3412390133505744,52470.0,638322.038557616,2692,246596577,262663492,1011030,1214789,10447548,11049134,14362904,17336437,25884876,26740963,19595036,14444541,17273375,13912253,12695208,11131991,145326600,166833384
381,000972,2017-10-23,0.006666666666666821,0.0022222222222221255,0.20338598351242881,10327.0,147007.709229806,489,11617138,6321241,389379,429733,1965200,2147029,1997686,1519933,2088365,1402410,258366,517720,316858,304416,857863,0,3743421,0
382,000973,2017-10-23,-0.0025839793281654533,-0.0025839793281654533,0.21452413221365438,15360.0,149558.65271775873,1302,38881600,26812824,1105979,1228233,5496193,6430416,4386591,4488457,6007067,4672752,3676891,3524088,2820642,1810902,1343882,1342755,14044355,3315221
383,000975,2017-10-23,-0.0028632784538297207,0.006442376521116566,0.44555987121879875,14200.0,220984.01946870692,983,25700007,29758257,721835,910285,3448542,4385074,3851448,4060926,5285902,5789506,2599427,2524995,1993392,2620217,3410599,422560,4388862,9044694
384,000976,2017-10-23,-0.012235817575083408,-0.008898776418242549,0.3537131829550367,20378.0,107733.18019501609,646,24574829,11789382,476333,650957,2515955,2145894,6948635,2060673,4642308,2734904,3547212,1534777,1413642,721028,2768645,853583,2262099,1087566
385,000977,2017-10-23,0.009740259740259827,0.0037878787878788955,0.4220589418315213,31314.0,172420.3788048902,1917,83394348,75835574,1045270,1367483,7795030,10487501,10063185,12489925,17810351,14403609,8550185,8387925,9017292,5799461,4462709,3083204,24650326,19816466
386,000978,2017-10-23,0.006514657980455807,0.006514657980455807,0.40353830345095004,7376.0,48125.703694978976,520,5083257,5976192,643344,537524,2025158,1754799,482205,1587860,443001,1210959,712997,286130,319240,0,457312,0,0,598920
387,000980,2017-10-23,-0.012307692307692353,-0.016153846153846185,0.2962845077576553,16757.0,104534.15248864253,1926,58411722,36326781,1401505,1365640,9880120,8764339,9935656,6305327,11961618,7379051,5623560,4617917,5885450,1702571,3166307,896603,10557506,5295333
388,000981,2017-10-23,0.03365906623235593,0.0456026058631922,0.27507679496756743,19320.0,159567.1713169163,1122,26904386,51179075,1141224,697095,5320351,4372964,5894995,4661836,5377847,7625410,3543106,7035372,2474972,2528625,3151891,4475246,0,19782527
389,000982,2017-10-23,0.0024999999999999467,-0.0024999999999999467,0.14291781635661405,8000.0,117844.02903293844,784,18820916,12553370,650892,964957,2732732,2138476,1439295,2543553,2300345,3120268,1523768,719508,722328,1032550,920600,425360,8530956,1608698
390,000983,2017-10-23,-0.0040404040404041774,-0.005050505050505083,0.21603532508534504,18753.0,152369.3835126377,2101,65032179,60693002,1602027,1928428,8725669,9756805,8480973,8639328,12178313,11595434,6997730,8018838,3071825,4755359,3251986,7018254,20723656,8980556
391,000985,2017-10-23,-0.009060955518945701,-0.011532125205930832,1.1178904819555937,14538.0,72661.85889960625,471,7914457,8184656,279465,575752,2218632,2550970,2041255,1352773,1928349,1269345,966756,211816,0,0,480000,0,0,2224000
392,000987,2017-10-23,-0.009369676320272524,-0.0127768313458263,0.4423723702684763,12765.5,71685.53132163822,704,16490747,8016146,553966,532475,3452415,2841247,2958139,2200400,3469492,647286,2162996,280524,1460721,0,817386,473550,1615632,1040664
393,000988,2017-10-23,0.008792497069167737,0.007620164126612039,0.38844035141211547,20556.0,151341.28184105438,1929,71756473,59531833,1498749,1222578,9368462,7941258,10101026,9488365,12806998,13234879,4164779,6256142,7372511,7576934,5291659,2123760,21152289,11687917
394,000990,2017-10-23,0.039932508436445247,0.03937007874015741,0.40523367765586016,19910.0,84857.92945317624,1925,31492336,58783153,1245169,1975512,7660137,11955389,7253677,12433227,7794122,14608899,1971932,5197626,2165162,4750817,0,979658,3402137,6882025
395,000993,2017-10-23,-0.004214963119072768,-0.004214963119072768,0.35425555902896133,9460.0,46600.64854569919,717,10744656,6554309,697172,1001247,3250873,2914217,2432712,1160927,2281333,597974,721497,500744,376000,379200,461540,0,523529,0
396,000996,2017-10-23,0.010814708002883977,0.010814708002883977,0.42206568695110586,16620.0,84183.50153719896,1080,23713296,25986262,875776,834119,5710510,4547444,4613074,4630172,5682350,4790920,2223001,3560315,2269285,2316914,888230,2649777,1451070,2656601
397,000997,2017-10-23,-0.0022421524663677195,-0.0026905829596413078,0.5625397970103456,22300.0,124944.79083908665,1571,53962718,38243276,947894,972043,8401696,8827322,7992435,6833027,8007664,7091210,8883767,3313446,4696680,2642024,3094386,2233991,11938196,6330213
398,000998,2017-10-23,-0.009469696969697017,-0.014015151515151425,0.6044140500791498,26110.0,292008.4197253849,1908,125594441,96692459,626967,1128006,6887286,10698635,9379431,8327836,11644015,13416091,8754276,13857251,8060978,6538246,6144428,5309470,74097060,37416924
399,000999,2017-10-23,0.030563186813186816,0.02815934065934056,0.5718112941371275,29930.0,177419.25311760153,2595,93314589,131906786,1136798,2269667,9567294,14063783,14894098,14203373,19748510,20647148,9087412,16241401,11970238,10447533,7193634,6212901,19716605,47820980
400,001896,2017-10-23,0.004643962848297267,0.001547987616099089,0.3032476597065583,9705.0,78725.69348038927,453,9824785,9221964,467137,348194,1695287,1076436,1866923,2039103,2308427,2160838,1329134,1788664,646470,360379,430272,807450,1081135,640900
401,001979,2017-10-23,-0.0027472527472527375,-0.008241758241758212,0.3601806376249709,30651.0,151002.69511411947,2555,94394312,64727838,896563,2393084,11584892,9276329,30717847,13080939,12343921,14880944,6774707,6576752,4442944,3404842,5220635,3132689,22412803,11982259
402,002001,2017-10-23,0.011618257261410747,0.007468879668049766,0.4825095703775492,19248.0,162712.08303877487,2499,75076372,79659993,2468428,1932613,14419475,8566527,13660150,7366291,11141466,11106148,8131679,8090388,3821385,5400799,2712858,8098099,18720931,29099128
