,code,date,pchange_whole,pchange,change_std,amount_median,amount_std,length,sumsell,sumbuy,sell_vol_0,buy_vol_0,sell_vol_1,buy_vol_1,sell_vol_2,buy_vol_2,sell_vol_3,buy_vol_3,sell_vol_4,buy_vol_4,sell_vol_5,buy_vol_5,sell_vol_6,buy_vol_6,sell_vol_7,buy_vol_7
0,000001,2017-09-08,0.002617801047120283,0.0017452006980802626,0.21089149309935834,34560.0,327754.04652527673,2957,191421043,204066918,1217665,1828305,10772909,10786763,15416313,14368629,21951931,26230246,17226737,23270451,19487694,15673770,8541489,10495636,96806305,101413118
1,000002,2017-09-08,-0.004247104247104172,0.0038610038610038533,0.43562473954238445,158905.0,1007453.8762509525,3539,788421967,818580524,405241,417083,10154329,8530870,19446779,15343936,47647503,35957938,45408859,43358257,43512061,36763755,35778147,33198789,586069048,645009896
2,000004,2017-09-08,0.00531697341513282,0.0036809815950920033,0.7574515699437123,17041.5,95205.95811740233,1042,26972993,21302233,969689,831683,5834230,4842464,3655837,3184126,3870730,4760578,3772996,3721523,1679709,1354718,974000,0,6215802,2607141
3,000005,2017-09-08,0.10224948875255624,0.10020449897750505,0.11736122959105501,33031.5,443117.5540814973,1740,182782169,66146752,1390713,636918,9972377,3349584,13760118,3160198,21798302,6936828,16517220,6033283,11993840,3419059,6880721,4955482,100468878,37655400
4,000006,2017-09-08,0.05913978494623651,0.06451612903225801,0.16501764640966063,77448.0,1543762.5457008255,3197,436940442,577452866,1902986,709587,10453883,7976394,15999124,14007487,36902708,31696020,27449331,25065675,28512128,18043314,23562571,22326073,292157711,457628316
5,000007,2017-09-08,0.020435069215557045,-0.005273566249175965,0.6212725620516909,13224.5,137451.30189126873,596,17685633,9383494,269308,794158,1911408,2486714,1937980,2156911,2927498,1624722,982868,1046669,936492,675964,450000,0,8270079,598356
6,000008,2017-09-08,0.015795868772782384,0.017010935601457833,0.19013287385678854,10783.0,177947.68262132123,1876,44706988,58495698,1532845,2418202,6111767,7833380,4795861,6679997,6097754,8097351,5409489,4148996,2465258,3443144,6352923,2579433,11941091,23295195
7,000009,2017-09-08,0.03251121076233199,0.028026905829596327,0.15617165747361553,59832.5,420726.09164244833,3268,244890565,307911025,1414334,902390,15698735,11528291,22453153,19334126,37233479,39602959,25074069,31639019,23453893,17583932,14499420,17709629,105063482,169610679
8,000010,2017-09-08,0.025490196078431504,0.025490196078431504,0.1554521445965613,13075.0,133861.4742509238,1077,23472154,33307793,1092460,695244,3464219,4001281,3361814,5441845,6029064,7516426,3513419,3444430,3099060,1788146,1411586,905540,1500532,9514881
9,000011,2017-09-08,0.10879511947127596,0.10879511947127596,0.4019837619163513,39080.0,1775725.1022883814,2404,519762477,113453608,1316876,1055660,16193282,6446148,19887757,7756954,27089273,8194095,15529401,6031689,12063641,6505059,8763554,3170871,418918693,74293132
10,000012,2017-09-08,-0.002339181286549863,-0.0035087719298246833,0.2285944132201486,15336.0,202885.02617920295,1399,50908811,28586631,1322696,1329597,6862719,5598790,6020326,5066762,6802597,4868172,3970386,1529389,1675878,1895416,4090675,1267731,20163534,7030774
11,000014,2017-09-08,0.07012374779021813,0.05833824395992937,0.4497076840771115,30753.0,425835.4356399287,1429,80884321,83673047,484344,1045169,5667299,6904689,7701844,6018636,8399193,11033711,8673665,9459819,4790736,8758344,3139700,2557663,42027540,37895016
12,000016,2017-09-08,0.006525285481239873,0.0032626427406199365,0.1805818303050016,12936.0,154848.6579749428,1153,36861999,24705236,1082525,699693,5826248,3764934,4585083,3979865,5623998,3887139,2371655,1644007,1725800,2372103,2215025,1279658,13431665,7077837
13,000017,2017-09-08,0.013664596273291751,0.013664596273291751,0.28667510330926627,14625.0,80163.14948220491,788,13872680,16276338,810036,735002,3400575,3953595,2941040,2458083,2876447,2866634,2253366,1439905,319758,1447512,1271458,438916,0,2936691
14,000018,2017-09-08,-0.006257822277847325,-0.01251564455569465,0.1768826452825447,16785.0,162038.72799732038,2042,72633441,46374947,1248852,2165362,8187449,11965072,7591007,9097052,10717178,7910321,6086369,5310044,6857290,2427229,3067846,1837750,28877450,5662117
15,000020,2017-09-08,0.015792154865002628,0.019867549668874274,0.6308171844900342,18193.5,86115.88747242943,968,17681724,23452356,778283,833489,4799196,4829859,3592120,4706101,3814755,3914956,1539144,2573188,2028750,1291892,0,1340536,1129476,3962335
16,000021,2017-09-08,0.018619934282584794,0.013143483023001057,0.21139955732995178,18540.0,145354.24588788734,1868,48334548,65343416,1368403,1612918,7768775,9471817,8467686,9909815,8471022,9330442,3503205,5504123,3229299,3100773,5712616,6813878,9813542,19599650
17,000022,2017-09-08,0.013417815877748929,0.01863585538576218,0.7449328235414677,26850.0,178229.94473319157,1297,45165650,52712375,665841,793984,6615438,5825525,8023121,5461493,8716824,8090276,5940341,7452166,4093989,3917688,1357454,3667410,9752642,17503833
18,000023,2017-09-08,0.08261049153242461,0.0631970260223047,0.675949428740906,26840.0,208075.4367760196,1284,40339774,60959635,687248,822422,6237831,6422559,5957724,6714809,8487721,11132753,6756380,6822874,2726215,4151495,1824060,2769956,7662595,22122767
19,000025,2017-09-08,0.007212558336868735,0.009758167161646236,0.9322692989668024,42102.0,225599.5046472641,2557,115691034,135547625,1525757,1754608,11457316,11875550,16383327,13545680,24738727,20529319,16077332,16746850,10820271,11268561,9901448,6747002,24786856,53080055
20,000026,2017-09-08,0.018596787827557026,0.014370245139475823,0.35374965447352286,8393.0,75848.61927363355,1118,15354243,20037650,670756,1553379,3370670,4568347,2764189,3422712,2987582,3506012,1507576,3222920,1137510,1000648,480398,1308760,2435562,1454872
21,000027,2017-09-08,0.010638297872340496,0.012158054711246313,0.17371516343651353,12663.5,209754.4893850436,1436,29553198,49330989,1400926,1021187,6246272,5827398,4064782,5045145,5866669,6280602,3100312,5314946,1785627,3163922,901936,3003345,6186674,19674444
22,000028,2017-09-08,-0.02383374509518965,-0.016131376253451513,1.604525568056087,13647.0,132384.84197023575,1839,81342238,21913555,3565653,729485,8946950,4695147,14655659,3004746,10766442,3757256,20523936,3582897,5211169,0,4383329,1333814,13289100,4810210
23,000030,2017-09-08,-0.022459893048128232,-0.019251336898395643,0.1852771798202206,4602.5,117181.32076748232,2554,56714902,14654999,4685922,886548,6026154,5639697,12038745,2721978,13128952,2811519,1724903,521453,2119817,749889,1867040,1323915,15123369,0
24,000034,2017-09-08,-0.016319129646418795,-0.014959202175883868,0.5362274375207424,22010.0,103365.55856916287,1693,51322379,33514963,1141771,1059507,8892763,8868349,10329278,6398373,9525745,7567221,5270934,3257609,4944347,680371,3690561,2159124,7526980,3524409
25,000036,2017-09-08,0.0,0.00976042590949433,0.21323771928710455,24662.0,203282.54534094137,2797,124181794,117846650,1049335,1682001,11191166,11607115,14151480,12765405,19626918,22614386,15608266,12972994,12154676,8440800,7467291,7664603,42932662,40099346
26,000037,2017-09-08,-0.0033482142857144126,-0.0033482142857144126,0.2907043316172854,9635.5,147991.27648825845,950,23617133,17774561,451300,1561165,3346460,4295899,2100630,3241467,1903378,3768652,476149,1843695,1718528,1059636,812226,1333404,12808462,670643
27,000039,2017-09-08,-0.008537886872998945,-0.0112059765208109,0.3594598527932348,14919.0,211542.3558379838,2723,97721001,64260187,2089540,2600553,8285016,12605429,16607321,8782250,10430177,8933975,7232081,6017108,4258419,4267068,2289812,444480,46528635,20609324
28,000040,2017-09-08,0.019795221843003308,0.012286689419795271,0.49028389407964607,16434.0,115643.97684385559,893,16881815,29909315,620124,617354,4069425,3295605,2852271,7289387,3438213,6548054,1508107,2962946,698616,1013196,861398,1801622,2833661,6381151
29,000042,2017-09-08,0.007589025102160196,-0.0005837711617044938,0.517822393240971,5166.0,65990.71226664614,1095,10836392,14517824,747308,1768714,1932178,5216454,1261176,2276575,2780907,2156468,2016261,559296,1674979,977082,423583,0,0,1563235
30,000043,2017-09-08,0.020754716981132182,0.018867924528301883,0.36179212041770004,21100.0,218952.6282020901,858,27041699,40730669,426041,506640,3328208,4020835,3364309,3502811,4197302,5650871,2564390,4220454,2042036,3228282,1342854,1769964,9776559,17830812
31,000045,2017-09-08,0.027575020275750095,0.02676399026763998,0.2520561543200246,36600.0,266104.7433002638,2397,143858257,144769405,987881,1125278,12391200,10591443,11680592,11244644,21518449,17939664,14500801,14899414,13341268,14253640,10740552,13003282,58697514,61712040
32,000046,2017-09-08,-0.0036496350364965124,-0.0012165450121653931,0.30970100027856035,8210.0,65807.6073552823,704,13645017,8515246,573647,760296,2233920,3187457,2438767,1921966,1712138,1340209,3079667,931854,300728,373464,2646842,0,659308,0
33,000048,2017-09-08,-0.018727915194346356,-0.014134275618374659,0.9740502199007987,16887.0,143053.2428568032,844,16912709,30602615,625435,707597,3874460,3727876,4010501,3424268,3274599,4235371,2064468,2345572,1485442,1761220,0,447585,1577804,13953126
34,000049,2017-09-08,-0.008711111111111114,-0.008000000000000007,1.2773822112686406,28040.0,121373.06377469402,1939,68724422,56375772,1016002,928335,8122628,10376420,9312693,10921041,14313664,13071474,10949218,8661355,5413362,4269899,4768524,2236886,14828331,5910362
35,000050,2017-09-08,0.021576398062527424,0.009687362395420562,0.4144435698810395,52578.0,359246.71081790986,3004,238720688,264340466,671992,1184738,11716029,14264672,13718005,17304114,27606971,30193107,32070632,28933376,17180961,18363883,15745044,19937502,120011054,134159074
36,000055,2017-09-08,0.002587322121604174,0.0,0.20539878317584248,7720.0,80094.62268734885,1417,25322014,19789784,881985,1784118,4377168,6837915,3600974,2817306,3764961,3456442,3164431,1004518,3567427,3222513,867281,0,5097787,666972
37,000056,2017-09-08,0.007346938775510292,0.008163265306122325,0.7360994002032784,6185.0,36744.70667363736,276,2322206,2100164,226067,367386,577439,1129727,932918,217731,215582,0,0,0,370200,385320,0,0,0,0
38,000058,2017-09-08,0.03584672435105074,0.023485784919653918,0.1609946132798606,14399.0,261541.8374278412,2537,88749158,77125255,2292697,1147970,11308294,8706073,9226553,9589234,10222133,12626804,9678750,5863626,7602674,4490799,6902377,5781680,31515680,28919069
39,000059,2017-09-08,-0.0017271157167529916,-0.0043177892918826455,0.26321050261698997,23240.0,190801.7414677702,1936,88490402,63047026,803178,1634857,7945375,10038493,8219715,7472224,15306696,12661315,8788596,8692531,9280524,4530142,6323955,5093878,31822363,12923586
40,000060,2017-09-08,0.0031397174254317317,0.005494505494505475,0.22640025879529643,36092.0,299271.5047430869,3170,176459670,227854881,1053444,1710112,10954376,15891005,15401363,17016514,26484917,31504568,15537774,20232508,12740515,17626886,14297602,14130346,79989679,109742942
41,000062,2017-09-08,-0.03497453310696086,-0.026825127334465182,0.5869302875524998,61348.0,625600.7687309143,2520,177285294,196657820,661679,1216573,7745111,10705993,20121952,17026203,31224300,25268612,18472112,23369197,15370928,13365609,12103814,13278868,71585398,92426765
42,000063,2017-09-08,0.026731470230862753,0.015795868772782384,0.423622543332886,112702.5,1021950.0283801829,3398,503611982,731620780,394887,559297,9859754,12682514,18260275,21932770,40821796,40311974,36614361,30790246,28100145,39084151,22102905,30497819,347457859,555762009
43,000065,2017-09-08,0.0004345936549325913,-0.0034767492394611743,0.6916609374716962,13764.0,100631.41980379212,1106,25729276,13909513,745759,1134747,5223789,5507384,5155392,2203405,5084487,3046300,2490267,238680,712500,310905,425685,889500,5891397,578592
44,000066,2017-09-08,-0.0023255813953487747,-0.0034883720930232176,0.17031655502700313,17160.0,171365.09699019048,2553,93281831,55502956,2212758,2018961,11334216,11548692,11394096,8861831,14838700,10351990,6765427,5183734,5518742,2524117,6184581,4146844,35033311,10866787
45,000068,2017-09-08,-0.007418397626112738,-0.005934718100890191,0.27582921235597646,10110.0,126286.17151596962,597,17218756,6936095,295323,706101,2688276,2256302,1826835,1199010,1516809,929338,908316,504741,4038037,336500,0,482736,5945160,521367
46,000069,2017-09-08,0.005512679162072542,0.013230429988974501,0.1624245046024768,34618.0,348153.5911620625,3125,173054332,211695202,2058110,1502058,13235490,15146435,17158634,16590262,23447292,25644638,16809916,14921670,13622999,17221815,14418621,14767106,72303270,105901218
47,000070,2017-09-08,0.008395522388059629,0.004664179104477473,0.32220575422713904,10840.0,66519.61429447182,1107,17237140,18769260,555322,1186976,3842211,4914758,1459545,4568046,8878609,2499347,1176059,2962044,325500,1760601,462894,877488,537000,0
48,000078,2017-09-08,0.011551155115511635,0.014851485148514865,0.12128522901392957,9225.0,192883.12206281672,2501,37873175,105366247,889521,3758697,4237023,11993998,4184581,11277745,4922935,12308709,3544529,8347086,3016810,12634722,1707413,8478320,15370363,36566970
49,000088,2017-09-08,0.020496224379719763,0.01725997842502691,0.2110439254484154,28489.0,356825.29259467754,1931,95878407,126706200,1170705,1453610,7891958,9157376,8417737,9585220,13727365,14282039,9266096,8970628,10794761,7987140,8531839,8607932,36077946,66662255
50,000089,2017-09-08,0.007945516458569779,0.010215664018161208,0.18309711902711365,13966.0,138342.45706060782,2319,61517116,68053841,688189,2944032,3846699,14306678,5960466,8459504,18505676,11320497,9224196,5344028,8073263,1764858,3596484,2640677,11622143,21273567
51,000090,2017-09-08,0.0235294117647058,0.02773109243697469,0.25284464918524197,45251.0,353626.66013990017,2218,147438477,163548716,803506,983912,8295807,10497336,12043961,12499115,20912421,17111040,20281681,14610538,12491650,13444233,15948643,12308125,56660808,82094417
52,000096,2017-09-08,0.01937716262975786,0.02145328719723194,0.39735684788300796,10185.0,54728.85679645441,1323,16010852,16742729,2930491,772773,5377099,6245492,3541087,3409045,2569894,2209925,996331,1389234,0,355020,0,438300,595950,1922940
53,000150,2017-09-08,0.02323809523809528,0.021333333333333204,0.7867776921731006,16014.0,68452.341977409,1113,17872506,26051460,781336,741201,5237230,5945816,3659198,4624448,4212591,5364293,1792251,4439629,1353416,1306505,836484,852740,0,2776828
54,000151,2017-09-08,0.01731843575419001,0.019553072625698498,0.4700683748680926,23400.0,173194.94223912942,1450,53118918,66804275,1014010,1223205,6393880,5733872,7805041,7365945,8411593,10173771,6977734,5833953,6562248,7293915,2623641,4151994,13330771,25027620
55,000153,2017-09-08,0.0299102691924229,0.020937188434696052,0.28896033589722436,11066.0,92857.64361778008,1205,18679198,29072234,1702092,594358,4722765,4879076,2363474,4685535,3580364,4220698,1805653,4127690,1009213,2156090,917259,1783130,2578378,6625657
56,000156,2017-09-08,0.002673796791443861,0.0006684491978610207,0.49467991664713795,14238.5,95079.31215747423,914,25000304,17477643,860370,454746,3026218,5032067,2571228,4006043,5087078,2589401,3682930,1237632,3448939,1497251,1750033,1389544,4573508,1270959
57,000157,2017-09-08,-0.0021834061135370675,0.0,0.08914712762915683,5520.0,102650.33341950786,2654,36685675,34296860,2456247,3352082,9180515,7119057,5212695,4251191,3029129,4193198,3300250,4258626,1381609,389691,906984,2235590,11218246,8497425
58,000158,2017-09-08,-0.012974976830398388,-0.009267840593141785,0.24047697360947032,10790.0,137514.24800978138,2015,50366973,33167135,1115370,2948548,7668262,8185256,6979628,5153639,7839443,6977730,3319236,4463168,4988685,1349745,837206,427600,17619143,3661449
59,000159,2017-09-08,0.0014903129657226621,0.0029806259314457684,0.22983393504582575,13460.0,57085.721996750704,852,16643084,13487904,759165,610333,4264748,3328463,3392124,2771276,4548252,3895909,1919745,1360470,1357425,660113,401625,861340,0,0
60,000166,2017-09-08,-0.0016722408026756952,-0.0016722408026756952,0.11937192267148979,11960.0,162195.27963739622,2516,87210115,54287324,2337400,1416712,9931145,9492558,9304397,8892074,11679261,8148690,8705722,3806489,5185822,2398781,4068034,2281925,35998334,17850095
61,000333,2017-09-08,0.00024402147388991047,0.0,0.7660692735387019,57400.0,376903.069619284,2862,266586922,220895696,1065791,1334659,11282788,11968188,18490504,14228301,25791053,29483226,23694347,23205983,24669964,30722704,26257264,16799697,135335211,93152938
62,000338,2017-09-08,0.009575923392612928,0.008207934336525335,0.12575730222222045,18475.0,140585.23431297153,3387,72862767,128091600,897699,4458128,8279031,24885025,12193438,20766888,10996821,21343175,8108580,11995451,6065599,9097682,4771869,5405440,21549730,30139811
63,000400,2017-09-08,-0.0028835063437140374,-0.006920415224913601,0.4227103291336861,12067.0,104365.54732705053,1683,35600462,27515027,927523,2808252,5825492,8607904,4799442,4256685,4960175,4429419,2271206,4074026,4309217,1582857,1857008,0,10650399,1755884
64,000401,2017-09-08,-0.025229357798165264,-0.014334862385321112,0.3046305149031386,79074.0,459080.07804995397,3279,339070562,284152505,678330,829251,10930363,13468906,19971662,22759132,42330749,46300540,39220804,32332741,25641899,25573224,21815479,17707360,178481276,125181351
65,000402,2017-09-08,0.02341137123745818,0.011705685618728978,0.230036224459413,19096.0,164756.56819819132,2706,100538735,87691486,2053850,2041151,11982221,10672900,11727966,9891482,17747569,16227396,12066090,9638753,7835530,4973690,4057865,6679033,33067644,27567081
66,000404,2017-09-08,0.0026595744680850686,0.0,0.24472982100999233,10612.0,202512.76096946682,944,39425023,24542760,907426,846620,3155441,2658933,2956693,2695044,6890255,5180784,3831431,3531893,3945617,2013244,3606533,1332175,14131627,6284067
67,000407,2017-09-08,-0.008515815085158196,-0.007299270072992803,0.28527597372965047,16410.0,123879.8214735548,830,26442652,11647942,511731,844410,4023854,5334756,3754648,2814412,3914280,1743627,3006202,458153,660776,0,1690482,452584,8880679,0
68,000408,2017-09-08,0.02578167855183766,0.02852441031267139,0.40431588652875994,37640.0,192249.40672117122,2037,103291004,101409216,1272218,975037,8990947,8215035,11103495,11222278,21901108,17693932,12119657,10835018,8795315,9662905,5343325,8026422,33764939,34778589
69,000409,2017-09-08,0.002580645161290196,0.005161290322580614,0.2387215414207394,12860.0,69891.62781355745,1054,19418310,15606277,1024644,1054140,4307155,4960968,3973638,3484163,3187697,3376682,2711344,497030,1759776,659229,426800,0,2027256,1574065
70,000410,2017-09-08,0.0032017075773747017,0.0010672358591250486,0.31365944154346753,9420.0,61435.62111333794,892,16155402,9675074,1154187,1069052,4173360,3290227,3784948,1708760,2662049,1178059,2228028,0,1683830,399500,469000,0,0,2029476
71,000411,2017-09-08,-0.00764087870105068,-0.008118433619866416,0.9997163806740987,14608.5,59289.243190137226,438,8030249,4984318,342997,216545,2309448,1852818,1567293,1216010,2014608,452145,534817,207800,0,0,1261086,415600,0,623400
72,000413,2017-09-08,-0.0028846153846154854,0.0,0.18198500456679803,62280.0,317642.2406511486,3269,248828163,245890431,942339,929899,12367847,15116890,21195723,25229401,38276021,44009496,23793434,28170542,17879535,18721513,15490389,12383842,118882875,101328848
73,000415,2017-09-08,0.0028818443804032867,0.0028818443804032867,0.1473156369831336,4185.0,82539.16405235298,2224,26577351,29556455,1590143,2582671,4679541,7908869,3564850,4820419,5335005,3477554,4069277,1898750,1679515,2453109,849290,1284108,4809730,5130975
74,000416,2017-09-08,-0.0024449877750610804,0.0,0.3066471506649448,8210.0,57210.136149989834,711,9310418,8656698,598373,779244,2989421,2169578,1914150,2348544,2033626,800528,467390,1253084,0,326758,0,411500,1307458,567462
75,000417,2017-09-08,0.0011547344110853786,-0.0011547344110853786,0.3082422218703849,13005.0,79414.83670998599,789,14998311,11724028,644209,728639,4997665,3879489,1352947,3274771,2067242,1575688,2273468,430899,1291680,0,433500,0,1937600,1834542
76,000418,2017-09-08,-0.012800000000000034,-0.019200000000000106,1.0471949485335383,17200.0,168549.42228950627,1746,65039329,38284674,1710161,2273997,6949505,10251925,4379914,6292151,6408488,4943010,3898069,4368953,4011261,2384455,10038829,2569618,27643102,5200565
77,000419,2017-09-08,-0.0028328611898016387,-0.0028328611898016387,0.28614809209466746,4931.5,63822.06772278003,608,8411800,6102202,295442,620359,1270360,2410410,1243911,1857828,2040715,617416,875883,268280,1063098,327909,0,0,1622391,0
78,000420,2017-09-08,0.005934718100890191,0.005934718100890191,0.12749293356090524,5424.0,51269.146508385915,699,5156124,9300278,404488,724215,1529425,2881315,1001579,1303204,1779932,1707670,0,748322,0,340680,440700,927452,0,667420
79,000421,2017-09-08,0.004213483146067398,0.001404494382022392,0.2594042298631938,4290.0,49049.705965379406,753,5650480,7485740,1222016,516903,1552959,1455418,1230403,1147404,400466,1260506,1244636,1226262,0,364140,0,415415,0,1099692
80,000422,2017-09-08,0.0016286644951140072,0.0,0.18341144688700878,16578.0,174019.13287512178,1121,35042211,34767593,757950,893935,4657450,5828661,4305817,3212801,6197910,4584588,3534165,1652681,2975834,1700358,2204736,954870,10408349,15939699
81,000423,2017-09-08,0.0022264631043256156,0.0022264631043256156,1.3956996937672255,44128.0,156575.81416553873,2029,92524165,81601337,663179,925736,8902216,10337318,15791817,13027907,22452467,18030131,14813469,9517342,10903829,6426429,3279973,2688615,15717215,20647859
82,000425,2017-09-08,0.0,0.0,0.06748022241536647,8426.0,71731.45706097341,3238,39004530,40932134,4295150,3925353,12455307,12526662,5832197,7391338,5534532,5089530,2186012,2349377,2119863,2052114,471770,889709,6109699,6708051
83,000426,2017-09-08,0.011680143755615324,0.011680143755615324,0.23884136691952754,22640.0,170169.14291390192,2175,87891183,78450816,1694107,1059556,9348646,8214330,11444463,8820295,16270159,11647983,12197151,10962966,9189914,8811292,4420030,6148455,23326713,22785939
84,000428,2017-09-08,0.0,0.001996007984031989,0.2339166111847513,10060.0,53811.61291018343,458,5958844,6999282,272860,391746,2812870,1501494,1156079,1051883,865142,2248360,526597,475392,325296,321920,0,497467,0,511020
85,000429,2017-09-08,-0.0023228803716608404,0.0011614401858304202,0.29201631171500514,8630.0,77042.71971855315,869,11974674,16363910,715854,901081,3010756,3407242,2332868,2917125,1522098,3297301,1175559,697538,1021139,2161993,863511,417692,1332889,2563938
86,000430,2017-09-08,0.010377358490566202,0.006603773584905603,0.32392261774058223,13923.0,95159.33114394444,1071,19431711,23278248,741776,829337,4835152,5158067,3698641,3739662,4497747,3905835,1603901,2779501,1093502,325725,461808,1226139,2499184,5313982
87,000488,2017-09-08,0.03626306084818687,0.026429010448678625,0.3021398258801543,48256.0,383517.5252933677,2901,210536278,278991052,1415619,1097585,13755828,11929074,13964799,17241106,23071843,28354451,15504487,26633662,17727842,15777478,15098468,18100585,109997392,159857111
88,000498,2017-09-08,0.001225490196078427,0.001225490196078427,0.18566028897998224,3294.0,48151.60356638147,1936,10911695,18802689,1188893,2825983,2917915,6551600,2510350,4968665,922442,2455013,449096,245999,334560,708394,427532,410760,2160907,636275
89,000501,2017-09-08,0.0017045454545452365,0.001136363636363713,0.3828996937079512,8850.0,93036.83574035675,2114,32168360,45929782,714585,4627196,4622949,11173970,4520591,8589732,5225472,7901149,2802384,3671569,1738350,2422946,1823822,1711389,10720207,5831831
90,000502,2017-09-08,0.02062706270627057,0.017326732673267342,0.4576109044930957,12330.0,103157.18358200893,701,9210564,14024749,551608,775653,3225346,3265431,2333793,2302302,1133336,1500977,1287341,665978,679140,1385930,0,0,0,4128478
91,000505,2017-09-08,0.04451038575667665,0.022749752720079064,0.34429855384245067,20260.0,160825.37839937463,862,16339263,44750193,404624,574676,3354242,4086847,2646607,3356717,3230363,6148245,1957693,8708675,962200,2857843,1423402,3851227,2360132,15165963
92,000507,2017-09-08,0.008181818181818068,0.0072727272727273196,0.21390813562145305,33465.0,182928.91837598072,2646,103633707,122854211,1039137,1302757,14168584,14208385,17234864,16056527,20294669,19374412,8688773,16173129,8966790,10579012,6207379,8390355,27033511,36769634
93,000510,2017-09-08,-0.04565408252853387,-0.035996488147497785,0.21032954559198427,42939.0,467318.33531645534,2938,178164869,199921096,881469,1656272,10168326,15699103,12941478,19954261,23542332,31702294,20409717,20891788,17745775,14448995,15300005,11115112,77175767,84453271
94,000513,2017-09-08,-0.01283357099205551,-0.015889183133021012,1.3826056701353613,24427.5,182217.6480406012,1260,54352709,43501973,1214054,1311448,5629742,5731070,6122606,3828287,8194640,5177614,9270740,14262409,5749972,3484665,1876256,2820025,16294699,6886455
95,000514,2017-09-08,-0.0037735849056603765,-0.0037735849056603765,0.23443299831600692,14256.0,87352.88829892785,1150,25007781,17196805,1150928,968067,5264555,5990244,4898856,2635523,4915336,3234200,3076655,1837025,1093824,726596,442169,482510,4165458,1322640
96,000516,2017-09-08,0.013307984790874583,0.015209125475285079,0.1303049007538363,17737.5,195232.8759034252,1632,43988496,71316714,1123028,1120828,6278386,7179324,5988903,6943671,7228392,13037089,7834451,6401887,1971256,3218446,2284580,4868485,11279500,28546984
97,000517,2017-09-08,0.004566210045662267,0.004566210045662267,0.11704520648257673,4390.0,70673.19712050565,1404,16617541,16244051,1258418,1116805,5175636,5312392,2530490,2093742,1899381,1990080,2383422,2072769,1278848,1437469,874000,406847,1217346,1813947
98,000518,2017-09-08,0.003826530612244916,0.0063775510204080454,0.27624358725871345,11730.0,54805.42650086744,805,9896032,13011900,618208,963384,2582406,4891307,1836448,2720765,3037396,1028884,703309,1455060,1118265,339768,0,467280,0,1145452
99,000519,2017-09-08,0.006250000000000089,0.00267857142857153,0.2675145568259484,13524.0,74579.5133840174,1753,36678259,33377917,1348971,1285434,8217395,8586518,5661328,6766091,8700697,7717763,3890089,4270245,2455338,2157769,1358072,877946,5046369,1716151
100,000520,2017-09-08,-0.0036363636363635488,0.0,0.17370641531733108,8816.0,46330.21018537158,1003,13883792,10797335,947631,988252,4276239,3458388,3204297,2062392,2754456,2625773,1190800,1150480,1070369,0,440000,0,0,512050
101,000521,2017-09-08,-0.0016949152542373724,-0.0016949152542373724,0.18529598605835598,1771.5,46753.43296309145,1014,10003641,5700292,927954,616294,2347452,2027388,1292285,1342067,2242591,353219,704864,456503,1038205,339825,861290,0,589000,564996
102,000523,2017-09-08,0.0,0.003089598352214118,0.401514588604294,19480.0,72923.36553122805,584,9196282,13203586,563508,558853,2873968,4380711,2195739,2403029,1702066,2800222,205639,1497416,320760,368980,828263,0,506339,1194375
103,000524,2017-09-08,0.02865761689291113,0.02639517345399689,0.3713059305426352,17472.0,74519.91325392837,1275,21128205,32421872,803214,1050151,5974366,7329176,4782860,5721147,4074905,7126950,2913009,3487865,698950,3606764,428904,2250849,1451997,1848970
104,000525,2017-09-08,-0.002262443438914019,-0.009502262443438991,0.44962125924786905,13278.0,124720.3360561119,2418,72370156,64272802,1205358,3269468,8471018,9193663,9171698,9130506,13491679,15218970,9295397,11295421,7227158,6523814,5852134,3075868,17655714,6565092
105,000526,2017-09-08,-0.005747126436781436,-0.0022988505747125743,1.3480262361289006,17372.5,88565.02512639822,666,14263652,11181957,461294,420142,3648280,3305862,2107065,1955809,2442390,1582269,1920095,775888,1749618,1050000,0,404028,1934910,1687959
106,000528,2017-09-08,0.0011013215859030367,0.0033039647577091102,0.17862727533121472,5471.0,110137.65796934222,2589,40543048,35481361,1803115,2757048,5472911,11014425,5199639,8146522,4569997,5811489,3534080,2657033,945041,1010641,2265144,404430,16753121,3679773
107,000529,2017-09-08,0.004602991944764101,0.004602991944764101,0.3010266704634911,6111.0,53788.062456025466,833,7007869,9374120,504042,2080163,2062486,2206888,1234944,2251896,1325233,813085,250412,247932,325754,626236,434999,0,869999,1147920
108,000530,2017-09-08,-0.0039011703511053764,-0.006501950585175664,0.21676009535896812,14478.0,85228.39439811197,1259,31061395,15591046,1240559,1151780,7026886,4598510,5236469,3676328,6288255,3353733,3142126,732990,1684765,1005305,1398350,0,5043985,1072400
109,000531,2017-09-08,0.0011261261261261701,0.0022522522522521182,0.4033059227238622,8920.0,31218.09816665766,484,4386953,5859184,441217,598963,1235277,3580660,1081484,1148976,1196921,530585,432054,0,0,0,0,0,0,0
110,000532,2017-09-08,0.004415011037527616,0.003679175864606421,0.4654764734437976,13800.0,47515.65067620822,852,11780091,14073218,803695,635782,4077832,5244307,2869677,2928143,2738337,2468574,952160,869154,338390,1027904,0,899354,0,0
111,000533,2017-09-08,0.000970873786407811,-0.002912621359223433,0.49455490901153165,14378.0,239338.94175682392,433,18122519,11177940,279566,264457,1863989,2404703,1527982,868724,1832588,720151,1902018,1186966,0,673139,420042,432600,10296334,4627200
112,000534,2017-09-08,0.009150326797385588,0.01699346405228752,0.44600135388134493,18096.0,176946.38310855554,1178,37320844,40071879,787265,736529,4467614,6639682,3734931,4795161,5588012,7369179,3385629,4309782,3973988,4677168,1377255,3632146,14006150,7912232
113,000536,2017-09-08,0.00522648083623678,0.00522648083623678,0.20254310720682833,7475.0,69881.22613158851,803,11198927,11660082,729289,673874,2083361,3944415,1960508,2230886,1903820,1895904,2812474,1725945,386975,664738,0,0,1322500,524320
114,000537,2017-09-08,0.0,0.007650273224043769,0.2506780418941324,5520.0,105642.25397784085,1333,28612168,16584001,1845660,670439,5399342,3372007,3637349,2901828,4097932,3338478,3274684,2319699,1453382,624615,889389,1365791,8014430,1991144
115,000538,2017-09-08,-0.004162330905306932,-0.0004624812117006716,2.243154287157573,17328.0,181695.0386195483,1486,45688487,53692126,1554355,1505136,7944234,7362384,6305047,7133550,7175940,7533561,2621643,2450219,2638515,2454555,3487490,3511921,13961263,21740800
116,000539,2017-09-08,0.005565862708719838,0.007421150278293043,0.16465904523151273,5973.0,179767.98573403136,1073,14784023,26516695,567645,2415674,2078570,4525019,1184217,2115231,1025096,2527792,1216750,1912329,0,1639399,485985,870923,8225760,10510328
117,000541,2017-09-08,0.004395604395604602,0.001098901098901095,0.2432679591499456,10515.0,62507.91980654864,1400,17886134,21663825,1167932,1863537,5961353,8327957,2866579,4376250,2943159,2107833,2892788,695870,359722,1432122,874743,469908,819858,2390348
118,000543,2017-09-08,0.0,0.001776198934280604,0.1780060000162365,11823.0,115145.82289241269,1001,20713505,20385554,969335,570758,2130949,10266070,1753414,2852361,1662424,2840397,2977082,2029952,1075436,666029,0,428087,10144865,731900
119,000544,2017-09-08,0.0022740193291641564,0.0017055144968733948,0.5561695205600538,17640.0,120658.6939227294,1000,21528762,26887697,668001,994648,4551627,4850721,4938010,4159738,4355814,4690782,2278895,3489910,1999952,1379476,420000,426465,2316463,6895957
120,000545,2017-09-08,0.030254777070063632,0.028662420382165488,0.12052918581700821,31017.0,256776.26835771068,2722,102688765,154787059,1533107,1531565,12578982,12578512,16013956,14111968,21011598,22396669,9516976,13952482,11525646,13843717,8915102,7051204,21593398,69320942
121,000546,2017-09-08,0.01721311475409837,0.01721311475409837,0.4123926339679085,6210.0,93133.2151591738,876,10838861,13813110,725634,1382405,1887043,2588419,2457601,1775541,1325377,2130928,781872,1192147,724744,739855,0,0,2936590,4003815
122,000547,2017-09-08,-0.01191489361702136,-0.01191489361702136,0.2362409750233136,23470.0,241906.11060809912,2476,120308250,75508292,1645746,1350509,12953880,11068075,12568118,11088985,17607077,14137839,12841713,9551389,9892289,8715761,5743201,3408683,47056226,16187051
123,000548,2017-09-08,0.006305170239596647,0.006305170239596647,0.269877467644095,6416.0,54042.72486345078,863,10720613,10038647,629887,1012889,2723868,2709374,2607554,2651270,1596022,2046386,553122,1178979,1391934,0,440000,439749,778226,0
124,000550,2017-09-08,0.007049345417925457,0.004531722054380571,0.5839424291283108,9927.5,72043.3326374448,1156,12984863,16489227,999945,1527061,3198035,6156982,2059866,2211722,1902599,1933764,1874336,0,711890,643402,958872,832954,1279320,3183342
125,000551,2017-09-08,-0.0010626992561104665,0.0010626992561104665,0.36606331400764397,19740.0,87818.98495498346,660,15527891,15725324,512640,659646,2438457,4020987,2395629,4458399,4052504,2777959,1963378,1387370,1055212,0,904712,0,2205359,2420963
126,000552,2017-09-08,-0.00704225352112664,-0.00704225352112664,0.07611576158311555,5088.0,213414.0319559235,3156,54384060,96119893,1915521,3172972,7387662,12489278,6884812,9274080,6767563,10978034,6232589,9695235,7066256,6698966,3986551,7030495,14143106,36780833
127,000553,2017-09-08,-0.010563380281690016,-0.004929577464788615,0.5053047486527047,14270.0,69043.61975238795,789,17436900,11933290,755330,548373,3349644,4175665,3349751,2708836,3495142,2483956,2985728,1047568,643120,968892,841536,0,2016649,0
128,000554,2017-09-08,0.028462998102466885,0.012333965844402384,0.2295118382797761,26325.0,142371.9722594606,2111,74000918,78683524,1357150,1124707,9725103,9787130,10749497,11224171,14811234,14389987,7715485,8926511,7116945,7417394,4924712,5821177,17600792,19992447
129,000558,2017-09-08,-0.0029325513196482023,0.0,0.18733086443961197,10200.0,63324.03786280045,1326,22239220,16206068,1420439,1020901,6918892,4095347,5218593,3031419,3465106,2844890,2262759,1516576,1476920,1014848,0,1283613,1476511,1398474
130,000559,2017-09-08,-0.0009469696969697239,0.005681818181818121,0.2567711201213325,17136.0,143741.9470184557,1692,54892537,40974504,1614670,997793,8688897,7254252,6921948,4681410,11238734,6715723,3536799,4038264,3988578,2537962,2707296,918181,16195615,13830919
131,000560,2017-09-08,-0.03906249999999989,-0.04774305555555547,0.21540445211636045,40176.0,253971.36709491568,2869,184660252,132240082,962607,1365920,11866378,13529088,15788918,18002814,25594415,27557798,23113148,15631569,12638076,11068216,15001338,6879049,79695372,38205628
132,000561,2017-09-08,0.0,-0.005893909626719096,0.3384976401116959,11132.0,126300.13568403193,904,19599205,13982100,556340,743508,4252765,4718949,1593497,2184299,3865457,1379469,1229743,1187143,679287,305515,860317,476580,6561799,2986637
133,000563,2017-09-08,0.0,0.0036832412523020164,0.14298008113810481,8190.0,137941.1986890289,1444,27823769,31319475,910549,1922792,4124216,6024789,3726614,3111033,4040552,4969173,2998218,3723272,1118763,2001328,1730270,1363518,9174587,8203570
134,000565,2017-09-08,-0.0041972717733472775,-0.0020986358866735833,0.33743780381652067,9520.0,63123.81703692932,797,13142384,8509800,875681,1074109,3469934,2832100,2695364,1808010,2817324,1958940,727990,0,0,383507,1414191,453134,1141900,0
135,000566,2017-09-08,-0.000768639508070712,0.002305918524212025,0.5334500104067113,13110.0,647276.1566104585,594,11565135,30911691,358994,598621,2074622,3139516,2272315,2276887,3637103,3923467,1520883,1710102,0,705780,434818,0,1266400,18557318
136,000567,2017-09-08,0.03807692307692312,0.03961538461538461,0.6239595727978012,23850.0,104945.6612694467,1737,40157804,54239331,1228462,879130,10398295,6953899,7776517,8370200,9522950,11716170,4365913,7791998,1082806,2447486,1331434,4349937,4451427,11730511
137,000568,2017-09-08,-0.028463713477851038,-0.02639019792648445,0.9612468798962177,57530.0,406932.3638765427,3046,274711962,236646166,675207,858859,8707360,15614782,17173539,24462969,30030044,31271531,25842834,26450260,23201697,19017488,11576526,15515293,157504755,103454984
138,000570,2017-09-08,0.0,0.0013422818791946067,0.3773201976028961,8964.0,58873.70058526379,389,6226005,5653163,267123,493627,1887716,1158068,786203,1004792,1453194,1817680,1469441,210654,362328,394692,0,0,0,573650
139,000571,2017-09-08,0.004120879120879106,0.0013736263736263687,0.2145998800199992,7300.0,79321.69477795181,1151,19099028,15196087,668603,1330843,3166117,4526822,2284780,2758865,3318698,2722772,2764613,1144551,2085824,386900,897099,1771994,3913294,553340
140,000572,2017-09-08,-0.0040567951318457585,-0.006085192697768638,0.16611589734004586,9820.0,70624.51860169198,881,14730093,9391221,1052602,902419,2725038,4670992,2189563,1775275,2238583,673003,2090516,1008656,343700,360876,907721,0,3182370,0
141,000573,2017-09-08,0.0181818181818183,0.014876033057851235,0.1802639017658738,12747.0,104972.66958912589,1127,20840947,21482739,1157015,788848,3620836,7248085,3343741,3971196,3137465,3147263,1391743,1246088,2014250,616824,424200,965344,5751697,3499091
142,000576,2017-09-08,0.002402402402402526,0.0018018018018017834,0.8601276018996589,16755.0,36317.49482086256,374,3933883,5600222,198108,403325,1524864,3567017,612862,1192279,796334,122201,448135,0,353580,315400,0,0,0,0
143,000581,2017-09-08,0.0019755037534572306,0.000790201501382759,0.5255673642957615,22833.0,135756.1934575358,2319,77419004,65968492,898510,2020263,9673206,12990239,10020958,11864362,13888839,14386278,10919111,7980640,4739458,3334135,4850802,3120159,22428120,10272416
144,000582,2017-09-08,0.012668918918918859,0.010979729729729826,0.3717096241844158,11960.0,60991.60767330853,1014,13865950,18305022,877272,855649,4629724,4926735,2245056,3684190,3057237,3339889,1582645,2131197,745632,1097422,0,1744778,728384,525162
145,000584,2017-09-08,0.0,-0.00422535211267594,0.461585887695547,28320.0,201664.68649017473,947,52402940,36712684,533600,610795,5474482,3446311,5006172,3677885,5534704,5035766,6084676,4992002,2107469,3101894,3640361,4340502,24021476,11507529
146,000586,2017-09-08,0.008759797141539849,-0.002305209774089434,1.0891930690559046,10737.5,110286.79347469956,396,8919130,9039530,394283,233580,1500005,1211277,1021932,964540,1913581,764502,975932,1520420,345600,1106760,871872,925072,1895925,2313379
147,000587,2017-09-08,0.01146496815286624,-0.007643312101910826,0.2572495984958165,6256.0,428557.80560440815,931,29820281,11243779,1049175,985271,3715086,2409087,2381649,1493358,2181527,1429534,1659522,409512,2046076,626340,899532,482658,15887714,3408019
148,000589,2017-09-08,-0.007005253940455369,-0.007005253940455369,0.19804827778246176,11380.0,84452.72657569876,831,20263414,8710149,835540,633544,4323175,3213660,2913945,1831287,3243515,1787672,2265405,450300,723799,346236,895635,447450,5062400,0
149,000590,2017-09-08,0.012836185819070867,0.02689486552567244,0.6253978481349542,16820.0,103174.15917746109,684,12797645,21406213,459436,517436,3443736,3676032,2436551,3153044,2506155,4150379,1095802,1850802,0,1386379,1328726,953600,1527239,5718541
150,000591,2017-09-08,0.006861063464836947,0.006861063464836947,0.14244453052226005,4119.5,136491.38019444435,1678,26547320,27525345,659423,2480836,3650105,5496704,4540800,5067413,3806252,4450455,8251818,2420640,1336227,725266,0,406204,4302695,6477827
151,000593,2017-09-08,0.05179282868525914,0.033864541832669515,0.3258770533188829,15540.0,180046.90489653635,949,16851667,29326092,700196,628145,3773096,4786021,2861852,3701616,3707596,5582699,2715396,3430089,308728,3807885,450492,944581,2334311,6445056
152,000595,2017-09-08,0.0035842293906809264,0.0017921146953405742,0.13715938870861913,12452.0,92084.5840921862,1658,31592091,29987413,1424743,1204255,8367830,6292919,7840195,5045102,5905463,5556901,3519078,2606087,1782130,1372381,865701,3063931,1886951,4845837
153,000596,2017-09-08,-0.0072289156626506035,-0.005421686746987842,1.3546995931649761,19856.0,137029.6888638866,1351,44888668,29191248,1114842,2349382,4864270,7961519,6503149,5503531,6370201,5780169,5790749,2661832,3541076,1365003,3197785,1469028,13506596,2100784
154,000597,2017-09-08,-0.005424954792043413,0.0009041591320071429,0.33632494070517904,17728.0,151248.29630281776,1081,30770626,28100118,638653,906739,4243913,6222698,3318524,4700941,3423436,6286471,3410855,2931057,2441599,1026968,3539457,847472,9754189,5177772
155,000598,2017-09-08,0.0,0.0017605633802817433,0.12971884869181427,3408.0,125685.5846555276,1922,25856714,26162726,1459634,2446474,4854024,4160166,3301953,3412323,3079197,3795153,991426,1704370,710536,1117142,449064,2643048,11010880,6884050
156,000599,2017-09-08,-0.004464285714285587,-0.004464285714285587,0.2359060861615218,12749.0,121090.75376634083,811,17926938,11317814,630497,825453,3714295,3282724,2860189,2968287,2312132,2400695,907744,474865,1025482,1365790,0,0,6476599,0
157,000600,2017-09-08,-0.0024252223120452276,0.0008084074373484462,0.24344445774360304,37530.0,309563.53790776304,2584,176429017,145516193,1282421,1131620,12786413,10634610,15413328,14688468,27404029,21086839,15364462,17687645,12980649,9659354,10403825,8290481,80793890,62337176
158,000601,2017-09-08,-0.003984063745019917,0.0,0.28227215498136876,7530.0,63912.17695058192,711,12082577,7712394,869375,532263,2526268,2448902,2184452,1013565,2704338,1197920,1190190,1416052,1054243,358222,409840,0,1143871,745470
159,000603,2017-09-08,0.015467383994619999,0.00672494956287828,0.4176658554130991,14990.0,105041.50643622219,1268,27588793,25349282,1246734,908676,4747143,5809593,4375402,4631223,6309889,5105411,2564910,1526502,2954857,3630387,2281515,1349104,3108343,2388386
160,000605,2017-09-08,-0.0031055900621118626,-0.005046583850931818,0.6216287602810202,23067.0,132348.31176427938,1717,49660597,40556009,1237348,706855,9381733,8671930,9786612,7768969,7216784,8077751,5523172,4750113,1846281,3409496,1745116,477090,12923551,6693805
161,000607,2017-09-08,0.0,-0.0026281208935611255,0.27964613550520395,14459.0,66932.91862757568,740,15737212,10021745,701642,674296,3332659,3620924,3381114,2314428,2905508,2060428,1641487,222504,1320302,673165,456600,456000,1997900,0
162,000608,2017-09-08,-0.0109439124487003,-0.0068399452804377425,0.31705370039206154,3640.0,98291.65040502444,531,10296190,3497175,758243,309673,1546629,996320,1121638,843879,770879,308167,433292,675136,0,364000,0,0,5665509,0
163,000609,2017-09-08,0.0038885288399221896,0.005832793259883395,0.4583450069812386,15570.0,69471.86035181781,1133,19285316,25183062,751408,1031086,5811482,5969340,5353404,4013710,3894611,4848095,2429241,2192271,1045170,3131968,0,927342,0,3069250
164,000610,2017-09-08,0.008326394671107407,0.007493755203996644,0.28447734798700197,6050.0,52078.64635257362,1783,22091632,19607643,2545323,924884,6321318,5163372,3575403,4780119,4900934,4609514,2519522,981496,328848,1690338,0,905407,1900284,552513
165,000611,2017-09-08,0.008423586040914532,0.004813477737665384,0.3285906455958666,14228.0,93595.33791639203,639,10870832,12506045,418771,597125,3002647,4025970,1822395,2012460,1211788,1966296,1398799,971693,0,0,454840,0,2561592,2932501
166,000613,2017-09-08,0.017801047120418856,0.017801047120418856,0.2564092390033149,15391.0,180931.34368461117,1387,32997978,32745661,1415305,1341986,6169872,6762966,6883535,5623504,5017258,4070725,3744857,2790785,1060206,2863536,479000,2674809,8227945,6617350
167,000615,2017-09-08,-0.03776223776223786,-0.0006993006993007977,0.2789788928225035,31592.0,150550.03979647014,2629,111708969,84395661,1161632,1214741,12781616,13510112,17243021,15915052,27010255,17760545,13265970,9552894,8045191,7753153,6625702,4467326,25575582,14221838
168,000616,2017-09-08,-0.0044345898004433115,-0.0022172949002217113,0.16645040601427916,9439.5,91314.72266840216,734,18165908,10257570,738611,700760,3183718,2439642,2252085,1352039,4745269,1568651,1349808,1649200,302626,1116298,2207042,831130,3386749,599850
169,000617,2017-09-08,0.0011481056257174327,0.0,0.583048119771786,7023.0,45097.83675401081,893,11674884,10051006,659630,1027664,2899713,2820850,2880215,2510112,3348002,2284549,1199040,726045,688284,681786,0,0,0,0
170,000619,2017-09-08,-0.005091649694501044,-0.005091649694501044,0.32779232914849654,11747.0,72758.21367584434,897,22035585,9646510,1064603,1144990,4921354,3152132,4639380,1818588,4311351,2150534,1616293,210790,2112179,317520,462087,851956,2908338,0
171,000620,2017-09-08,0.01869158878504673,0.020026702269692942,0.19168317475976135,6000.0,87618.97040366226,1531,14627917,25326996,1157132,2473771,4121860,5465530,2510422,2598529,2944393,2831583,723211,1240179,1092393,749648,408044,1390306,1670462,8577450
172,000622,2017-09-08,-0.00648298217179899,-0.0016207455429497752,0.19774094153040236,8694.0,60056.463182571686,974,16305651,7759765,1178681,546759,5099470,3091128,2823668,1640903,2139278,672044,1288263,207080,698670,369583,1391892,480762,1685729,751506
173,000623,2017-09-08,0.001320422535211252,0.002640845070422726,0.5225447676874808,11410.0,154484.01076433345,1890,58056318,46073286,1008758,2503601,5941540,9631983,5334477,5847165,6074963,10504444,8145417,4307986,4908107,3558123,4932806,2781808,21710250,6938176
174,000625,2017-09-08,-0.007288629737609464,-0.006559766763848396,0.3116637333844965,19068.0,784471.7428645046,1938,118622175,62970316,1280290,1795763,10715944,8612828,9719982,6483582,12037972,8643837,5749648,5570710,672945,1687376,4854473,2264937,73590921,27911283
175,000626,2017-09-08,0.01282660332541563,0.015676959619952413,0.47407160778159646,40926.0,236014.57663867722,1974,122102717,107925114,783062,730493,9263563,8881948,9533190,8559691,19671976,17173214,13258543,14485879,9662065,9283104,7078880,10724844,52851438,38085941
176,000627,2017-09-08,0.004192872117400492,0.007337526205450695,0.1816447337894069,22800.0,136014.2924867227,2762,89943661,89840311,1708291,2057583,12456517,13865787,13216591,14109376,19588378,16685915,14488626,11147868,6121334,6656108,4427209,6159349,17936715,19158325
177,000628,2017-09-08,0.012287334593572785,0.01417769376181477,0.30544087796258634,18275.0,87531.60943331779,1200,23378832,28433723,882015,826486,6270592,5460889,6620659,4610591,6030527,4959688,2259932,2812740,1315107,2824778,0,837871,0,6100680
178,000630,2017-09-08,-0.006309148264984188,0.0,0.06025650597606057,19840.0,337234.9812409864,2798,157679882,167454593,1988963,1915999,11731516,12026470,9081118,10380859,12931674,13040170,12991762,8854319,26881470,16703146,8899841,5385478,73173538,99148152
179,000631,2017-09-08,-0.0024630541871920597,-0.004926108374384119,0.08548576494607314,3224.0,86004.77683383945,2263,24739044,15760803,4925746,665531,3589739,3830725,2078184,1767476,2738370,2732955,1992233,1991545,1405102,1065720,858709,499365,7150961,3207486
180,000632,2017-09-08,-0.004709576138147598,-0.0015698587127158659,0.2802539314439287,12660.0,62555.253829109366,516,9197816,6341218,517382,478896,2767714,1916245,1310764,1400663,1121254,1246657,1037479,218538,1731731,677631,0,402588,711492,0
181,000635,2017-09-08,0.0067708333333333925,-0.009375000000000022,0.42306578028048986,24823.0,133566.84653862315,2060,64883506,64356900,1251202,1663863,10059091,10701447,10330926,12510956,14580211,14432274,8864701,6637847,6440839,4153349,4438046,3968010,8918490,10289154
182,000636,2017-09-08,0.015306122448979442,0.009183673469387754,0.17881906369214237,49950.0,250356.4249191055,3008,166250883,205569187,1536994,1223914,13390433,12351138,20159674,17527421,33541653,32225853,17571082,22784319,16926552,21367156,10819565,13828992,52304930,84260394
183,000637,2017-09-08,0.0070224719101124045,0.004213483146067398,0.23391930665637456,7140.0,58078.262253959394,926,10341616,11059221,370388,1254561,2574671,3746701,2228385,2339331,1655628,489762,2327584,0,364140,1794632,0,400557,820820,1033677
184,000639,2017-09-08,0.0004761904761905189,-0.0004761904761905189,0.6549394186913959,10450.0,61093.05093663626,1028,14773682,11695756,768415,712210,3975631,3951688,2226657,3384694,3851862,1027584,1871102,1118349,315300,349531,0,418800,1764715,732900
185,000650,2017-09-08,-0.0016835016835018424,-0.0033670033670034627,0.20628579518994064,11840.0,124854.23483680445,829,19042406,14805658,880781,764608,2751311,3671464,2122652,2439529,2622599,3298853,897435,2247608,308649,0,967920,0,8491059,2383596
186,000651,2017-09-08,-0.01618037135278516,-0.01511936339522546,0.6285788998939188,303426.0,1446669.1642045635,3597,1342836598,1000852691,22482,14962,3052957,1933570,15721440,10766921,58276817,44314836,64763659,60564590,61440527,54734863,75412617,66313352,1064146099,762209597
187,000652,2017-09-08,0.001872659176029856,0.001872659176029856,0.1666551342690952,6968.0,96321.25988797043,1027,16739514,16702288,993423,1195479,3015056,3463850,2264403,3361051,2006666,1926973,1768398,2033939,2009286,1355081,1348440,0,3333842,3365915
188,000655,2017-09-08,0.022222222222222143,0.017777777777777892,0.2033728241989505,25690.0,129536.79574945637,1960,55711525,76469417,1506422,1242664,9918112,8845708,9813867,11022879,9847827,14702596,7639447,13407519,8434894,7125369,2617122,6510697,5933834,13611985
189,000656,2017-09-08,-0.003968253968254065,-0.003968253968254065,0.1053355403101652,20541.0,253661.78041050863,2298,89695269,66568224,1264030,1633968,12045562,10385925,10922187,9393348,10517325,11273891,8844239,8166239,4299646,2553626,5832861,1752179,35969419,21409048
190,000657,2017-09-08,0.04891684136967145,0.0475192173305381,0.2627232755470261,39000.0,303600.1199372909,2975,131270472,233589274,1202002,1673628,10791705,13890654,18914330,17626858,21981553,27453995,13581715,16706640,11923640,18163643,10012793,12376342,42862734,125697514
191,000659,2017-09-08,-0.002481389578163906,-0.007444168734491385,0.14460351855911271,9269.0,177424.82775049712,777,23780228,12636032,673071,618020,3136752,2580813,2697020,2180677,3783839,1910941,2384181,1865745,2464435,375467,410060,1700869,8230870,1403500
192,000661,2017-09-08,0.02983036227717073,0.031699252443933235,3.2904052406188673,42930.0,412203.2408853521,1788,112965180,155961806,32716,16079,10607497,8402435,10413877,9083970,13105593,15317255,12100964,10632196,8152524,11785944,7347740,7918529,51204269,92805398
193,000663,2017-09-08,0.002089136490250665,0.0034818941504177747,0.6048179498950327,14450.0,73626.07524463389,563,9462966,13299032,436679,448748,3029463,2136289,1862816,3054794,2085910,3039865,216150,3195848,342482,394212,0,0,1489466,1029276
194,000665,2017-09-08,0.0032626427406199365,0.004078303425774976,0.5043916610295749,8631.0,65547.46975661184,590,5228630,8823977,418179,622268,1692475,3297826,1245287,1405462,1038645,882048,484724,715915,349320,0,0,0,0,1900458
195,000666,2017-09-08,0.008141112618724522,0.009497964721845387,0.5057830441069168,13356.0,134006.13084749383,1911,39764099,56728664,968700,2337076,8706029,8052052,6136007,6432283,7279879,8016262,6541588,8335466,3774782,3162146,2748625,4914341,3608489,15479038
196,000667,2017-09-08,-0.005813953488372103,-0.0029069767441859407,0.07552931812398984,7935.0,189380.97186005127,2087,71125979,35062300,2820582,1061605,7996985,6684917,6186559,3672568,6425821,5300574,3390388,4690186,4895298,5084306,2658133,2669958,36752213,5898186
197,000668,2017-09-08,0.005714285714285783,-0.011428571428571344,0.8323325906210094,10500.0,161579.57700694914,442,12353306,8947250,525375,283964,1361822,1809689,1329427,939098,2005430,1083278,1558567,861926,712609,659450,0,403095,4860076,2906750
198,000669,2017-09-08,0.001814882032667775,0.003024803387779551,0.5171374135509471,11592.0,62901.47652748567,1021,16396261,15861841,956617,1325920,4445849,4131181,3240538,3183760,2878970,3002974,1423472,2871248,331400,323131,1372774,490767,1746641,532860
199,000670,2017-09-08,-0.025411061285500858,-0.02840059790732441,0.12064152484123886,32650.0,201400.1820974765,3084,145200377,101937769,1819280,1503459,15208673,13942621,21187058,16801309,31136095,22114711,22179994,12371327,13324257,5507400,6856280,7930577,33488740,21766365
200,000671,2017-09-08,0.00589101620029453,0.019145802650957222,0.12420975857093629,56010.0,457511.2613111283,3002,286742476,299973359,1266582,1264975,10780628,9582085,16560917,14063380,30013834,31133319,25528045,22405845,17843181,24433148,15147233,17664216,169602056,179426391
201,000672,2017-09-08,0.0038647342995170586,0.0038647342995170586,0.2193445920440823,20670.0,174964.7906907601,2228,56464857,50307298,1293344,1407924,13419340,11149380,11520740,8309839,11967205,10388016,7321909,5095584,2082345,2639032,899382,900843,7960592,10416680
202,000673,2017-09-08,0.0037509377344335793,-0.006751687921980443,0.3989261124522013,31038.5,154499.83054948624,1118,57610952,33006117,491078,529338,3796241,4430693,3667254,6160846,22739940,9792426,4347844,4269125,4269136,3113905,1824972,973560,16474487,3736224
203,000676,2017-09-08,-0.015203870076019421,-0.012439530062197779,0.336803294501986,7220.0,84207.85711038759,1847,36637063,21591076,2229201,1139376,6342149,7171120,5777099,4996829,6894857,3227391,4953894,1123378,1958991,304080,911530,938218,7569342,2690684
204,000677,2017-09-08,-0.014028056112224463,-0.008016032064128265,0.16989502506162388,15407.0,68276.13176740277,863,21253842,10528576,828167,690551,6012733,2640001,5316523,1952581,4525001,2639741,1721149,510838,1791323,1001680,486080,0,572866,1093184
205,000678,2017-09-08,-0.010123734533183382,-0.012373453318335392,0.36269573872446986,8840.0,40448.79370009274,600,9287741,4595088,789553,663642,3268980,2132665,2473442,813455,1139146,695806,540320,289520,1076300,0,0,0,0,0
206,000679,2017-09-08,0.0,-0.002139037433155022,0.422922407686414,9350.0,86571.72305207934,488,7985427,6466527,393583,644497,1765778,2199821,963641,1802977,1744994,1074136,672953,427536,0,317560,0,0,2444478,0
207,000680,2017-09-08,-0.005008347245409106,0.0,0.16015231891890308,12020.0,82517.16670774252,1400,29550063,23860447,1270578,1232569,5785986,5368908,6173701,4703363,5743832,3331926,3491466,1287595,3625355,3732861,1351384,877065,2107761,3326160
208,000681,2017-09-08,0.006955591225254132,0.009095773140716856,0.3970756857364863,18570.0,112962.39896567013,2230,54993193,61470899,1402417,1303956,8674908,14024401,7286803,8348879,10363221,16764449,5346845,5374924,2884747,3802392,3140906,3480497,15893346,8371401
209,000682,2017-09-08,0.0076045627376426506,0.0038022813688214363,0.21756459839668618,8993.0,54650.09437377036,584,8787384,6349652,640483,394629,2271790,1722249,1461376,2509179,1663952,1051396,485336,0,712972,672199,495475,0,1056000,0
210,000683,2017-09-08,0.0031055900621117516,0.0031055900621117516,0.06887469348455136,12960.0,154188.76818918975,2204,48417645,60981782,1545783,2294718,8496362,11061246,6505449,6888082,7467088,9104948,3186261,7209386,4435017,2795470,4125569,1758832,12656116,19869100
211,000685,2017-09-08,0.0027522935779815683,0.0009174311926605228,0.28011872565941787,5450.0,103688.20459888296,1514,23693836,21535663,757747,2434421,2765123,4663044,1948407,3999389,4099524,4176971,1413170,1787361,1660304,690144,1342034,860071,9707527,2924262
212,000686,2017-09-08,0.0,-0.0009389671361501595,0.2254514320568384,14938.0,224370.51120383458,2233,88265694,74296705,1396390,1644124,7494900,10602850,5589798,8335589,12110404,11691622,8225017,6792882,2660569,7211467,4875079,4412242,45913537,23605929
213,000687,2017-09-08,0.008888888888888724,0.001481481481481417,0.3439169930259282,20325.0,101686.1906735907,1541,40727118,33819270,1143494,1147499,7827363,8761608,6191905,7044543,9268030,7555906,4424332,3238254,2913870,1147623,2134998,1731999,6823126,3191838
214,000690,2017-09-08,0.008793969849246075,0.002512562814070307,0.23860478118505277,20930.0,127711.76029100797,1113,38791911,33512924,884561,948662,5371022,4743463,4698336,4653888,7909954,6723275,5199711,6044754,5923801,2050014,1635303,2643362,7169223,5705506
215,000691,2017-09-08,0.006720430107526765,0.0,0.46876147626465153,11145.0,65757.78745165213,251,3683600,4945075,277761,233267,1171879,595136,796260,1153108,563768,2054095,0,0,369500,0,0,909469,504432,0
216,000692,2017-09-08,0.0,-0.0014430014430013571,0.29868980260688643,8983.0,55809.349431563125,538,7640729,6668512,335065,869831,1974025,1754517,1221031,1867553,1854486,992733,262128,484842,1078510,699036,915484,0,0,0
217,000695,2017-09-08,0.033591731266150004,0.021533161068044704,0.45099943271854226,10597.5,96348.29349768897,662,7938618,13470386,395392,610827,2495591,2815598,1495147,1842634,1832909,2614433,975169,780040,744410,0,0,430560,0,4376294
218,000697,2017-09-08,0.05411764705882338,0.06000000000000005,0.45659809698472525,95847.5,499935.52975391265,3126,351290867,441275954,774647,620597,11449874,9047699,17172398,13808708,39625416,32934776,33324717,27436961,28604833,28237342,13568464,27757459,206770518,301432412
219,000698,2017-09-08,-0.012820512820512775,-0.002849002849002802,0.2476715447099564,14100.0,109561.22855976096,803,21128135,16106108,618181,802414,4298976,3944125,2823473,2135891,3028824,2003561,2087659,977058,2378731,772358,3586891,888268,2305400,4582433
220,000700,2017-09-08,-0.006915629322268413,-0.0055325034578146415,0.2003939952796498,13041.0,96717.94476885053,1302,32368776,18907234,801450,1591476,5156229,5928799,4185428,3932855,8621297,2721125,3831464,1905444,1045507,1671335,2167030,433200,6560371,723000
221,000701,2017-09-08,0.002295332823259333,0.004590665646518888,0.3841344665050796,13150.0,72370.38575162648,1157,24405697,22480092,855176,960717,5392340,6278298,4697063,4652857,5635051,3703035,2482960,2634437,2038711,747716,2204796,1741379,1099600,1761653
222,000702,2017-09-08,-0.005102040816326592,-0.0071428571428571175,0.1851234495443867,24631.5,228021.66591720184,2806,121610485,76501644,2348173,1549720,19693495,10251229,17892932,11834594,23750479,10593213,12842316,6818492,6433165,2793856,6769380,3038811,31880545,29621729
223,000703,2017-09-08,0.0030413625304135383,0.0030413625304135383,0.41905608875626316,8267.5,102993.81265030328,1540,21005491,30164982,843940,2939631,3957122,8682396,3105344,2938207,2658797,4483168,2187538,2020527,1379289,1474652,929609,1475399,5943852,6151002
224,000705,2017-09-08,-0.007722007722007707,-0.0028957528957528345,0.3684593745413323,3627.0,29353.949438176987,790,6313605,5222021,459030,735854,2244961,2414102,1525814,1291256,1186971,780809,501459,0,395370,0,0,0,0,0
225,000707,2017-09-08,0.006858710562414272,0.004115226337448652,0.275053146366349,13860.5,71535.91297750844,702,12285175,11786168,701985,592970,2859288,3406400,2130985,2378752,3277472,1656383,1162119,1157369,364000,0,1789326,0,0,2594294
226,000708,2017-09-08,-0.026017344896597794,-0.012008005336891281,0.27988464583601697,34258.5,268824.1966745197,2874,163483831,116968645,2514537,826518,15739354,10652963,16248935,16328041,26160757,19016034,22078678,13573882,13038426,12496492,12014977,5391122,55688167,38683593
227,000709,2017-09-08,-0.0020876826722338038,0.0,0.0839181970205539,41366.0,323313.42902112333,3277,190303390,234608918,975780,1467601,13707710,18091902,16335718,19178551,30849077,37232471,23351751,22225714,15963999,14520631,8097772,13057688,81021583,108834360
228,000710,2017-09-08,0.07314629258517047,0.09218436873747504,1.1251184282546285,98592.0,884156.1487519469,2841,373651141,329450196,749433,493988,9841677,8495749,16882110,15945118,33551373,36922559,32218108,30761387,30868788,36317000,16475511,26813806,233064141,173700589
229,000711,2017-09-08,-0.02042205582028589,-0.012253233492171556,0.47875919947970613,11704.0,75424.04856016305,941,18692048,8545498,801060,816894,4839221,3654634,3846829,2127671,3582195,948851,1564364,997448,738300,0,432994,0,2887085,0
230,000712,2017-09-08,0.003138075313807498,-0.0026150627615063593,0.4680015043731512,22992.0,183275.0228505974,1669,65255928,63834112,1090626,1439870,6583144,8733786,7463585,9177350,11899595,13628304,5598523,6238804,6567497,6219892,3054755,5050537,22998203,13345569
231,000713,2017-09-08,0.01338199513381988,0.008515815085157863,0.23356940543772067,17989.0,88029.15856613975,1239,30863851,31659154,673098,1332203,4992841,5785622,5193273,6039652,8334858,5862607,3478181,4300631,3654195,3115518,2117023,2170942,2420382,3051979
232,000715,2017-09-08,0.004595588235293935,0.004595588235293935,0.4627788585096913,6573.0,31228.345381140593,552,3676168,5271811,297640,812652,1348587,2489742,573753,910660,715649,375735,740539,683022,0,0,0,0,0,0
233,000716,2017-09-08,-0.008928571428571397,-0.004464285714285587,0.18326129412691086,11407.0,86403.18503397504,1345,29629069,18485745,1131356,1442711,6187555,5481639,3958158,3525953,5228046,2698010,4822941,1083419,2089120,1037038,2200263,1880142,4011630,1336833
234,000717,2017-09-08,0.007891770011273946,-0.0022547914317925244,0.15031761135050664,111510.0,742015.5099210198,3493,617020521,602767037,666153,585597,11605269,9725959,20661784,21851466,39305645,36889839,37392794,38692323,28198063,34690446,31770572,32451237,447420241,427880170
235,000718,2017-09-08,-0.0017921146953404632,0.0,0.15245243804971856,10564.0,183143.5530016365,1341,48958641,35285406,1542486,658650,4699574,4070639,3704086,3692211,5618018,5368040,4497143,2217095,4195381,2339011,5037715,1805271,19664238,15134489
236,000719,2017-09-08,0.005499541704858002,0.01191567369385882,0.24770323784243023,7700.0,45127.472976045436,1940,6582538,18563431,838617,7456168,2205994,5216348,882282,2259941,771438,2041285,201292,558741,0,1030948,0,0,1682915,0
237,000721,2017-09-08,0.0053475935828875,0.006684491978609541,0.25956586940006265,11220.0,55511.110097020995,830,12809712,10816495,935835,854992,3680216,3352922,2161517,1802839,2412125,2036974,2316562,1183466,684861,686808,0,898494,618596,0
238,000722,2017-09-08,0.0,-0.0008237232289950436,0.5303935684630421,15730.0,71337.5925639888,523,9589761,9819513,286158,473222,2175962,3649411,1613261,1538891,1702450,1631339,1673213,1051734,1101690,629101,483600,0,553427,845815
239,000723,2017-09-08,0.013186813186813362,0.004395604395604602,0.20995334340184582,19141.5,236221.24755088557,1880,85250497,94989968,1052021,1477384,6469420,7936132,5971841,9100366,9222983,11989401,9312060,6549831,9696710,8303278,7634145,8491546,35891317,41142030
240,000725,2017-09-08,0.002525252525252597,-0.002525252525252486,0.06740059535396552,34980.0,718143.2327975112,3488,312112072,334003105,1566074,1833647,18628282,17211306,20946868,18452590,23877632,23694868,15472803,18694939,11866622,10725086,9987854,14906253,209765937,228484416
241,000726,2017-09-08,-0.013245033112582738,-0.01490066225165565,0.2672269775443767,6005.0,44585.483825208576,2046,25134803,22270545,1480615,2337665,6625146,7182846,5044642,5578201,8205710,3935860,2228842,2090313,979359,703229,0,442431,570489,0
242,000727,2017-09-08,-0.0035087719298246833,-0.0035087719298246833,0.07296469487330477,6840.0,122309.7831443943,1537,32735776,20566268,1394302,1248190,5558669,5300533,5406652,3901036,4558878,2911505,2791783,1005561,1076720,722496,1244442,1419874,10704330,4057073
243,000729,2017-09-08,0.0030816640986131016,0.0015408320493066618,0.13527394570601556,3900.0,72310.8727210774,2307,17599207,19357431,2967736,2474616,4392462,4395536,2692479,5335016,2038028,2555127,994367,970492,653604,1849414,0,0,3860531,1777230
244,000731,2017-09-08,0.011682242990654235,0.005841121495326895,0.25506844991074173,17013.5,97795.34024240183,1126,28535690,25247999,916379,1161427,5244048,5935048,4810951,3568333,5362778,5347079,3296460,2997592,3207244,1898399,491348,1327822,5206482,3012299
245,000732,2017-09-08,0.018130311614730887,0.0192634560906515,0.3281192861284787,14037.0,103179.43462549231,2897,82277941,56653636,4577413,817568,15278713,7011742,14212147,9878320,16945013,12165765,6889981,9931754,7383210,4134848,2675235,1309084,14316229,11404555
246,000733,2017-09-08,0.0012026458208056479,-0.0030066145520144527,0.38479745164634344,24832.0,115552.31252265924,1868,65188921,48751017,1564391,1154946,8494255,9651018,10356337,8532482,12718876,11709921,9737194,5322273,7108114,6005087,5290612,920416,9919142,5454874
247,000735,2017-09-08,0.007320644216691097,0.008784773060029227,0.19438361223771997,13620.0,137117.84617089876,1235,28457517,33463412,1028428,1052720,6470233,4815957,5061318,4404424,2947156,3712159,1699455,2893261,3116791,1643460,2206982,851670,5927154,14089761
248,000736,2017-09-08,0.006206896551724128,-0.0075862068965516505,0.4641386963725439,12924.0,59260.908311762556,976,20711005,10074060,1082188,748716,4974994,3573782,4014452,2062381,5954210,1941097,2176808,205920,1357553,0,430800,889664,720000,652500
249,000737,2017-09-08,0.015974440894568787,0.015974440894568787,0.14519910034055947,24282.0,177460.4480010311,1864,58508297,79712306,1275772,1338174,7734489,7443468,7983296,10625051,14083109,14504568,7237945,9196357,5506857,5414806,3164359,3674147,11522470,27515735
250,000738,2017-09-08,-0.007545271629778583,-0.007545271629778583,0.47438811950104137,19870.0,156467.05613309797,1756,61448232,39942701,1344331,1724366,7993470,8846881,7849269,7570401,10881596,9369369,7438165,5209871,5246468,2638851,2162591,2055594,18532342,2527368
251,000739,2017-09-08,0.014204545454545414,0.007102272727272707,0.2216837418530257,4956.0,56647.562097460366,1008,5380691,14126205,322381,1824955,1440474,5926699,1093244,2166566,597971,1101396,1266920,1059082,659701,687439,0,0,0,1360068
252,000750,2017-09-08,-0.011363636363636465,-0.009740259740259827,0.12665278068399327,18270.0,348913.1724746402,2373,129327450,89803681,1650205,1589268,12638003,12472391,8220775,11684592,9047505,10039039,3772609,5125275,3383545,6003004,2544107,2759213,88070701,40130899
253,000751,2017-09-08,0.009302325581395321,0.0031007751937983663,0.11350974891962576,55505.0,291005.5061387318,3239,222731760,244185016,1178869,1386376,13457013,13979374,21395248,22884845,32284227,40335915,21405022,27861377,12865830,18917391,13443871,16634592,106701680,102185146
254,000752,2017-09-08,0.028676470588235414,0.025735294117646967,0.34340835625833116,19334.0,127959.9751441976,1569,30191993,55046423,1163837,1094373,7381021,7749942,5433591,8491104,7672045,10080095,2406024,7102945,624111,4736031,4405364,2631573,1106000,13160360
255,000753,2017-09-08,0.0064239828693790635,0.008565310492505418,0.19026842961516122,13615.5,62056.18946981029,602,13449852,7155753,692701,495107,4031034,2236468,2231316,903592,2367922,2045452,1989352,658392,1088549,387162,468000,429580,580978,0
256,000756,2017-09-08,0.015822784810126667,0.012658227848101111,0.5343546481092509,14458.0,61601.44746295147,874,15774727,15065161,746322,862430,3816643,5257677,3358865,3506268,4257351,1960356,1966822,216405,1628724,1020232,0,880413,0,1361380
257,000757,2017-09-08,0.012622720897615736,0.008415147265077305,0.29099639125291954,9366.5,81383.83491642938,600,12244685,8121394,500670,715863,2390756,2050238,1155498,1421532,1900740,1798555,2468088,1355527,1301799,365400,1236534,414279,1290600,0
258,000758,2017-09-08,0.008750000000000036,0.0024999999999999467,0.16172388017136685,24240.0,242268.90160137735,2451,103756111,113629372,1663411,2020156,11052370,11780322,10900682,12534796,15427408,16460486,8954839,11029121,4619282,9732538,5719386,11475676,45418733,38596277
259,000759,2017-09-08,0.013452914798206095,0.011210762331838486,0.30249856095967576,6293.0,37858.90516300503,869,8525312,7275125,1810961,741656,3661467,2558961,1633792,1515862,478236,1084059,483000,511807,0,0,457856,862780,0,0
260,000760,2017-09-08,0.02103049421661418,0.008412197686645584,0.31909559046726566,14429.0,116076.52310923651,888,21527258,17052637,1170162,810745,4380292,3758513,3519761,3626757,3497837,3457263,1738933,1638365,659808,0,918025,490110,5642440,3270884
261,000761,2017-09-08,-0.013024602026049159,-0.005788712011577379,0.13347647090038153,31207.5,368458.41235808877,2690,164232813,192406643,1295756,2151534,10293967,12046437,11059595,13632706,18922907,19208080,17403354,18818526,13072076,9949972,11581792,8854069,80603366,107745319
262,000762,2017-09-08,0.09999999999999987,0.09999999999999987,0.32516363063782444,51425.0,1393847.029865803,2735,834612791,212717192,2695837,48382,19744866,1454215,21991730,3234254,37346554,7046489,27806102,8915543,28320364,8613389,17176728,6136785,679530610,177268135
263,000767,2017-09-08,-0.011204481792717047,-0.008403361344537785,0.15460346029434519,8211.0,143179.5229184003,533,14895313,7029400,574065,350389,2298375,2200555,1484237,898584,1396776,489750,951762,294654,1041975,676466,464100,0,6684023,2119002
264,000768,2017-09-08,-0.0069407367859049,-0.0026695141484249785,0.404395040358896,24401.0,209594.64047622916,2145,107596339,76144788,1217806,1898415,8984799,12045333,10044203,12137046,10297073,14457562,10144588,7711460,7578533,7469517,7786356,2650263,51542981,17775192
265,000776,2017-09-08,-0.009483667017913588,-0.005268703898840932,0.3402298196042879,66010.0,488921.33776763204,3115,313651212,274726229,609938,1072783,9569504,16741532,16891819,22466162,37666222,39945238,27311184,27154380,20069549,18439946,15185011,21364222,186347985,127541966
266,000777,2017-09-08,-0.018508132361188867,-0.009534492428491248,0.5376711643114599,14224.0,85412.64138609364,1099,27582743,14312207,807387,1258065,5001767,5226147,4344167,3846086,4776419,2083518,5200521,916057,1804218,982334,2469440,0,3178824,0
267,000778,2017-09-08,-0.016129032258064613,-0.0014662756598241566,0.13408728958857186,23171.0,204802.45771486376,2592,98933697,103343393,1568938,1718907,13712661,11084338,14528157,11421940,14986841,12140509,13490668,12020451,8257529,6249194,4369751,5743064,28019152,42964990
268,000779,2017-09-08,-0.004602235371466201,0.0006574621959236637,0.5520754921215657,15250.0,61340.28883215732,759,14075529,10387274,635784,619194,4737079,3300828,2694247,1336938,3041970,2263351,1342412,986017,686920,1005618,436050,0,501067,875328
269,000780,2017-09-08,0.005545286506469571,0.001848428835489857,0.17667710502982328,13176.0,100703.1070250621,938,22212458,19453623,763211,780409,4443253,3737297,3537537,2634593,4160984,4175115,4650593,2873352,300850,1000861,0,408996,4356030,3843000
270,000782,2017-09-08,-0.002143622722400762,-0.002143622722400762,0.38719739786163393,6527.5,52721.28175084126,580,9454617,5464797,688884,639658,1876903,2105108,2203278,734756,2401193,1260131,1053464,267484,765895,0,465000,457660,0,0
271,000783,2017-09-08,0.0,0.0010121457489877805,0.21149575702141568,16847.0,149299.0037500561,2184,58170658,55639194,1163024,2425852,12651544,9830764,6916724,8856528,6394739,10405370,5422145,4783929,3181787,2398834,2281921,0,20158774,16937917
272,000785,2017-09-08,0.0,-0.005400540054005254,0.5268012736440507,11050.0,44271.90125623003,444,7227702,3463871,626339,310828,2054481,1327055,1729043,386838,1583750,990930,519898,448220,303875,0,410316,0,0,0
273,000788,2017-09-08,0.009661835748792313,0.008695652173912993,0.42435712735091063,15645.0,67832.02395628345,594,9140831,11553266,356939,420354,3366790,2723658,1775233,1967802,2414263,2181232,832596,946818,395010,959278,0,873150,0,1480974
274,000789,2017-09-08,0.009987515605493158,0.009987515605493158,0.25276067891619863,10168.0,125091.03112449628,1004,19225359,34572487,787864,1568128,3329303,3768959,3981102,3316788,3131897,4984346,2832087,2457289,0,3524903,3008166,3913209,2154940,11038865
275,000790,2017-09-08,-0.004012036108325012,-0.007021063189568744,0.32543020270069206,14924.0,117816.95436652162,939,23741058,14916771,992434,820048,3653768,4885290,4493563,3334425,3300595,3072125,2170812,1477829,743500,675054,911157,0,7475229,652000
276,000791,2017-09-08,0.0024360535931788885,0.0024360535931788885,0.2820031483393243,9912.0,88798.23151802935,847,12942316,15937953,996768,882462,4022238,2951541,2943152,1680649,2516576,2821536,1969182,1664222,0,2377374,494400,921644,0,2638525
277,000792,2017-09-08,0.09308283518360372,0.04867634500426976,0.2243048501177171,61449.0,535642.2474456338,2732,242849418,340626337,1045426,961403,10580289,9640197,13097485,14540178,28982688,24902610,23315931,24390020,19867230,21008459,17215853,21256388,128744516,223927082
278,000793,2017-09-08,-0.0037629350893697566,-0.009407337723424392,0.29990543359723937,10600.0,314516.90435837186,1257,48339202,18769592,1074679,901284,4742500,4849973,5514964,2058678,8109045,3713090,5745175,1656129,2346591,1727207,2132745,2250229,18673503,1613002
279,000795,2017-09-08,0.05504587155963314,0.047182175622542566,0.13224165026478654,59175.0,234190.3462240931,3337,189988655,230332891,1179796,833580,15490741,14065863,27615954,22852666,37958392,42504084,27754741,27986557,20499192,18573814,15021000,13460942,44468839,90055385
280,000796,2017-09-08,0.03148614609571787,0.0220403022670026,0.2998130845672678,40600.0,287162.3696192235,2810,157217590,189664246,1535240,1478895,12287015,12269100,15218622,14555760,25734711,23931868,19194773,22344061,16562970,18444424,13329778,10636744,53354481,86003394
281,000797,2017-09-08,-0.007239819004524861,-0.0018099547511313263,0.37779447141433525,22000.0,136229.40856955378,855,32696442,17718756,614485,485447,4474512,3512163,3959713,2996712,7019182,5282754,3987172,2030914,985604,1671666,934700,0,10721074,1739100
282,000798,2017-09-08,0.043524416135881205,0.023354564755838636,0.31618575086441775,14340.0,75238.21092908463,887,10701834,21041422,906984,923846,4081622,4554513,3093902,3063715,1650468,4688445,968858,1641777,0,2065232,0,960500,0,3143394
283,000799,2017-09-08,-0.013053797468354555,-0.010284810126582333,0.5251329341665736,25045.0,146355.8396897494,2318,76538566,78522731,1127113,1390705,10704426,11046458,10811644,11145261,14807395,15380438,8795857,7610074,4992099,8695390,4417372,3557487,20882660,19696918
284,000800,2017-09-08,0.047706422018348515,0.04954128440366956,0.21398480702261966,54003.0,366951.73151388875,2601,214915759,205117620,1063570,736732,11921247,8975318,15564153,11941237,24746322,29014164,23737637,20708277,18117395,15410171,12064314,10696665,107701121,107635056
285,000801,2017-09-08,-0.009638554216867434,-0.0072289156626507145,0.25625683087496526,13296.0,82474.3758259519,1049,24759436,15124461,886329,1242438,5736932,4286409,4613718,2663402,4117258,2311653,2864049,1696048,1664618,993726,412000,413000,4464532,1517785
286,000802,2017-09-08,-0.007602339181286721,-0.0052631578947368585,0.38391267649481375,25447.5,150207.05462326453,1984,68665793,59166190,991833,1350138,9185016,11360145,9496839,12360355,13874571,12104219,7150426,7425098,5491800,3805137,1834969,2287587,20640339,8473511
287,000807,2017-09-08,0.0015527950310558758,0.011645962732919068,0.22786669404327867,67496.0,464933.08580189303,3201,317768518,314980583,1085731,888599,13184566,10876277,21616811,17294359,37981234,35844050,28766288,29338448,27516195,25145426,18534152,17785201,169083541,177808223
288,000809,2017-09-08,0.002457002457002311,0.0,0.2152094915792345,8547.0,100705.82052568771,357,9162436,5920385,260384,321435,1501874,1071272,1069931,1445523,1146779,1106908,2323404,0,0,1017500,472177,410256,2387887,547491
289,000810,2017-09-08,-0.0027522935779817903,-0.004587155963302836,0.4156871910806598,8736.0,48067.25011284964,687,9449420,6320510,676146,717035,2094621,3203443,1372492,733602,2928537,1109126,994104,253504,332010,303800,0,0,1051510,0
290,000811,2017-09-08,0.0,-0.009970089730807596,0.2499916206303759,4965.0,89625.92837464767,1610,30343992,11970821,2811220,932080,5403506,3753356,4307298,2617869,3166795,1758489,3598079,1906595,2015973,1002432,407364,0,8633757,0
291,000812,2017-09-08,0.005747126436781658,0.0022988505747127963,0.37272896518501114,11355.5,72254.81884565677,544,11471667,7009290,661618,597292,2738771,2007778,2053252,1654990,1152143,1849135,1909882,900095,0,0,1309000,0,1647001,0
292,000813,2017-09-08,0.0011961722488038617,0.0035885167464115852,0.2537023861984024,3344.0,33647.16374577571,1086,6427583,8217162,789341,1573655,1590135,3522652,1283596,1080037,1439326,1507224,421273,533594,372072,0,0,0,531840,0
293,000815,2017-09-08,0.08814814814814809,0.08074074074074078,0.3350616055833534,27500.0,114765.20671117923,1625,34481721,73786567,910880,1056315,6375415,8632648,5745510,9441481,10136261,16262631,2721623,16082306,645305,3662760,2210792,7982045,5735935,10666381
294,000816,2017-09-08,-0.002873563218390718,-0.002873563218390718,0.2243478279552697,13590.5,118553.96903580884,962,32631443,25318450,896298,576869,4288441,2160806,2829496,2003367,7328673,4883250,4554468,5522275,2055940,4547748,4963912,2371638,5714215,3252497
295,000818,2017-09-08,-0.013722126929674117,-0.01715265866209259,0.3324572548371786,13794.0,126948.83844004631,1230,36826664,16636820,1068393,927340,5684047,5990773,4449129,3446550,5073506,3186739,5137493,1940318,2481964,686300,1262000,458800,11670132,0
296,000819,2017-09-08,0.020635805911879634,0.027328499721137822,0.46831178932596457,20207.0,113124.7706379441,1466,30958422,47015130,1310969,968830,7822771,7860359,6984103,7674700,5167058,8253664,3041768,5353278,1764250,4250805,896960,2335753,3970543,10317741
297,000821,2017-09-08,-0.008422664624808673,-0.01071975497702915,0.3719379875799514,15564.0,183157.77264313633,1234,43114782,29416424,769529,964729,5155024,6922411,4110074,3595063,6212734,4867386,3386038,2367473,1991626,2387644,477708,1406105,21012049,6905613
298,000822,2017-09-08,0.025104602510460206,0.02761506276150638,0.21480270830732642,61506.0,516128.6211553245,3101,264183550,332701711,1014804,1106958,13153760,11561507,18660808,16634368,39156060,29075087,28227121,24431894,20680848,18507125,16970321,21891917,126319828,209492855
299,000823,2017-09-08,-0.02377717391304357,-0.025815217391304435,0.31702615546767254,33143.0,170220.43986954205,2159,124374044,73372338,955796,1997717,5947292,9292941,11277072,10819834,29638287,19413875,19242318,10946072,14962949,7878992,6111545,6782740,36238785,6240167
300,000825,2017-09-08,-0.017761989342806372,-0.01243339253996456,0.10417276246760644,35280.0,322975.6707113848,2934,180609153,187905105,1194054,1947319,11173402,12721817,14403040,15669129,21496242,25470267,20189122,17682190,25631193,21256242,9833901,14986004,76688199,78172137
301,000826,2017-09-08,-0.0017246335153779935,0.0008623167576891078,0.7470753851335785,24485.0,279545.581871835,2169,85529017,95767278,1715110,770629,11703241,8485442,11157945,9344976,19380136,14715206,9133337,7771564,7942032,4558681,6311577,3525307,18185639,46595473
302,000828,2017-09-08,0.0,-0.0007987220447284171,0.37637175146824914,6285.0,83004.9293129397,1106,17435040,15669453,1284315,367543,3274798,4153739,3411581,3443753,4484291,4292301,1534323,1148655,654052,303226,0,467976,2791680,1492260
303,000829,2017-09-08,0.0064575645756457245,0.002767527675276771,0.32071018379699023,10895.0,61762.73676396706,1142,18088367,15343910,1247712,657763,4899041,4836281,3108148,3599810,4012167,3827408,1149865,1625560,763377,314070,484801,483018,2423256,0
304,000830,2017-09-08,-0.0031088082901555847,0.004145077720207224,0.18198191819106033,29160.0,219076.8699954784,2817,132743642,133677623,1353721,1784544,13009931,15114017,11857490,15593120,16637278,21845911,16290579,15011301,15181672,3543958,13089346,14210955,45323625,46573817
305,000831,2017-09-08,0.012153950033760852,0.010128291694800895,0.2942094619067257,36060.0,206467.5119916723,2536,115392950,126460944,1154923,1281044,11695255,11313563,15692065,13323756,28262090,22876539,14271241,14212979,10164666,9465822,6054308,8537637,28098402,45449604
306,000833,2017-09-08,0.003722084367245637,0.004962779156327368,0.2848613423667733,8943.0,65260.87739440435,800,11985818,12548477,792861,754256,3032825,3102764,2044102,3167238,2481394,2055323,1267186,1302786,1058071,310183,1309379,453778,0,1402149
307,000835,2017-09-08,0.0010277492291881352,0.004110996916752319,0.30992514816404565,13678.0,64067.47920852191,985,17499895,17262724,886620,1197245,4242793,5141192,4648000,4051803,2960640,3634545,1274408,1304012,962297,312640,1751539,0,773598,1621287
308,000837,2017-09-08,-0.009043927648578864,-0.009043927648578864,0.21340202294139252,15380.0,99685.71068850203,1316,33587711,20910827,981329,1406506,5824227,6027394,6351544,5561229,6440763,4520625,3872321,1609292,3200177,0,925002,974131,5992348,811650
309,000839,2017-09-08,0.014951627088830355,0.017590149516270914,0.1924826408565024,127609.5,750467.120014352,3494,582897946,611549903,623539,386118,12583589,8209830,22234807,15506241,48873411,42126757,37545785,40329719,36165815,37989173,31412199,40859037,393458801,426143028
310,000848,2017-09-08,0.0064171122994653995,0.009625668449197766,0.20879511974470694,16014.0,106958.40835331791,2006,32789301,62664146,1205699,3055342,6712380,12160232,6430201,9354107,7837256,11045956,3318980,6853379,1070109,2467019,1857569,2767897,4357107,14960214
311,000850,2017-09-08,-0.0073260073260073,-0.003663003663003539,0.22354731008637466,13056.0,82983.83245706907,596,14810754,8617754,487117,415625,2521720,2460485,1994282,2153878,4062697,1051264,1750384,1485425,1006935,620773,0,430304,2987619,0
312,000851,2017-09-08,0.03425925925925921,0.0092592592592593,0.24425595325605853,30380.0,137048.05582983885,1956,46467688,81433493,802964,928064,7097694,19692389,6607977,8719489,11090249,14051662,7016331,7891871,6425944,10195646,2500231,4487537,4926298,15466835
313,000852,2017-09-08,-0.004878048780487809,0.0006968641114981633,0.2631776636385234,43350.0,198777.04114011876,2975,164404962,120012136,1121425,1089259,15553544,13933315,20685220,18780350,33607065,25886900,23744489,17507656,17207875,9799072,12262753,5674316,40222591,27341268
314,000856,2017-09-08,-0.02401372212692965,-0.01886792452830177,0.538807077568571,46352.0,241397.8993313485,2927,164070214,133731412,874131,1322052,12866718,15454264,18479366,21155649,30286356,34178554,24821118,18166990,11148886,11339221,7411535,9608743,58182104,22505939
315,000858,2017-09-08,-0.020959214501510615,-0.02228096676737157,0.8891235749631541,181475.0,864256.4404471158,3548,765658736,615782734,84251,221069,6780391,7808845,16682251,21971836,42538051,52620936,50686897,50246990,45532927,42358093,49548450,46926906,553805518,393628059
316,000859,2017-09-08,0.011472275334607929,0.011472275334607929,0.12429935313046905,17120.0,190832.9049410049,1775,56268922,65940677,1015720,1530160,6798226,8319258,6066784,6924690,11679480,8847658,6603587,5758415,3940175,6217223,4491879,3489493,15673071,24853780
317,000860,2017-09-08,-0.006549118387909503,-0.00453400503778334,0.5754911665415829,11892.0,87396.11844718913,1189,29333152,17632054,872268,1546164,5352642,4943434,5342137,3189085,5493892,3044056,3341332,922606,2414717,721388,2206583,413820,4309581,2851501
318,000861,2017-09-08,0.0053475935828875,0.008021390374331583,0.1322028671061083,7938.0,64262.50314772677,801,11223539,12833106,676544,769844,2581478,3803637,1628861,2094635,2948958,1799368,695658,2068657,1372296,692790,1319744,434250,0,1169925
319,000863,2017-09-08,-0.005502063273727487,-0.004126547455295615,0.2867916647206334,9405.5,60206.111145020775,642,10472486,7167511,757964,681155,2553739,2320054,1727546,1816446,2212845,1037408,268956,962528,1083319,349920,0,0,1868117,0
320,000868,2017-09-08,0.005847953216374213,0.003898635477582957,0.1774708498253069,1032.0,39495.50249390217,836,4188791,5972708,546348,371074,1565658,1339619,746030,953628,337335,1393994,459880,496892,0,1003101,0,414400,533540,0
321,000869,2017-09-08,-0.014525139664804398,-0.017597765363128404,1.079064923138134,21342.0,242022.39063383383,1100,62289722,26043396,529583,752150,5488358,6506485,4732372,4383304,7789548,4903622,3767777,2185992,5688751,2151931,3202731,884400,31090602,4275512
322,000875,2017-09-08,-0.0019762845849802257,-0.0019762845849802257,0.18919717087075993,10120.0,78048.02467210591,715,15640434,9159264,709459,465826,2912241,2855665,2529840,1455327,2355303,1826729,1472209,1456391,1057368,0,2167460,405600,2436554,693726
323,000876,2017-09-08,-0.0013245033112582183,0.0,0.18186609992760483,9828.0,139404.06160670606,1725,36551220,35101239,1076932,3789236,8206034,6671005,4276199,3728215,4622149,3461703,3536060,2146759,2926868,1347298,1370754,2205474,10536224,11751549
324,000878,2017-09-08,-0.016181229773462813,-0.007766990291262044,0.29235089261366193,46530.0,435731.2984492173,2796,207413449,217250419,1157051,1249917,10575415,14202758,14397360,15481896,27197923,29351971,16869509,21332196,19981813,21284942,13336642,18074425,103897736,96272314
325,000880,2017-09-08,-0.0017513134851138146,-0.0026269702276706663,0.4323821618717504,5760.0,45195.75165276794,697,7574521,6687451,225611,1588187,1741511,2355272,1560785,1382243,1349679,918296,1404283,443453,354330,0,938322,0,0,0
326,000881,2017-09-08,-0.008358208955223878,-0.0071641791044776415,0.6158645405134948,16700.0,86594.77275292746,739,18931908,11402739,335327,746044,2873254,5078267,3219241,2954189,4008014,1982714,1624907,0,975486,0,990673,0,4905006,641525
327,000882,2017-09-08,0.00273972602739736,0.0,0.13917288845029077,10950.0,130587.77476985774,688,15869659,17233387,706315,474395,2793415,2727946,1999774,1543813,2612709,2444091,1637351,1417332,1334587,1476712,492750,1702998,4292758,5446100
328,000883,2017-09-08,0.017857142857142794,0.011904761904761862,0.1285928729574141,5599.0,141728.9499284846,1539,14485581,34291865,1094851,2574275,4075590,4398933,1976476,2680616,2106675,3735332,2103356,1027286,314452,918600,473964,410254,2340217,18546569
329,000885,2017-09-08,-0.009022556390977376,-0.004010025062656575,0.4206874404387628,21824.0,93384.1578263856,2249,52790104,53513879,1695458,1886472,11584170,14276772,11633325,12098902,10074459,11482251,6064105,4681730,3216476,2457383,2262211,3541223,6259900,3089146
330,000886,2017-09-08,0.02148760330578514,0.036363636363636376,0.17189473943901543,21315.0,250838.8006183975,1241,38664320,65299132,880187,1020493,5879459,4276386,5283040,5137413,6275690,9192436,6490374,6704457,2248614,3959963,3135090,3565689,8471866,31442295
331,000887,2017-09-08,-0.005940594059405946,-0.012376237623762387,0.46688164223522677,26123.5,252504.27345384547,1872,106401973,63627538,1147511,1037690,9389028,9262234,9895455,7284523,16201119,11198244,7970707,10697525,7431270,3727771,4434731,3478856,49932152,16940695
332,000888,2017-09-08,0.004226542688081203,0.0008453085376161074,0.38618541841922244,27209.0,109966.6377416761,938,34082175,26487008,227197,791807,2440636,5632633,4574781,4835622,13220505,5440150,3810135,2244432,3027017,2024307,1824338,2741134,4957566,2776923
333,000890,2017-09-08,0.003754693366708306,0.003754693366708306,0.30807892927827674,12800.0,71081.45730983398,672,11081943,10958114,470917,767293,2452355,3754796,1708152,2092307,3291902,1434059,1430137,1115835,368676,0,835004,0,524800,1793824
334,000892,2017-09-08,-0.01666666666666672,-0.01666666666666672,0.26095263413466013,12426.5,110185.22480331398,1036,26250813,16101128,864655,1079566,5582169,4049135,4288603,2431408,4179035,2063332,3616838,1133977,1509465,1710391,452520,819244,5757528,2814075
335,000893,2017-09-08,0.007882882882882747,0.006756756756756577,0.27759702275133513,14240.0,72900.02134784851,1024,20581184,17774656,990234,908807,4998355,4823671,3972938,2305754,4422131,4910271,1217546,1282134,1382871,1399154,1698037,848644,1899072,1296221
336,000895,2017-09-08,-0.008260869565217432,-0.0047826086956521685,0.4584997805780921,36640.0,204005.0793509402,2533,120896723,78092019,585582,1153797,27600122,8698731,13715966,13741481,15434799,12666452,12830260,9134046,11275374,5034393,6712838,5951087,32741782,21712032
337,000897,2017-09-08,-0.002262443438914019,0.0,0.14608453037039554,7973.0,65026.90355511677,916,14556523,10994103,1223904,668819,4132382,3480996,1828600,2251218,2527751,2754706,1133952,936912,1053475,369852,864994,0,1791465,531600
338,000898,2017-09-08,-0.00952380952380949,-0.0013605442176870541,0.1454172564376634,14700.0,173177.95500457266,2561,80448212,86860420,1797121,2873640,8190936,11740951,8586063,10004393,13742239,12305855,11236269,8577967,9318270,8152904,6088642,2732208,21488672,30472502
339,000899,2017-09-08,0.0,0.0013458950201885589,0.37343653589161274,11190.0,95263.46821895218,395,8244353,4460566,319562,348013,1979963,1596078,1348749,848055,559878,214560,1752858,486806,765790,0,0,410495,1517553,556559
340,000900,2017-09-08,0.008051529790660261,0.008051529790660261,0.17079862153401626,6270.0,114727.51151531535,1323,19929252,25862681,722488,1848816,4102471,4302508,5618460,3034081,3378347,2697646,916137,1940657,1701973,2864832,427720,409479,3061656,8764662
341,000901,2017-09-08,-0.010409437890353979,-0.006592643997224146,0.7208185970057902,23244.0,116745.12713517244,1598,56124403,35596569,794784,1414679,7539115,9011298,6935952,8275969,12125264,8203873,8724233,2915055,3584429,2084482,2394566,857129,14026060,2834084
342,000902,2017-09-08,0.005324813631522707,0.005324813631522707,0.2581076464223476,9410.0,80247.71617819302,1324,19335752,26280149,597391,3107061,2569495,6712346,1497681,5796969,2899248,4257883,1776280,3157134,1146800,2710504,4551823,0,4297034,538252
343,000903,2017-09-08,0.002450980392156854,0.0,0.1353063567163573,12240.0,103670.11567842327,910,17088052,12813726,1051599,674020,5963848,3492639,1674002,1673193,2171781,1914597,1122325,1301347,639744,726384,2612025,0,1852728,3031546
344,000905,2017-09-08,-0.013495276653171406,-0.007422402159244279,0.31455805525886055,23488.0,125817.88825204108,2220,72241354,50515187,1319380,1558408,13438408,11263419,13334846,9810476,14366657,10841690,9169534,4262671,7132572,2365960,2279275,2285777,11200682,8126786
345,000906,2017-09-08,-0.008403361344537785,0.0010504201680672232,0.37997408221810036,12973.0,52559.28476901216,627,11228896,8630267,613419,688445,3133829,2379603,3548860,1766190,2235393,2340585,1015727,542810,681668,325380,0,0,0,587254
346,000908,2017-09-08,0.008000000000000007,0.002666666666666595,0.3225083318964972,9036.0,59038.80368334092,540,7256023,7240827,393075,743156,1843189,2950906,1507145,1484985,1154229,1070691,742605,220629,312495,770460,413350,0,889935,0
347,000909,2017-09-08,-0.006923076923076921,-0.002307692307692233,0.42499346908971386,12990.0,52020.20711183117,935,16735096,11451137,718520,854566,4704200,4603411,4396011,2571082,3228281,1831783,2006711,549383,1035873,0,0,428612,645500,612300
348,000910,2017-09-08,-0.0064814814814815325,0.0023148148148146586,0.5156442310947813,4294.0,29161.35500007964,1757,9815588,11921967,1357081,2716631,3049962,5487099,1475773,1937196,2136943,553606,1026945,906127,334464,321308,434420,0,0,0
349,000911,2017-09-08,0.0016949152542371504,-0.0008474576271187972,0.3822947179270906,11810.0,59371.167526740304,952,16170086,10459755,774675,1026378,3949680,4466926,3345846,1882092,2536749,1994399,2632463,716677,361646,373283,889673,0,1679354,0
350,000912,2017-09-08,0.01681614349775784,0.015695067264574147,0.20021573068262405,17337.5,89678.71461355849,1986,40479604,53759212,1623938,1813771,9763734,9364453,7218961,8327279,11084640,10473383,5210316,5875174,1682363,5157720,1371270,4439709,2524382,8307723
351,000913,2017-09-08,-0.00926462072958889,-0.0011580775911985697,0.9701807976472105,12078.5,85369.39647356866,316,5897458,4752082,268683,348420,1327935,1151448,1895797,539014,1455713,557580,949330,241780,0,0,0,0,0,1913840
352,000915,2017-09-08,0.018068535825545018,0.014018691588784993,0.6871285554126312,32360.0,189871.35315767443,2183,88831055,105728384,1412530,2075600,9311897,8838412,9201725,10115795,21427670,20563309,7111203,10965054,11508344,13116038,2251854,3168608,26605832,36885568
353,000917,2017-09-08,-0.011680143755615546,-0.014375561545372895,0.23158852306042355,11110.0,165588.5262800375,2311,78565449,42759413,2536058,872153,11057166,7000345,9369076,5954506,9551258,8096957,6954948,6983114,5601558,988000,4060122,2358902,29435263,10505436
354,000918,2017-09-08,-0.012278308321964526,-0.008185538881309795,0.22524688310331004,14620.0,116361.67508515775,1059,31221300,16268717,928161,817897,5057347,4471964,3996973,3223074,5606210,3108063,2828186,2154313,2693901,1811914,0,0,10110522,681492
355,000919,2017-09-08,-0.03791887125220461,-0.03439153439153442,0.2303874420887724,8824.0,248739.79802154272,2425,53775684,49451106,2790874,1145064,8089385,7267455,9240843,8153021,11173318,9961608,7235763,3476570,5009903,2046900,2076089,895065,8159509,16505423
356,000920,2017-09-08,0.0,0.0017152658662091813,0.43072697253002507,17550.0,57564.30438253758,732,14362987,14071089,543095,514180,3198149,4101159,2959029,3133611,4220790,4014455,2093714,557890,1348210,1303262,0,446532,0,0
357,000921,2017-09-08,-0.0076045627376425395,-0.004562737642585635,0.29252159715080533,6590.0,89844.5510332678,2021,41386005,17256970,3064181,961822,9211864,4771395,7034065,2738980,6348744,4078440,4470214,1318661,1763187,1129932,459712,410712,9034038,1847028
358,000922,2017-09-08,0.004629629629629539,0.0057870370370369795,0.2811717012127591,13808.0,82193.28628170305,944,18264502,17296763,888853,950390,5031677,3636637,3451284,2979289,4884327,4184231,2179508,1680357,1318607,1042653,0,0,510246,2823206
359,000923,2017-09-08,0.0037878787878786735,0.009641873278236845,0.7038942000916127,23532.0,91004.68604147062,1702,42985367,41439443,1246751,1099744,10546318,8400983,9630869,7560226,7966846,8497680,5301212,4399606,3122131,3462715,872797,898360,4298443,7120129
360,000925,2017-09-08,0.010405257393208966,0.016976998904709717,0.699425104625649,18250.0,82077.88691232805,681,9053456,15720243,700279,626285,2615550,4552987,1576608,2466349,2067753,4199912,879838,942027,0,0,474228,863875,739200,2068808
361,000926,2017-09-08,-0.005559968228753043,-0.004765687053216894,0.32340611533496455,16295.0,207633.11394734282,1516,54655044,48490774,933036,1070586,6200358,7383073,5470280,5393276,6668682,7044025,5010211,2734821,3716543,5744368,1798756,3059059,24857178,16061566
362,000927,2017-09-08,0.003472222222222321,0.00694444444444442,0.1668484115558458,17430.0,91412.5585185843,1193,29680780,26520386,990713,686144,5207894,4821075,7058079,5762810,7798328,6330140,2462484,2407116,1772078,1979558,854835,464484,3536369,4069059
363,000928,2017-09-08,-0.0078125,-0.0022321428571430157,0.19420740362387462,18711.0,163027.85301752284,2131,66164859,60346747,1125807,1406733,13886843,9828492,10528175,8265184,10081566,10457902,9909335,4966591,3924027,3370308,5403254,2577360,11305852,19474177
364,000929,2017-09-08,0.0007336757153337814,0.007336757153338258,0.5893862731721646,13710.0,43570.88546900138,534,7373013,6763102,425214,502100,2533112,2623233,2187974,1214232,1403674,920939,426820,788798,396219,302500,0,411300,0,0
365,000930,2017-09-08,0.0024154589371980784,0.0024154589371980784,0.2602756160210448,26208.0,162955.25528866006,2278,90472089,78277795,1280951,1497330,12000261,10899121,12254174,10872220,15882070,16010491,13089855,10685559,6217714,5290811,4746389,4390559,25000675,18631704
366,000931,2017-09-08,-0.0013020833333332593,0.0,0.23846770993513633,10766.0,73691.26790985516,1037,21228796,13468489,1175071,1124904,4899879,4102254,4321167,2670558,3053085,2183560,2807378,952949,1040696,692594,457302,901805,3474218,839865
367,000932,2017-09-08,0.04372842347525907,0.04027617951668572,0.16149027080408632,43750.0,382672.37612530834,2903,202606958,254611960,1612499,1230249,12297903,12069450,16366298,17689310,25560310,23947929,16488698,22431167,13718936,14477263,14153165,13715349,102409149,149051243
368,000933,2017-09-08,-0.012734082397003688,0.008239700374532033,0.23530891826400102,56067.5,424450.6646360074,3224,241947682,293484115,1489353,821145,15695582,10005737,22674013,16112969,40302700,32064085,28208246,26024581,18477375,15763353,10114640,15592113,104985773,177100132
369,000936,2017-09-08,0.0013605442176871652,-0.00952380952380949,0.1828585079519046,3667.5,77709.12214231951,1618,28517557,13031739,2131592,847137,3947752,5012607,8093345,2227385,5259167,2024581,3529532,292254,1345064,0,942298,893632,3268807,1734143
370,000937,2017-09-08,0.009641873278236845,0.005509641873278293,0.13617426333283392,35232.0,230112.7133872773,2848,137664120,181608739,1316190,1456835,12254812,13065368,15469169,16256487,20497479,24121115,13443869,19913250,11028415,17427082,10854250,11564968,52799936,77803634
371,000938,2017-09-08,0.00464476174092554,-0.00034405642525381364,1.3399827217866813,17563.5,150186.22318647703,1882,63412127,59742628,464665,2953138,7766323,8621622,7665696,7486787,8814058,8181059,7389743,6670420,6471403,5712946,6370107,2643899,18470132,17472757
372,000939,2017-09-08,0.020715630885122405,0.015065913370998052,0.10810562984594628,26256.0,278246.695466702,2427,119335571,144654445,1089381,2079899,6150893,10714024,8286560,13028194,17147957,21932173,12760865,17416587,7748248,13722794,6599352,9278650,59552315,56482124
373,000948,2017-09-08,0.0024193548387096975,0.0008064516129031585,0.4005538180411094,9956.0,84237.83743514342,958,17763244,12175454,1127308,777618,3883332,3151577,3109547,2686825,3599158,2034514,2861666,1676500,605527,0,0,496356,2576706,1352064
374,000949,2017-09-08,-0.010683760683760646,-0.008547008547008517,0.16288461694400785,12595.5,132140.5843928539,826,24766548,11545363,881442,636411,5126425,2944424,3616692,1659744,3291676,753515,1922635,962974,1978778,728883,411607,491512,7537293,3367900
375,000952,2017-09-08,0.011713933415536504,-0.0018495684340319452,0.45834814370822546,16200.0,79286.97226637747,1252,27875825,18897074,1282746,1175604,7335196,5834853,4458190,3157927,4691284,3956229,4078886,1378601,963786,970043,453320,936903,4612417,1486914
376,000955,2017-09-08,0.009146341463414753,0.004573170731707377,0.2404457355505007,13170.0,50757.67806419084,744,10540908,12112181,521698,553276,3439928,3484561,1957214,3201316,2669541,2791512,958999,1193044,993528,359700,0,0,0,528772
377,000957,2017-09-08,0.01043478260869568,0.00782608695652165,0.2868454723630138,16135.0,87206.89598323707,1608,38367693,33979177,1444675,844387,7961098,6324944,6637547,6443933,9097588,8027358,4305028,3049447,2087421,2636932,1769772,2174269,5064564,4477907
378,000958,2017-09-08,0.04342105263157903,0.048684210526315885,0.1357740452820061,46665.0,874691.0913475655,3149,311217038,292253621,1437243,1509284,14858142,13536376,21801095,18224264,29257371,26004527,18029794,20791679,18456150,12977046,13580196,14704200,193797047,184506245
379,000959,2017-09-08,-0.004081632653061162,0.0,0.16120188682481026,7320.0,73014.46550605677,2082,19190842,35405213,1029944,3490039,4762876,9300505,3670832,7754630,3272774,4518784,1999401,1448889,1740159,2698346,0,1344192,2714856,4849828
380,000960,2017-09-08,0.014676450967311627,0.02201467645096722,0.2737860270762959,47445.5,294560.39452756714,3000,175760924,236767047,1116075,1408763,11856872,12437854,16351345,18596283,27449849,30865200,18127461,22752354,19792403,22113531,13658901,15376408,67408018,113216654
381,000961,2017-09-08,0.0031897926634769647,0.0031897926634769647,0.13411685614740004,15625.0,181625.30214245227,2191,77590219,72926629,1877154,1206051,9637364,7827262,9266152,8996370,11883533,8773953,9289137,5420648,4440495,9456835,6259844,2226330,24936540,29019180
382,000962,2017-09-08,0.04609218436873741,0.02004008016032066,0.24900213033616464,20380.0,114224.75928785153,1607,37023797,48216356,1047462,909919,7951337,8040549,6795545,7461677,7941972,9497566,3079647,5741267,2825693,3086315,828843,2662405,6553298,10816658
383,000963,2017-09-08,-0.006027987082884878,-0.009687836383207804,1.1571355636511962,23270.0,321097.17228252196,1611,93334823,74086605,1367655,1604223,5238529,8447319,6843573,7329816,11365962,10145318,6595520,7253197,7135559,5902698,4316825,7394431,50471200,26009603
384,000965,2017-09-08,-0.005249343832021025,-0.001312335958005173,0.22200991623639277,15300.0,93445.12252066535,1178,27179019,24878928,1104764,1143220,5757144,5297357,4795367,3779287,5356092,3969722,2494308,3583197,2746023,1065799,1273811,413865,3651510,5626481
385,000966,2017-09-08,0.002016129032258007,0.002016129032258007,0.14087443037597686,8946.0,122226.56131578372,1241,26846056,17889421,1487307,1389950,4997352,3894050,3779154,1879863,5747779,2167139,3234595,3080110,1712776,0,875724,892115,5011369,4586194
386,000967,2017-09-08,0.004094165813715467,-0.008188331627430934,0.2461473719460662,4875.0,75662.98232663787,1576,26107098,8172724,4417604,1038487,4934582,3167412,3416060,1738403,2592059,1131441,1668672,730550,2465822,366431,976781,0,5635518,0
387,000968,2017-09-08,0.012195121951219523,0.012195121951219523,0.48787221927271196,14910.0,77304.15209167606,915,18127344,15511828,758682,1019505,3623326,4536705,4359599,2469189,2748663,3203992,2456567,1113745,1742339,972052,884080,0,1554088,2196640
388,000969,2017-09-08,0.020428015564202484,-0.0019455252918287869,0.25348655831500594,20680.0,111165.86810673507,1646,46470532,40066589,1215290,844205,8830299,6844680,7033189,6814930,13241040,10598635,2748671,5320689,3967187,2751644,405076,1745583,9029780,5146223
389,000970,2017-09-08,0.02225932109070694,0.015581524763494725,0.3114803900416136,92361.0,389903.19980489236,3333,345836993,346832130,625480,486796,14108306,10260742,23189010,23534764,46144629,41123345,38903011,36308744,27822925,28661734,21883188,24809744,173160444,181646261
390,000971,2017-09-08,0.003986332574031914,0.002277904328018332,0.6841174043085105,15876.0,71818.11540728215,659,14290866,9585362,502177,520863,1644136,4844666,1768854,2489993,5144403,1012159,2674541,717681,745918,0,414887,0,1395950,0
