,code,date,pchange_whole,pchange,change_std,amount_median,amount_std,length,sumsell,sumbuy,sell_vol_0,buy_vol_0,sell_vol_1,buy_vol_1,sell_vol_2,buy_vol_2,sell_vol_3,buy_vol_3,sell_vol_4,buy_vol_4,sell_vol_5,buy_vol_5,sell_vol_6,buy_vol_6,sell_vol_7,buy_vol_7
0,000001,2017-10-26,-0.00622222222222224,-0.00622222222222224,0.1984839542661759,56150.0,682008.2945024396,3217,416190510,305272963,1407604,1030626,13100943,12586471,17575309,14846370,47568382,29714335,30138270,16720232,22715147,17339083,14733387,11427705,268951468,201608141
1,000002,2017-10-26,0.008424908424908395,0.009890109890109855,0.46815837986348235,104804.0,520096.2024485785,3404,421840397,431309143,474410,463417,9780125,11539395,22135948,24877825,47524855,46665255,37760670,35733575,38584434,29562633,29022599,26969316,236557356,255497727
2,000004,2017-10-26,-0.007185628742514938,-0.003992015968063978,1.666712029012307,9980.0,26399.239437871205,225,2089070,1905658,274175,204913,1162145,785879,291850,665066,111600,249800,249300,0,0,0,0,0,0,0
3,000005,2017-10-26,0.0020408163265306367,0.0,0.18048563307442003,7320.0,60519.590286578896,737,9057956,9283432,743412,869633,3013932,2454104,1537417,1579960,2186417,1532888,435698,1077463,366750,0,0,931000,774330,838384
4,000008,2017-10-26,0.05816554809843422,0.023489932885906173,0.21495979721623742,12831.0,175228.64092956696,1732,46997483,53880344,1101142,2170075,5454875,8217966,4947353,7628124,4300191,8187973,3499308,5235954,4547945,4677797,2595213,3203949,20551456,14558506
5,000009,2017-10-26,0.010575793184488758,0.008225616921269108,0.18438894410235065,15371.0,160538.8176886641,2132,59083534,71640788,2041217,1615353,8454778,8482944,8099504,8101428,12128116,11678390,5631040,6499348,6624539,6956100,2308299,5245837,13796041,23061388
6,000010,2017-10-26,-0.021021021021021102,-0.016516516516516533,0.1172988600642675,35970.0,253547.24476670104,3235,174246536,139989698,1746847,1553489,16873410,13718252,20291837,19315640,31671974,26812893,19771777,21445095,15178956,10107617,9188794,7115453,59522941,39921259
7,000011,2017-10-26,0.004668049792531104,0.0005186721991701226,0.5311567874864945,19290.0,61392.90103463518,1317,26504165,23647216,1068065,1283177,7243677,7638087,6051318,6080011,6697134,5241772,1485752,203595,2316518,1441873,403370,0,1238331,1758701
8,000012,2017-10-26,0.003663003663003872,0.003663003663003872,0.24416158438396668,8220.0,66222.05766702408,1125,17340043,13497495,1054952,1706040,4399612,3947468,3238282,2176668,3226234,1374564,1705318,1008416,1327541,968747,846992,838960,1541112,1476632
9,000016,2017-10-26,0.020905923344947785,0.027874564459930307,0.15539866723513918,14875.0,217420.66108245598,1367,32359330,51971824,1199311,964683,5767840,4461724,6575380,4266992,6521786,7581855,4638480,6669692,3045403,4554895,935714,2799635,3675416,20672348
10,000017,2017-10-26,-0.001312335958005173,-0.001312335958005173,0.32322907357937336,7580.0,31498.683544196436,555,4862459,5125993,660212,647735,2339359,1670193,1093866,1185517,769022,989468,0,290320,0,342760,0,0,0,0
11,000018,2017-10-26,-0.0013422818791946067,-0.0026845637583893245,0.22312093058966073,8151.0,67740.20115489588,1115,19689721,11993926,946919,1164186,4061865,4047169,3837421,2631496,2993142,2402787,3457377,1345988,371500,0,933519,402300,3087978,0
12,000020,2017-10-26,0.035996055226824586,0.030571992110453472,0.5240184444588772,32752.0,192102.52516755628,1498,76571782,61322477,762730,582661,7771601,6262215,7678943,7298880,11155825,11894138,11893476,8913059,6061568,4908966,4394942,4730766,26852697,16731792
13,000021,2017-10-26,0.011943539630836053,0.010857763300760048,0.17861805626290359,3724.0,66386.0041257258,2662,33202876,31334566,2775399,1403785,8597314,7564110,6985653,6866117,5927684,4748387,3067111,3695774,1058624,2706591,1332813,842633,3458278,3507169
14,000022,2017-10-26,0.003843197540353671,0.006533435818601108,0.7154701528403622,23733.0,116682.80338659887,1323,36095841,41013345,882390,666471,6120787,7324081,7832778,5047671,6867871,6925733,4666533,4544855,3112396,1471636,2706364,3088028,3906722,11944870
15,000023,2017-10-26,0.005295315682281032,0.007331975560081361,1.0757714568814458,14808.0,53813.4636527934,520,6107088,10001576,530629,412956,2538032,2859843,991871,2409205,704983,1870237,996053,1502340,345520,0,0,946995,0,0
16,000025,2017-10-26,0.0022547914317925244,0.004735062006764323,1.0155972890789144,22300.0,70172.39365683368,1907,42040759,41615771,1793340,1686207,11344876,9797363,10589337,8726703,9450527,8604805,5230161,5601872,1982500,1405279,870338,2778557,779680,3014985
17,000026,2017-10-26,-0.0071770334928229484,-0.0031897926634768536,0.4169468105013145,14892.0,61954.43187278551,904,18705291,15430004,810020,678346,5405838,3148694,4211615,3148427,3077609,5166261,3194071,1923400,383160,1364876,494400,0,1128578,0
18,000027,2017-10-26,0.0,-0.001547987616099089,0.2454734153823194,9009.0,82061.22909241308,692,11818400,9480324,765534,665965,2479551,2882578,2145410,1517832,1959078,825153,1011466,222525,970001,735030,0,1311528,2487360,1319713
19,000028,2017-10-26,0.0,0.0005730659025788842,1.9662817760117026,13962.0,148474.18813094465,1260,44972439,27892195,2356295,795531,5812039,4294540,7488266,2709271,6576435,3937617,6413467,2543775,4279759,2166299,2612761,2284273,9433417,9160889
20,000032,2017-10-26,0.01528559935639584,0.013676588897827857,0.5096336693058193,11250.0,44732.993155493445,594,6641551,7490235,566338,571639,2233267,2450504,2033520,1757798,984750,1232737,252800,748696,0,728861,0,0,570876,0
21,000036,2017-10-26,0.009307135470527417,0.011375387797311287,0.2318737142111048,20475.0,197800.5322843758,1740,50156700,73727924,1417592,1643997,6929610,9695892,7803171,8700422,7340876,10917395,5070638,6165830,3764852,4806389,3998408,5963989,13831553,25834010
22,000037,2017-10-26,0.002375296912114022,0.0011876484560569,0.40150860433459556,5052.0,31863.670440592705,439,3201595,3438069,447982,560268,1112464,1377913,795205,635525,484792,367333,0,497030,361152,0,0,0,0,0
23,000039,2017-10-26,0.005841741901221553,0.005310674455655917,0.3786389357657105,24680.0,254449.4008711335,2474,120946134,131488067,2047304,1180363,11699689,9237713,11118314,8466240,20860506,15487249,14117255,12120451,11958384,13493011,5485156,5699031,43659526,65804009
24,000040,2017-10-26,0.032369146005509775,0.030303030303030498,0.41226664610310104,14510.0,174800.55162851012,1241,30293063,51567272,498361,1194442,3406270,4914950,5369726,4687288,5179551,9629584,2156408,3127619,2751365,6281426,1785428,6218722,9145954,15513241
25,000042,2017-10-26,0.0053956834532373765,0.003597122302158251,0.43891955023953666,1680.0,31852.49241546024,1444,6684986,5474518,2763562,201536,1937145,1034717,708848,968655,592527,1421803,286896,703815,396008,0,0,470120,0,673872
26,000043,2017-10-26,-0.004812319538017418,-0.0038498556304139564,0.5113880167920841,20600.0,127179.34951018465,412,10642526,15481272,289563,265995,1636222,1359619,1849682,1732064,1237656,3644391,1677666,2159972,308100,350168,849450,3851984,2794187,2117079
27,000045,2017-10-26,0.013404825737265424,0.01072386058981234,0.36109765251028353,19210.0,68912.2143977508,960,18462412,20721787,523572,555051,4002248,5302265,3617217,4337362,4185053,6899041,2327261,1372136,696024,722185,1298379,846186,1812658,687561
28,000046,2017-10-26,-0.006105006105005972,-0.007326007326007189,0.346770776557837,4080.0,51104.22618658751,557,7629787,3671564,685625,368486,1776333,1285277,1961279,811895,708337,880306,1057611,0,369881,325600,406500,0,664221,0
29,000048,2017-10-26,-0.005387484459179359,-0.005387484459179359,2.1762230187300973,7210.5,49084.46061427668,122,1649621,1101869,140859,134398,437096,266257,417170,177579,427066,110584,227430,0,0,0,0,413051,0,0
30,000049,2017-10-26,-0.005232558139534937,-0.0019379844961240345,1.3575010806821564,20520.0,71129.83933859656,1444,36227283,24668815,1005217,614624,8891386,6109126,7867857,4618290,8231882,5350657,5851009,2653223,1452332,2298290,411920,1654105,2515680,1370500
31,000050,2017-10-26,0.028203062046736393,0.038275584206285185,0.4254690189393222,180918.0,1018571.0766741548,3407,665717535,829406212,272213,329008,7781156,7807952,16138415,16852566,37733526,37353434,46812114,41762248,44148949,41419497,31220085,31283354,481611077,652598153
32,000055,2017-10-26,0.00922266139657446,0.007905138339921125,0.16947122375676693,4608.0,48362.64212043749,2008,21068603,18047591,2355526,1632163,6070968,5491011,3083058,3421376,5235644,2406819,1541330,2316560,710194,1337347,1313704,866740,758179,575575
33,000056,2017-10-26,0.0029175784099197966,-0.004376367614879695,0.700198066489266,10960.0,63083.43394018126,383,5495808,3956746,411613,242576,1866565,1366553,1191784,675610,705033,665707,986533,0,334280,0,0,0,0,1006300
34,000058,2017-10-26,-0.013953488372092981,-0.02209302325581386,0.24656786778568482,10260.0,94899.73663435469,1217,27574735,13113278,1560363,1141074,6024468,4650201,4344807,2424091,3153281,1649652,1979034,1437378,1029769,719089,826249,477048,8656764,614745
35,000059,2017-10-26,0.018129770992366456,0.01526717557251911,0.22659208101017556,31290.0,194573.0038801672,2140,70917022,114036388,932162,1161675,8127159,11956250,9308633,12841317,13977002,17410551,11383016,12863005,5873682,9145040,5683689,8025178,15631679,40633372
36,000060,2017-10-26,0.00519031141868509,0.011245674740484324,0.22283955142029632,18512.0,173716.19838685184,2693,95381043,108082582,2414574,1382390,12799431,10039490,9743800,10022058,14573657,15759744,10974103,12643505,6514774,9675130,5364404,6771773,32996300,41788492
37,000061,2017-10-26,-0.0177383592017738,-0.015521064301551979,0.28618578907622394,8960.0,134342.89116860315,993,29183884,11502941,1254888,1345236,4259837,2494898,3328943,2408725,8424481,1523321,2228150,1300551,0,301834,922952,862440,8764633,1265936
38,000062,2017-10-26,0.008284023668639007,0.00433925049309658,0.7261964288951166,12700.0,67422.74145386083,1218,24582244,16866246,1312950,728433,7438050,4882755,4010720,3225019,3071024,5114864,2610799,1346605,2455056,1060370,1350410,0,2333235,508200
39,000063,2017-10-26,0.05078809106830118,0.043432574430823045,0.4797377165401476,357568.0,1483822.1735946594,3544,1341349435,1662266985,222497,296041,4876782,4194188,13483579,11134038,35835138,34430437,41360525,39263470,44061983,39449346,45350079,40404615,1156158852,1493094850
40,000065,2017-10-26,0.04329550231189572,0.04203446826397639,0.47838182691314335,29724.0,125892.68042069074,2477,85750418,101798364,925124,2157073,8961806,13877459,9931794,14372576,14253707,19941775,24381452,17513506,6205858,11076906,4028409,10143831,17062268,12715238
41,000066,2017-10-26,0.0024330900243307862,0.0036496350364962904,0.19066593436123072,16440.0,151817.27943201078,1860,50125084,41687084,1522941,2243537,9934361,8175487,8624501,5453385,8859817,6705185,3178810,5612539,3153448,2691192,2193776,828808,12657430,9976951
42,000068,2017-10-26,-0.0030030030030030463,-0.0015015015015015232,0.26606245221834235,11288.0,71374.41224692269,626,10289232,8931472,341482,712114,2680948,3344057,1835929,1532884,2143392,1035440,900967,776110,1072440,331500,1314074,0,0,1199367
43,000069,2017-10-26,-0.010297482837528626,-0.009153318077803174,0.18127819526571312,13872.0,184827.33935913135,2327,90727743,47113200,3001860,881692,12728050,5217868,16020043,5398233,10143846,8910692,6982125,4407561,3127689,1490693,7600186,5208465,31123944,15597996
44,000070,2017-10-26,0.003386960203217493,0.009314140558848383,0.2903388448485586,19168.0,107542.27463352993,1655,40200983,43001242,1195953,1000000,8762534,8527881,8127773,6997265,8775289,8658278,5746304,6107468,2411369,2169717,1703908,1331275,3477853,8209358
45,000078,2017-10-26,0.003053435114503955,0.0015267175572519776,0.1354778979316152,10512.0,127896.43865702038,2343,64954272,43569246,2686992,1552208,9997904,7626931,7561585,7344545,8665454,7062222,5252817,6133326,3681016,3813820,1791470,3474697,25317034,6561497
46,000088,2017-10-26,0.0011235955056179137,0.0011235955056179137,0.26084368988741025,13462.5,105987.42831846142,1164,27693459,25583004,1340994,1104312,5794392,4447716,3491279,4674556,4707391,4650262,3444981,1628203,2092177,1057153,2195908,1241889,4626337,6778913
47,000089,2017-10-26,0.0023148148148146586,0.0011574074074074403,0.25677774000240206,17260.0,88607.22529098786,1132,21963441,18782795,1082964,686679,5910996,6023676,3957375,2894212,3107839,3947079,735090,1452494,1040290,943205,2196635,0,3932252,2835450
48,000090,2017-10-26,-0.0017857142857142794,0.0,0.2311403932554759,4486.0,62647.88502541489,2350,29530499,24055386,2515040,2194544,6372561,5951164,5973193,4368271,5985090,3649895,2668942,1540840,1694481,1520166,495730,860951,3825462,3969555
49,000096,2017-10-26,0.004344677769732019,0.005068790731354023,0.8239065233287532,8265.0,26709.12958903689,280,3073240,1849776,362589,264250,1141591,802197,1026499,416931,334661,366398,207900,0,0,0,0,0,0,0
50,000100,2017-10-26,0.004545454545454408,0.011363636363636243,0.07408234608752463,134547.0,1028904.6734498393,3555,732079662,865142458,738047,668670,11571151,9239212,20931596,17967776,37571942,37910619,46819588,35742485,33824204,29124045,35705574,27227125,544917560,707262526
51,000150,2017-10-26,-0.010857763300760048,-0.006876583423814586,1.3834851091340945,8218.5,41631.336055091975,398,5979341,2240178,577334,276503,2243525,823715,1152762,109760,2005720,156180,0,0,0,300300,0,0,0,573720
52,000151,2017-10-26,-0.01855072463768115,-0.01855072463768115,0.6799157596967801,16930.0,141679.06870571818,643,20570746,12519367,403557,649838,3224582,2443742,2705699,2296251,3814052,2240557,1948779,816244,672252,1057124,1363722,446940,6438103,2568671
53,000153,2017-10-26,0.000988142292490224,0.000988142292490224,0.33449603293083013,7091.0,37498.938265704295,915,8691669,9513311,496550,1121769,3037271,3616151,2487009,1919485,1525183,1544428,407327,630175,738329,681303,0,0,0,0
54,000156,2017-10-26,-0.0035186488388458947,-0.0035186488388458947,0.45375980615589157,8496.0,86426.3607752905,980,21996759,11344346,773704,1170050,4108235,2796294,2351857,2346223,4582046,2811199,2910542,1106620,1070487,629688,1417534,484272,4782354,0
55,000157,2017-10-26,0.008565310492505418,0.0064239828693790635,0.08112805934167877,8911.0,233901.25909179173,3335,89367422,83279208,4422943,2476657,14147446,9614024,10007853,7905457,12635098,9726193,8914673,6199538,3912043,4756087,4655282,5393603,30672084,37207649
56,000158,2017-10-26,-0.017560975609756113,-0.009756097560975618,0.2615762865491213,14210.0,119902.14010498782,1536,43831764,31266450,788458,1383616,5943466,7859344,5319503,5978967,5252322,6161686,3568651,3709955,2647378,1607470,4457784,934977,15854202,3630435
57,000159,2017-10-26,0.0015576323987538387,0.0015576323987538387,0.3054291334140755,10240.0,71175.78389364094,441,8489933,5755637,520971,411588,2187744,1134436,1216901,1382706,2057418,797761,1341785,714972,717114,0,448000,405102,0,909072
58,000166,2017-10-26,0.006908462867012188,0.005181347150259086,0.12943750556865954,19754.0,165863.49102703115,2005,78647004,66309565,877070,1092508,7879991,7570037,12273522,7258720,16402854,8191675,10260674,10220396,7224065,8821015,2286644,5352743,21442184,17802471
59,000301,2017-10-26,-0.003436426116838587,0.0,0.14619745720065208,11660.0,88959.14995168056,1587,33260566,28775738,1420400,1672948,6329529,6901387,6286848,4793664,4774043,5032438,3915671,3716106,3511036,713563,410767,1398286,6612272,4547346
60,000333,2017-10-26,-0.011084718923198733,-0.0033650039588282166,0.844942776096176,241580.0,756844.2725473257,3579,835421831,691151575,126848,60738,4965713,2586355,16985817,11956726,53310226,45951068,64754084,54490118,62789923,55968771,56388558,47707054,576100662,472430745
61,000338,2017-10-26,0.027027027027027195,0.03346203346203347,0.13306941851402468,72680.0,526273.4629769257,3419,243643216,421840182,1323252,857766,11058944,12570832,22619897,31761090,36775563,49680874,23920799,27786800,14971494,20740140,20418256,27259931,112555011,251182749
62,000400,2017-10-26,-0.008744534665834025,-0.009993753903810187,0.3233898776802339,18948.0,195832.41785243433,2452,111389880,63035431,1746048,1797514,8900176,9868111,21276509,9205313,14518512,9388937,9715370,5354566,8158610,5499053,6685273,3168398,40389382,18753539
63,000401,2017-10-26,-0.0006321112515802474,0.0037926675094817064,0.31210573738635816,31900.0,247807.28392225268,2570,132137823,131078219,1522738,1711692,12090461,10990462,14823895,14902184,21707258,18741969,13325727,14813527,12139187,9179289,8416617,9474514,48111940,51264582
64,000402,2017-10-26,-0.004173622704507607,-0.005008347245409106,0.24812597003021164,11104.0,167440.61006081218,2332,76928874,39245122,3697239,738868,12142770,5113405,7817200,5938781,10851514,5821405,6141823,4888869,4397802,2736180,3137932,866735,28742594,13140879
65,000403,2017-10-26,-0.014323784143904006,-0.013990672884743427,1.0425055140880188,17790.0,149114.65399603584,829,34640537,13852715,1180647,316024,5487909,1347001,5429612,1975974,6674796,2634177,3380242,857732,956327,1252725,853660,1403086,10677344,4065996
66,000404,2017-10-26,-0.0014306151645206988,0.0028612303290413976,0.24901618468950182,14020.0,123136.16521324475,788,18476742,17273993,475991,853495,2912147,4328552,2732753,3511476,2034761,2334313,3501208,1401866,1415695,1374012,1773081,971774,3631106,2498505
67,000407,2017-10-26,-0.006045949214026458,-0.00846432889963733,0.2650821473672954,14814.0,90267.68674791107,973,21665889,13026131,1035237,951642,4620741,4564006,4875409,2888541,3482191,2232475,2186054,1740473,634626,648994,869729,0,3961902,0
68,000408,2017-10-26,-0.012906556530717594,-0.018069179143004765,0.39398613239983854,34110.0,177495.54128895298,2419,119055266,94949922,1338365,1453996,13886239,10825563,15190963,13315201,18423744,19074901,11995307,10940141,10292488,6359095,6597586,8854801,41330574,24126224
69,000411,2017-10-26,-0.0004608294930874557,-0.0013824884792625891,0.6817315343372312,2165.0,16936.94503177078,1013,3987097,1780877,1914002,164846,935118,793343,428561,274936,493016,309052,216400,238700,0,0,0,0,0,0
70,000413,2017-10-26,0.008411214953270907,0.01214953271028052,0.1877248002970059,64260.0,499158.21039373334,3252,293679114,357856957,908134,878753,12992512,13202991,19710410,20795210,40923063,37410768,28068565,30070742,26374087,15357911,13659800,16969740,151042543,223170842
71,000415,2017-10-26,0.003058103975535076,0.004587155963302836,0.12133014086293825,5256.0,60395.23440438629,2913,33609204,31280567,4667703,1644806,11618007,6154968,5121498,5583196,5241909,6500263,2148226,3133219,3454401,2437506,0,833184,1357460,4993425
72,000416,2017-10-26,0.0026075619295959918,0.0026075619295959918,0.32391384387295186,6168.0,79090.4109610934,560,7872550,6066792,464203,455002,1916696,1882597,1728528,976087,1965163,923959,0,734977,0,0,0,0,1797960,1094170
73,000417,2017-10-26,-0.0022296544035675936,-0.0011148272017836858,0.30312330466107756,16092.0,146070.0708821276,876,35784926,22692454,527282,926093,2337158,5031027,2323884,4022414,3665167,3262053,3514491,3817513,5339636,1353344,3026676,891891,15050632,3388119
74,000418,2017-10-26,0.025692419825072754,0.00036443148688047877,1.0799195226452023,27925.0,287746.74142636714,2586,111811527,127025502,901733,1329348,14382365,12366215,11373405,15885963,16293686,19018903,10314632,13625488,7095268,11589653,3966665,5459576,47483773,47750356
75,000419,2017-10-26,0.002902757619738905,0.002902757619738905,0.20553726897069152,1378.0,41710.45137167365,1124,8894630,6323438,1190309,461936,1880983,1602593,1601089,745404,2264103,1416974,1615146,1056331,343000,0,0,455400,0,584800
76,000420,2017-10-26,0.0029940119760478723,0.0,0.13205804461840823,3001.5,49763.50434056778,640,6630744,4465105,450500,511525,1572593,1346163,1176303,439878,1645812,1684469,273785,0,354576,0,0,483070,1157175,0
77,000421,2017-10-26,0.0014388489208632116,-0.0014388489208633226,0.21224341679895095,2076.0,42257.244804408,1072,4604977,4468690,1590134,205560,1236169,832723,907762,1058521,402520,626946,468392,208800,0,370220,0,0,0,1165920
78,000422,2017-10-26,0.0,0.00190839694656475,0.1706561210075628,12029.0,119515.43501696964,943,23869388,19976920,626204,781811,3702926,3873829,2941315,3580279,3568962,4162106,2560526,2921184,1035195,1682982,418152,1354479,9016108,1620250
79,000425,2017-10-26,0.015957446808510634,0.010638297872340496,0.06614069998049761,12112.0,250145.26358306318,3260,102049791,87452148,3909091,1201786,18236615,9478557,11636727,7888340,15895431,10128555,11243652,5754743,5543351,4311476,4875788,3907793,30709136,44780898
80,000426,2017-10-26,0.031102733270499616,0.03393025447690867,0.24298634285529447,16485.0,141160.54024629324,1908,36224856,63565563,1600729,809454,7919786,8804219,6125302,10473082,8171257,10577354,3898470,6470442,2352025,2379684,1312717,4662203,4844570,19389125
81,000428,2017-10-26,0.006382978723404209,0.004255319148936065,0.27278057174476794,5170.0,83722.81406355329,296,4426437,4223208,404443,224485,1319263,661757,833919,599748,1117912,0,235000,0,0,375858,0,872643,515900,1488717
82,000429,2017-10-26,0.005827505827505908,0.0034965034965033226,0.2995107697888545,11977.0,91757.69646479122,820,11556415,18023343,614907,822272,3431897,3373252,1900297,3270095,2153454,2845676,746935,1926517,1014167,351288,480510,2203412,1214248,3230831
83,000430,2017-10-26,0.0019900497512437276,0.0,0.5773869392373364,10060.0,44468.01099836529,302,4097873,3956277,300054,244701,1361526,968176,842095,931181,955959,1315066,0,497153,638239,0,0,0,0,0
84,000488,2017-10-26,0.004934210526315708,0.010964912280701844,0.33753653231644526,52519.0,266586.74600998795,2921,183996217,190565448,1058310,1596343,10283700,13436336,16040226,18195828,32319366,35893256,23947138,23298581,18931531,19798457,12099423,10086302,69316523,68260345
85,000498,2017-10-26,0.0,0.0,0.17067494373485548,2331.0,31751.277083114182,2118,16290379,10437127,2801969,987882,7169953,3157928,2568553,2076208,1911227,1668446,1369543,1163597,0,965766,469134,417300,0,0
86,000501,2017-10-26,0.0036363636363636598,0.0015584415584415368,0.4123932650192609,15416.0,105251.45131398464,2180,52678705,57436621,1288434,2379422,7999038,10056417,7970672,9860372,10536044,12029735,8156755,7108581,5465882,3861446,2674152,2591308,8587728,9549340
87,000502,2017-10-26,0.008396305625524736,-0.005877413937867337,0.514080579993706,11860.0,90031.02951001939,536,12523564,5785352,576706,394768,2602350,2248582,2021945,1368352,1632400,796124,259600,652383,1116950,325143,0,0,4313613,0
88,000505,2017-10-26,-0.0026385224274405594,-0.006156552330694676,0.3911510665871508,11290.0,60032.04298447619,845,18907676,10837631,722019,579584,3921839,2879883,3559543,2117367,5803469,2829199,2311141,919888,2105915,1042168,483750,469542,0,0
89,000506,2017-10-26,0.0035335689045936647,0.002355712603062443,0.20688885935411758,14433.0,159565.08128099714,1691,54032540,44694536,1504601,1411211,7338123,7018508,8059862,5111232,6920425,6209751,5388420,4372333,2325463,3840361,2277004,3926005,20218642,12805135
90,000507,2017-10-26,0.014381591562799612,0.01342281879194629,0.20334878469848358,27482.0,184886.86401645016,2633,89114488,102716215,1491948,1222172,15190509,11990169,14167659,13917239,19606122,19966182,13898113,8278312,6194517,8413870,3106610,4037388,15459010,34890883
91,000510,2017-10-26,0.023489932885906173,0.006711409395973256,0.26316367675171976,14748.0,78650.23462874039,1154,26185039,23595763,849390,1613262,4193109,4956855,6040366,6606783,5453017,4751047,2319206,2251746,4098991,950130,1785160,892500,1445800,1573440
92,000513,2017-10-26,-0.015238095238095273,-0.010000000000000009,1.1924065139411626,57240.0,399179.6496100717,2794,253475771,193811551,723746,1278772,7787407,12401861,15344959,19365889,26665805,28757876,21648426,20431955,28299369,17221768,14229065,11195826,138776994,83157604
93,000514,2017-10-26,0.0013297872340425343,0.0026595744680850686,0.2732168048852885,9012.0,93787.05626923585,757,14070613,8524565,883761,746004,3665154,2624407,1813649,1407962,1346753,1809082,1680584,706708,376752,0,0,0,4303960,1230402
94,000516,2017-10-26,0.0,0.0,0.14798162239752996,10640.0,109716.56352809393,1299,34033354,20558539,957854,1150003,5884403,4324014,5588646,3735372,4236751,3969290,3107373,1972025,2045661,1388472,1426558,448476,10786108,3570887
95,000517,2017-10-26,-0.007109004739336289,-0.009478672985781977,0.1303064505915177,2933.0,90243.61992407253,1050,14135784,7382889,860799,747851,3990175,2684577,3692065,674741,1186700,690662,909230,279720,325260,0,1380120,0,1791435,2305338
96,000518,2017-10-26,-0.007999999999999896,-0.0013333333333332975,0.30476267032958443,7530.0,58699.5425892171,605,7924923,5910116,611255,794768,2135110,2146356,1399210,944117,1304236,640021,477636,703844,375000,0,926476,0,696000,681010
97,000519,2017-10-26,0.0037348272642390157,-0.0018674136321196189,0.3020281328284449,10700.0,73378.1938381279,1257,21833987,17957607,1093186,1194672,5419385,5810089,4393012,3575878,4524601,3389060,2123076,1381705,634110,992338,413316,894315,3233301,719550
98,000520,2017-10-26,-0.0038461538461539435,-0.0019230769230769162,0.15501726845863273,10360.0,96447.12584833075,1126,28404266,16712654,978062,947728,4405538,4046195,3704581,2648571,4378703,5000710,3127432,1531859,1632112,1334549,2178469,0,7999369,1203042
99,000521,2017-10-26,0.013937282229965264,0.013937282229965264,0.14619673627548124,5750.0,101307.19431562832,1544,25005793,24623103,1505786,767797,5127406,3841845,3387569,3768037,4692608,5719181,2000844,2730559,689611,960451,892982,874562,6708987,5960671
100,000523,2017-10-26,-0.0021208907741251393,0.0,0.46749113727462105,12220.0,47476.679387310425,406,7133200,5248795,409052,452981,2029632,1699817,1503794,1343842,1915854,1201355,926328,550800,348540,0,0,0,0,0
101,000524,2017-10-26,0.017656500802568198,0.013643659711075395,0.5041392549052978,5032.0,28427.957805659877,610,3397396,5632948,334038,969744,1615126,1914001,928860,895878,519372,1317888,0,226260,0,309177,0,0,0,0
102,000528,2017-10-26,0.015503875968992276,0.009966777408637828,0.16211325486673606,7299.5,102394.3333539545,3108,66171672,47598262,5614916,1361298,11224742,7804744,9392309,9018781,11782806,8188897,8370733,6238366,5738245,3042156,1747713,5817305,12300208,6126715
103,000529,2017-10-26,0.011976047904191489,0.016766467065868262,0.2940710034690722,9273.0,79403.41270449117,806,12461466,11861291,1188787,603292,3941598,2584100,3159066,1590690,2661941,2732786,738765,497230,370109,344914,401200,0,0,3508279
104,000530,2017-10-26,0.0028571428571428914,0.0,0.15262856707665504,2106.0,55974.98742922281,2109,16783918,16108949,2078054,2216155,2739500,3845492,1997258,2337431,2686711,2736792,2344767,1789751,1747481,1056510,0,445590,3190147,1681228
105,000531,2017-10-26,0.0,0.0023121387283235872,0.3124253817478091,6895.0,48389.05510887273,766,9473184,8118601,735190,607596,2646132,2956571,1461789,1491575,2755116,1809153,1475917,205556,399040,0,0,434000,0,614150
106,000532,2017-10-26,0.0038461538461538325,0.0015384615384614886,0.5490252482484623,11695.5,61637.26532189281,560,7940486,5761184,300953,625931,2486538,2358490,1327133,688640,926766,1276637,206700,811486,667176,0,0,0,2025220,0
107,000533,2017-10-26,0.0019646365422396617,-0.0009823182711198308,0.5917910005539835,17255.0,305006.0644590428,295,16116153,6079204,222399,116828,1319393,1232704,1024127,859199,1947729,807615,1362532,404168,1043933,315890,405600,0,8790440,2342800
108,000534,2017-10-26,-0.0020066889632106566,-0.008026755852842737,0.5371093479315011,14950.0,53887.39601413941,776,16740303,7818548,777589,345468,5781834,2191397,4624802,833456,2898125,969728,1200756,1546757,992392,1931742,464805,0,0,0
109,000536,2017-10-26,0.0018018018018017834,0.0018018018018017834,0.230333718501473,5550.0,99760.08802024745,580,10876363,9674756,475587,544775,1473284,1897224,782543,1298074,1664336,1635375,1221207,1148016,328522,1130141,1342442,414170,3588442,1606981
110,000537,2017-10-26,-0.014573213046495503,-0.002775850104094424,0.33449875022268244,23072.0,227104.1284340293,1859,82349374,65483238,908295,815604,9060913,10861804,10364086,6372791,13025157,9568026,6152041,7654351,5854425,3453498,4372253,3056904,32612204,23700260
111,000538,2017-10-26,-0.010773751224289807,-0.003917727717923536,1.817762283172988,91782.0,417238.1773018251,3161,352588322,307524345,191477,9909,9768296,8867719,27644879,16741319,48249958,35240108,36324362,30429571,25971881,17381614,24055202,17791555,180382267,181062550
112,000541,2017-10-26,0.0010741138560688146,0.002148227712137407,0.2299966694956011,14800.0,102476.15715496744,1639,40958320,33457293,1613051,1562173,7252752,7723525,5693791,6805089,6964124,6814847,5594811,3658861,2415154,1432039,3058152,2304292,8366485,3156467
113,000543,2017-10-26,0.0,0.0017985611510793476,0.19902816604942963,11120.0,201188.07211919324,780,33948259,14569821,576813,686598,2348156,3645312,2416258,2923548,2660502,3209768,2591891,1450541,357619,1096755,411810,428119,22585210,1129180
114,000544,2017-10-26,0.011019283746556585,0.0044077134986226785,0.4850628231455789,18175.0,77363.59811899587,1400,29317796,24203869,1278060,1179858,8547948,6833945,7275955,3350540,7416121,3163620,1794828,2527434,1142560,1719526,475803,464820,1386521,4964126
115,000545,2017-10-26,0.0017361111111111605,0.003472222222222321,0.13097456965246698,1152.0,52744.183876797375,1937,18380400,12944631,1716267,825467,4125047,3120235,3277810,1664961,3936791,2428299,548655,1666958,1353387,1726394,821826,405879,2600617,1106438
116,000546,2017-10-26,-0.0064102564102563875,-0.013403263403263477,0.5000757032200517,17180.0,110298.73599278937,1178,39502097,18322628,855409,784645,6392025,4583201,8957752,3387357,5378007,3475624,2688938,1223391,2476385,1028793,3574020,1813931,9179561,2025686
117,000547,2017-10-26,0.010476190476190528,0.00952380952380949,0.24661530100685736,13552.5,127563.44192620071,1814,46305378,40359291,1131447,2092424,7291554,8598587,5984102,6081108,5023463,8522802,4532118,4301721,1296149,3353360,894072,1707350,20152473,5701939
118,000548,2017-10-26,-0.005161290322580614,-0.003870967741935516,0.17097826285055626,1542.0,35892.72312164962,2056,13972607,5048775,2842287,629119,2972405,2617147,1939801,498523,1438044,632946,1867378,255640,645260,0,483272,415400,1784160,0
119,000550,2017-10-26,-0.006996501749125472,-0.004497751124437732,0.4958974574895825,23826.0,184612.27053534813,1628,63031134,55056693,786744,1697364,7182266,9143608,7998080,8213348,12706385,9163548,7710276,3203652,4192798,5406825,3236882,1707126,19217703,16521222
120,000551,2017-10-26,0.008620689655172376,0.004310344827586299,0.35594275873271747,13965.0,81933.99810959309,679,13666589,13021562,475209,788253,2866542,3143197,2472531,2711480,3590112,1420070,2951327,1120942,371070,372800,435656,918936,504142,2545884
121,000552,2017-10-26,0.013157894736842257,0.007894736842105399,0.0724715934327518,1532.0,54131.276644032136,2766,15153547,13792340,3562545,1044661,4367640,3440368,1794781,1698461,1965914,2182080,1250030,1712547,610014,1079877,951140,411414,651483,2222932
122,000553,2017-10-26,0.0013605442176871652,0.00952380952380949,0.3876207271678959,19285.5,101994.6628381898,1438,35394732,35544057,1176721,827302,8366467,6960815,6974321,5610496,7590536,8083952,4127691,3144788,1642526,1615952,906894,2656288,4609576,6644464
123,000554,2017-10-26,0.01362088535754813,0.012485811577752415,0.2553980868281028,14184.0,92121.31708475141,1190,21053929,28481821,926514,1455265,4995960,5405268,4515232,4505476,5711271,4192216,1526916,2818117,957137,2719057,890511,4360534,1530388,3025888
124,000557,2017-10-26,0.019642857142857295,0.023214285714285854,0.17883024368869474,11560.0,98733.37917662947,981,19206524,21482263,893239,693290,3905803,3988758,3630734,3044206,3437573,5428327,2609033,2311589,1066163,1818403,1807389,455200,1856590,3742490
125,000558,2017-10-26,-0.0015243902439023849,0.001524390243902607,0.22197813084368417,9795.0,68863.7150992553,873,13145230,11191700,964231,918232,4107276,3084109,2508935,1900636,2891929,1323092,1576986,857565,636214,962210,459659,0,0,2145856
126,000559,2017-10-26,-0.005998286203941716,-0.006855184233076295,0.22518554415486217,43719.0,259908.18701396845,2688,186573238,159151725,1018496,1123182,11626671,12304078,14800361,14067594,25720485,25634906,18587573,20315759,14759648,14770510,16978541,12154549,83081463,58781147
127,000560,2017-10-26,0.0009157509157509125,0.010073260073260037,0.22196143134527124,27412.5,158447.50854460802,2424,93096224,79295763,1509955,1311627,12915725,10074367,14007992,11551466,19622253,16033720,11167869,12824354,6882698,7212299,2662817,7645319,24326915,12642611
128,000561,2017-10-26,0.014184397163120588,0.006079027355623046,0.3120257923633878,9930.0,56678.58348479787,1000,13151728,12649073,832799,1765708,3752140,4886375,2231794,3191283,2708053,1698064,1219586,686163,720456,0,496500,421480,1190400,0
129,000563,2017-10-26,0.017612524461839474,0.007827788649706457,0.13814818160578374,10300.0,104456.85500427058,1370,24330640,31779901,1177068,1356857,5443427,5052692,3282628,4373467,1962805,5141269,2158566,4574790,2675262,2438543,414868,2237635,7216016,6604648
130,000564,2017-10-26,0.0034965034965035446,0.0034965034965035446,0.16691636200756277,9724.0,52907.82043149801,1175,14170141,14636390,1139477,969931,4944556,5927488,2791823,2606846,2576664,1323399,1499536,1767746,0,312256,0,496510,1218085,1232214
131,000565,2017-10-26,0.015765765765765716,0.015765765765765716,0.320287675824989,10734.0,47220.745599973365,768,6759025,13613773,817321,961701,2538032,4705067,1821853,3593926,844459,1432464,737360,1104910,0,700970,0,452500,0,662235
132,000566,2017-10-26,0.0007745933384972759,-0.0007745933384972759,0.564049847348335,12890.0,85244.99035880878,523,10696013,11018796,373230,463832,1945835,2175677,1985515,2059933,2814860,1557052,1159438,1415969,1143950,1061662,416378,406665,856807,1878006
133,000567,2017-10-26,0.0030508474576271816,0.006779661016949046,0.8602082702789379,23796.0,99456.37876962245,1176,30574816,33901241,551812,1181766,5162221,5662754,6782658,6403762,6380361,7577679,4448524,3911263,1641975,2463311,1357056,401866,4250209,6298840
134,000568,2017-10-26,-0.014897890860395058,-0.014897890860395058,1.0924513467317005,94336.0,986709.2242351965,2991,464212540,490238069,498932,521188,8954044,12685605,16616395,18323141,30590892,33568514,30497599,27921255,25795872,27579303,21274045,17683064,329984761,351955999
135,000570,2017-10-26,-0.0041899441340782495,-0.005586592178770999,0.20296698583774558,10010.0,88108.33153116558,1246,22801352,12625365,2238075,604218,8001992,2514683,3820137,1628133,4150871,922141,1848261,619234,374170,1667609,914346,0,1453500,4669347
136,000571,2017-10-26,0.004424778761061843,0.001474926253687281,0.24542064146552484,6084.0,47100.352363332975,763,10354276,6023825,508551,588197,2409594,2834398,1716751,1097465,2586757,1169697,1229372,0,1406451,334068,496800,0,0,0
137,000572,2017-10-26,-0.007155635062611854,-0.00536672629695889,0.12288971875178342,17236.0,146295.1833800903,2076,77664610,49563211,1574982,1359108,9177030,8619705,8812206,7282480,16650667,12162136,9291810,3589791,4919266,3109295,4199486,1374264,23039163,12066432
138,000573,2017-10-26,0.0,-0.00170068027210879,0.15363489430215022,589.0,29907.687496323404,1466,8763474,3848050,1211375,625587,2550441,1409255,1072336,636889,2266981,1176319,714632,0,343395,0,0,0,604314,0
139,000576,2017-10-26,0.0024420024420026554,0.004273504273504258,0.7183886753174019,61012.0,432450.64830414153,519,6993781,71896446,159634,385403,728996,1667736,813917,5827483,925004,4138302,1408106,10084333,389163,16040738,1276146,10853720,1292815,22898731
140,000581,2017-10-26,-0.02092050209205021,-0.010650437428679993,0.48348911878644374,80260.5,476431.2427028126,2958,295322180,289596236,564506,618151,10917596,10082163,20476646,17116819,38586957,35507913,31463318,28193369,34650908,20740897,17350970,23653866,141311279,153683058
141,000584,2017-10-26,-0.0019854401058900795,-0.003970880211780159,0.4646234392733176,15070.0,77402.85159157304,1057,23173239,20056811,606100,1350532,4978629,4083871,4900263,3671125,5562736,3742065,793509,1164601,3631613,2187752,2700389,1318170,0,2538695
142,000586,2017-10-26,-0.003296703296703174,-0.0049450549450549275,1.2531159793077302,11796.0,47526.416923427976,210,2289294,2182953,114604,231216,914588,1035875,533902,227569,363000,282210,0,0,363200,0,0,406083,0,0
143,000587,2017-10-26,-0.004010695187165791,-0.004010695187165791,0.21650176957407874,11235.0,268948.9168834874,1195,39991861,48699619,497821,2211787,2540269,4439504,5018962,3975052,11281955,4248428,7225420,2137014,3780943,1812558,1727804,1702683,7918687,28172593
144,000589,2017-10-26,0.0,0.0018939393939394478,0.2371615247409824,10520.0,64433.196450084455,495,8933631,5035941,302196,508876,1564861,2267667,1360258,1113837,1533330,413906,2010578,731655,0,0,422400,0,1740008,0
145,000590,2017-10-26,0.012500000000000178,0.008552631578947478,0.8592630010396243,15320.0,35685.69033703141,312,5670869,3922901,145062,278221,1240316,1281818,3010776,1461444,1069380,901418,205335,0,0,0,0,0,0,0
146,000591,2017-10-26,-0.004830917874396157,-0.004830917874396157,0.13057471147054403,1845.0,103567.9016197792,2266,32336385,22478353,2237315,948315,6034466,4048945,4089973,3199060,5453436,4482801,3075156,2573602,2648253,1698633,1722854,400545,7074932,5126452
147,000593,2017-10-26,0.011131725417439897,0.020408163265306145,0.32318535458683584,10970.0,77796.9656588265,1113,16351349,25791265,1259580,584683,5364731,3499239,3250674,4468690,3549645,6132307,924361,3941445,1354458,1654646,0,862893,647900,4647362
148,000595,2017-10-26,-0.006525285481239762,-0.004893964110929905,0.13602195766469513,15325.0,102039.41052427763,2035,57860290,30989868,1649395,1577980,11678020,7782654,9312153,6004879,12157374,6793716,4607719,2392921,4707198,3180203,1704313,413136,12044118,2844379
149,000596,2017-10-26,0.001325283463407434,0.0022088057723459453,1.4977338644557645,41088.0,308602.6933031656,2061,112537944,148493076,779182,1963748,8402209,10223319,9631759,13416633,14668904,16687807,10772405,14072118,9558245,8654193,6660107,10093057,52065133,73382201
150,000597,2017-10-26,0.015050167224080147,0.0025083612040133207,0.26886508002530674,16807.0,149430.26636664133,1980,57777223,52284394,609563,732415,15549390,8195665,8392820,7652807,8140595,9070148,5663258,3937618,3890466,3011479,1770175,3200432,13760956,16483830
151,000598,2017-10-26,0.015384615384615552,0.015384615384615552,0.12090198115070093,27202.5,293835.88999264594,2346,114880763,121911391,1903295,1072668,12153098,9403370,12895426,10261304,17874026,14961208,10577818,10710549,11621462,7472396,3268506,3664268,44587132,64365628
152,000599,2017-10-26,0.0046948356807512415,0.003129890453834161,0.2556648374571973,12820.0,64235.31112639044,624,9057577,11672803,550748,597939,2660503,3448215,1892330,1683681,790446,1497331,1090556,954089,2072994,3084508,0,407040,0,0
153,000600,2017-10-26,0.003827751196172402,0.008612440191387627,0.26829028357302875,14742.0,90928.58949625785,1517,33733954,35575568,1115986,1072812,7503678,6404150,6446644,3837808,7396886,6710263,3895029,6101587,1683274,4884172,882414,1641448,4810043,4923328
154,000603,2017-10-26,0.011380880121396153,0.009104704097116834,0.5170367778146349,13150.0,51011.58206982679,649,8878206,11103277,413316,719723,2391357,3497053,2245779,1639102,2410115,3730033,552598,1199018,375970,318348,489071,0,0,0
155,000605,2017-10-26,0.005265467310223926,0.00745941202281708,0.6693644740883553,18360.0,61501.60378804972,1159,18332259,23300214,915923,735546,6008146,7305575,3528471,4695483,4981380,3719811,1629532,2732491,779682,1778737,489125,474858,0,1857713
156,000607,2017-10-26,0.013020833333333481,0.01171875,0.2670414233194687,11460.0,90243.68827748172,827,13865198,15930549,808206,856072,3034006,4534611,2900713,2346567,1258539,2839831,962415,425217,3170012,714822,0,1394931,1731307,2818498
157,000609,2017-10-26,-0.0036900369003690647,-0.0022140221402214832,0.5886938226345815,13460.0,70335.22286448292,529,7974442,9680761,361029,582169,2024907,3078532,2026137,1148980,1807314,1248364,1332640,1258940,0,336842,422415,404400,0,1622534
158,000610,2017-10-26,0.006024096385542244,0.009036144578313365,0.7059514935000529,6690.0,45122.917353636076,353,3319385,5111513,238594,492266,897638,1237444,775377,940311,932672,1381146,475104,663706,0,396640,0,0,0,0
159,000611,2017-10-26,-0.0024875621890546595,-0.0024875621890546595,0.30047347887481096,11130.0,84559.67032677996,716,15569371,12447199,438097,743008,2901507,2810981,2309394,2275480,3323032,1793459,1030656,1849271,2784315,2172001,948810,0,1833560,802999
160,000612,2017-10-26,-0.0038022813688212143,-0.0019011406844106071,0.29444752673102353,18738.0,125274.29583968139,1277,34436986,34215262,1142991,751797,5639095,5545789,5141611,6608078,6192627,6468187,1870583,3010632,4874738,2068687,1340024,2504235,8235317,7257857
161,000613,2017-10-26,0.002148227712137407,0.004296455424274814,0.4621886792725192,10230.0,40455.74647963617,405,4851905,4626908,469371,374777,1880639,1516191,1014469,1092662,499797,1435219,223166,208059,764463,0,0,0,0,0
162,000616,2017-10-26,-0.0044345898004433115,-0.0044345898004433115,0.16098034988661386,9000.0,181463.40062311976,785,23944003,10589980,854736,667980,3279245,2501160,2449673,1549134,3738957,3639848,2080071,221892,2140973,0,1314157,872944,8086191,1137022
163,000617,2017-10-26,0.0066225165562914245,0.007224563515954241,0.5520613566642131,5016.0,64907.351340742,905,10846695,8605990,1422393,865883,1994252,3580542,1310571,2507292,2386966,1034558,823236,288045,0,329670,920743,0,1988534,0
164,000619,2017-10-26,0.011969532100108982,0.016322089227421177,0.3904482331010638,11232.0,217473.72729517493,556,8184043,15112595,547563,550693,1817060,2450001,2404570,2277245,2399940,1047348,696075,1047549,318835,328064,0,0,0,7411695
165,000620,2017-10-26,0.009036144578313365,-0.009036144578313143,0.19323823486595598,6570.0,69478.65940727756,1181,16675644,17645844,852910,1434397,2595616,3969957,2914533,4790316,3862825,4413447,1909226,1045748,692314,1344182,1322496,0,2525724,647797
166,000622,2017-10-26,0.0016556291390728006,-0.0016556291390728006,0.29408633852113963,12020.0,104283.95370141866,421,6989913,9362638,381108,332431,1697127,1553209,1494356,1608105,1518542,858660,1003293,932401,362400,309400,0,429827,533087,3338605
167,000623,2017-10-26,0.0016913319238902602,0.009725158562367886,0.42542912712338526,77376.0,415362.5737308126,3091,312894066,297751071,939268,803305,12175723,11546432,20086408,16107367,38322652,34658327,35999378,34130996,28491102,24014147,29898221,19185179,146981314,157305318
168,000625,2017-10-26,-0.009298998569384875,-0.007153075822603716,0.23794236090844964,78660.0,708692.2444530332,3454,448920032,362807642,1284429,821489,15250581,7187274,32291973,18526930,47955817,34201148,30548370,31875867,25635013,30353055,22233199,24456205,273720650,215385674
169,000626,2017-10-26,0.007255139056832061,0.010278113663845234,0.4812088483973833,16740.0,99550.46600948322,1181,26254326,25643740,901770,775804,5895939,5639270,4243834,5525229,5062597,5036549,1913746,2240237,3082179,976440,1765043,0,3389218,5450211
170,000627,2017-10-26,0.018909899888765347,0.020022246941045596,0.17810705611200692,27690.0,205248.989137022,2551,100432630,121806160,1627293,1744721,11463144,12290191,14014448,13197111,16630941,20547654,11136412,12841627,9456373,5906901,6618984,7213020,29485035,48064935
171,000628,2017-10-26,-0.0031055900621117516,-0.0031055900621117516,0.39547037063624485,7643.5,33161.53255450279,596,5946803,5017869,557327,742253,2136340,2152158,1935809,1173738,635885,731524,203942,218196,0,0,477500,0,0,0
172,000630,2017-10-26,0.006688963210702115,0.006688963210702115,0.062142750477591165,12169.5,300895.3105939993,2340,71841776,112847177,1899837,1999562,8844290,9012933,7777848,8963299,8773729,11884605,3884770,5034800,4039455,5074042,3160404,5444705,33461443,65433231
173,000631,2017-10-26,0.004987531172069959,0.004987531172069959,0.14881964242043025,7647.0,107317.63643485424,726,8259566,15591559,407423,1104305,1509448,3278481,1037390,1902316,1162970,2280396,939688,1963292,1063205,312119,0,1207999,2139442,3542651
174,000632,2017-10-26,-0.011126564673157202,-0.01251738525730195,0.27584268656157584,13395.0,104065.8216291346,679,20865821,13385768,669668,617593,2546675,2695487,1804719,1947800,3735297,3633206,1422601,2242132,1797495,1821150,2722548,428400,6166818,0
175,000633,2017-10-26,-0.030864197530864224,-0.02366255144032925,0.2444220534536741,12401.0,195741.0667001083,1583,48027032,28433200,1782001,1412771,8209119,5704161,7103326,2899616,7431464,3062392,2606161,1540856,2381502,1016251,1756948,891398,16756511,11905755
176,000635,2017-10-26,0.001104362230811784,-0.004417448923246692,0.5550832871517004,14400.0,70815.99548616027,1064,21179075,14903216,1018785,1042692,5396815,4801834,4448799,2986097,4571916,2208591,1474246,891182,785357,651100,1374992,452250,2108165,1869470
177,000636,2017-10-26,-0.004415011037527727,-0.0055187637969095205,0.21527331478340433,12642.0,89097.04646764664,1772,36827528,31956853,2036580,1140106,7988091,7645771,7457429,6898429,7238989,5464670,4124667,4127488,1344811,2075806,1744386,903999,4892575,3700584
178,000637,2017-10-26,-0.001506024096385561,-0.001506024096385561,0.15579665136606077,664.0,24512.091042427804,1817,7991656,5113432,1970667,422510,2654715,1744760,1477674,927470,1019715,1314521,564164,220115,304721,0,0,484056,0,0
179,000650,2017-10-26,0.0032679738562091387,0.0016339869281045694,0.1779761681255004,12260.0,98169.3971310917,1183,24034297,27386114,957966,929828,4616248,4306767,4130337,3737545,4344723,7519826,2069394,2342481,2661446,3226061,1768940,935298,3485243,4388308
180,000651,2017-10-26,0.020709354915496414,0.01309212092358969,0.7011397383267264,415023.0,1788498.5582976665,3591,1508855726,1743172729,90110,94408,2736287,3671839,9839871,12369429,31634440,39299304,43375567,44452352,50824695,50877725,49434886,50268360,1320919870,1542139312
181,000652,2017-10-26,0.009560229445506607,0.009560229445506607,0.1338619079618554,3688.0,51637.79317283151,1529,12152623,17483084,872171,1622953,3066279,5167349,2301479,2879476,4000662,2365199,953254,1291929,316200,1028639,0,925841,642578,2201698
182,000655,2017-10-26,0.008827238335435084,0.008827238335435084,0.2159952505508601,3985.0,86410.27465539833,1348,16644642,14531683,1308805,797872,3902649,3270598,4701804,3035773,1774339,3132399,1199534,459138,397500,1021990,959211,453033,2400800,2360880
183,000656,2017-10-26,-0.006172839506172867,-0.004115226337448652,0.1430820855290429,9640.0,92889.66348162838,1155,22541538,14665741,1294478,1138054,5714127,3920267,3576445,1856650,2673278,1530725,2429754,710039,0,743494,1888598,964710,4964858,3801802
184,000657,2017-10-26,0.008689355539464039,0.010137581462708045,0.4081820442197445,13980.0,75109.55746467119,1144,19586418,23836491,991317,1061729,5556769,6281328,3388135,5182590,4061907,6384637,1788750,2398042,393390,1054405,488600,944690,2917550,529070
185,000659,2017-10-26,0.0,0.005291005291005346,0.15986559738155345,7959.0,79181.0713481012,559,9847093,8825479,431032,464857,2226070,2214899,981676,1262505,2164508,2226720,934086,1143277,1025202,357552,498666,460629,1585853,695040
186,000661,2017-10-26,-0.008591165031636483,-0.015498926104371091,3.8502031157701753,50850.0,448774.8442284306,2005,182447601,157679833,13409,0,13549882,5437823,12168583,9989398,18194478,15513658,9752451,20458396,11973607,7799383,7171863,7477657,109623328,91003518
187,000662,2017-10-26,0.01037217815741287,0.0036607687614398365,0.5387458476737272,13136.0,108874.22535570218,925,16113908,12842854,1328491,809226,4953529,3384468,3543661,2825956,3478032,3545495,719385,466486,0,330200,908705,884727,1182105,596296
188,000663,2017-10-26,-0.005787781350482302,-0.0038585209003215715,0.6502973719165944,14067.0,73068.34314940198,571,11208027,9327219,497053,612223,3518613,2223681,1620044,1805662,3158016,1652123,492292,526686,687925,642298,0,463500,1234084,1401046
189,000665,2017-10-26,0.002586206896551868,0.0008620689655172153,0.5198616294215638,11630.0,109592.64053109524,497,11658221,7647885,366380,459631,2026470,1974288,1612475,1654265,1199364,1646439,1030385,740357,1017149,653044,492264,0,3913734,519861
190,000666,2017-10-26,0.01904319554110545,0.026939154667905196,0.4643362489194369,24211.0,168171.6885359068,2150,65403771,93211193,1264345,1373518,9357202,11467327,9451968,9636316,13781750,17090315,9306909,10983054,3841623,4929333,5838754,7166395,12561220,30564935
191,000667,2017-10-26,0.0,0.0,0.101463515154007,3674.0,69856.14546328873,1080,12252004,9479146,1250739,771018,2918212,2196048,1472618,986811,1475166,1760224,1195538,623959,2738868,658971,0,463536,1200863,2018579
192,000668,2017-10-26,-0.003012048192771122,-0.0072289156626507145,1.016554299868619,8245.0,66082.81766352738,266,4025036,2654246,345964,133585,836563,1055431,383189,653362,906027,811868,285104,0,0,0,457865,0,810324,0
193,000669,2017-10-26,-0.008793969849246297,-0.008793969849246297,0.35341830792437934,4734.0,50123.37945324469,2030,26519117,10874866,3357014,693865,10752886,3631595,4092151,1778604,3337453,1726995,1680095,906891,684618,650136,884800,0,1730100,1486780
194,000670,2017-10-26,0.030487804878048808,0.025914634146341653,0.1351060742107612,19860.0,76242.63295695937,2362,45897598,61777013,1608458,1840962,11057899,11601387,10592213,15090696,9355656,15648164,4711447,5377427,2989846,6538705,1765587,2189306,3816492,3490366
195,000671,2017-10-26,0.009776536312849249,0.011173184357541999,0.12980114605553264,25445.0,196940.36461174855,3059,125989119,112380816,2329800,1132781,14694008,15096831,17901922,11412367,26652513,15950698,13543652,11324923,7924717,9688334,10880984,6086879,32061523,41688003
196,000672,2017-10-26,-0.015281757402101248,-0.012416427889207382,0.19470527648201905,32896.0,530205.7194108485,2895,143166174,192447703,1200347,1656217,12075754,15254367,14862499,14986162,20228866,24773495,14652462,15347209,11634062,11390498,9303365,12091390,59208819,96948365
197,000673,2017-10-26,-0.005972696245733822,-0.0017064846416383617,0.4670319789683125,11730.0,136885.1006382511,629,18487133,10523531,384843,513801,2843193,2615247,1915832,1985198,4171822,1678464,2045798,1077081,703200,354246,483966,460596,5938479,1838898
198,000676,2017-10-26,0.0021398002853068032,-0.003566333808844413,0.49444873892609764,6990.0,142363.6678009309,804,23008950,7966463,527901,749546,2174035,3387061,1648082,2001085,1819614,1232451,488650,246928,735868,349392,2507400,0,13107400,0
199,000677,2017-10-26,0.0,0.0064239828693790635,0.189853739282411,4710.0,71389.73791316408,605,7752586,8753337,702099,355744,2426350,1195889,1433388,1116831,930439,645142,806541,799249,968556,1676676,485213,1403775,0,1560031
200,000678,2017-10-26,0.0036452004860265674,0.002430133657351119,0.3319394420624714,9912.0,55338.72742816356,614,8079780,8092207,617218,789309,2424356,2630642,2128533,1318534,1497484,1224379,998689,448234,0,387036,413500,0,0,1294073
201,000679,2017-10-26,-0.002293577981651529,-0.005733944954128489,0.39523403360530684,9981.0,49056.36695516331,486,7906364,3479369,392182,537053,2371854,1759499,1216160,697986,1343897,259066,977714,225765,739057,0,865500,0,0,0
202,000680,2017-10-26,0.023508137432187937,0.016274864376130127,0.11766037170544107,5620.0,89466.08625826966,2214,35370339,34337562,2083387,984614,7733119,5261093,5377771,5735400,6027688,5004510,4490552,4713933,1811255,2727749,1749038,2526437,6097529,7383826
203,000681,2017-10-26,-0.039813857290589394,-0.03619441571871762,0.5242045188646088,20449.0,146981.1121034663,1363,48955903,27484286,823456,1489762,4049069,8178419,8923869,6643592,8882217,4333730,5180599,1548801,3373984,2171646,3161010,435710,14561699,2682626
204,000682,2017-10-26,-0.0037735849056602655,-0.0018867924528301883,0.22172896105076942,8480.0,45627.207428590715,571,8548678,4929888,645260,568158,2288390,2031699,1992345,1015806,1406565,928584,1348081,0,340037,385641,0,0,528000,0
205,000683,2017-10-26,0.0031446540880502027,-0.0062893081761006275,0.06957439753198486,7314.0,230259.65109399956,2105,75770278,45321963,2310156,1419054,7128029,6649649,6155379,5285298,7393174,7861411,4791037,3116367,4006189,1635603,3617168,2821660,40369146,16532921
206,000685,2017-10-26,0.0,0.0018518518518517713,0.32618590781473633,8656.0,152138.3228462738,1096,21260524,30394407,1452806,823643,3357760,3591198,1789339,2670585,3115283,5373316,1383528,2306753,2297811,630910,3087091,897396,4776906,14100606
207,000686,2017-10-26,0.0029910269192423566,0.004985044865403854,0.2651339550764141,18054.0,103563.97696266529,1431,34487770,38978552,731088,982494,7255764,5631188,6374323,6376795,6209801,8230184,3659780,5283790,2389991,3140848,3082522,2583293,4784501,6749960
208,000687,2017-10-26,0.010135135135135087,0.01418918918918921,0.3025420683507262,33856.0,172818.42731841884,2395,93492391,115755400,1064836,1113844,12546167,10929295,15087856,13461427,19080870,21982520,13551918,14926161,9820720,9796797,5347921,6729105,16992103,36816251
209,000690,2017-10-26,-0.0025510204081632404,0.0,0.205532651304664,11745.0,125792.2960145727,1456,33753312,22491293,2025471,652646,7542956,3573020,7643425,4084126,10075535,4505166,2612795,1252898,1734924,1934976,417872,440160,1700334,6048301
210,000691,2017-10-26,0.0054421768707482165,0.0054421768707482165,0.5097800673358136,14820.0,89451.35317104004,207,5131049,3445227,261604,77160,1445714,736604,860663,755855,360056,555929,532140,461679,754356,0,402016,0,514500,858000
211,000692,2017-10-26,-0.0092592592592593,-0.016975308641975384,0.2803559578480528,6996.0,60594.9680748436,534,10371348,5010438,365924,525493,1595508,1911769,1377800,1206688,3680017,475170,1308757,490693,1405167,0,0,400625,638175,0
212,000697,2017-10-26,-0.0026595744680850686,0.0018996960486321601,0.5585924970452911,31320.0,244789.52510458961,2221,126678011,83126821,800370,1251116,10444335,10872519,10687778,12849651,19979401,15616493,14369564,13998365,9523915,4790408,3647562,1824595,57225086,21923674
213,000698,2017-10-26,-0.0015503875968991832,-0.0031007751937984773,0.2704837531344177,7073.0,74175.17479410226,568,10157840,5612957,427375,617918,1973175,1794302,1659090,1861168,2203393,1018428,1152567,0,335360,321141,421120,0,1985760,0
214,000700,2017-10-26,0.002902757619738905,0.0,0.2815963667050003,14834.5,123073.86280277216,598,18894963,10592947,481635,481690,2764667,2672093,4242953,1559588,2090647,2076525,1440840,2397545,681030,735236,1708557,0,5484634,670270
215,000701,2017-10-26,0.0024449877750611915,0.0024449877750611915,0.4182987157235688,15925.0,67641.05617925044,860,16735281,12075543,589630,1056234,5212634,4762168,2977122,2485747,2698793,2285951,729934,534273,1072165,951170,0,0,3455003,0
216,000702,2017-10-26,0.0,0.0,0.311937029431077,11970.0,60817.337868677125,749,13469811,11117814,469126,900790,4261216,2775828,2059556,2469301,2179346,1911101,2724244,1314960,1350823,645721,425500,480238,0,619875
217,000703,2017-10-26,-0.034798534798534675,-0.02564102564102555,0.37758563478878243,20514.0,140540.8959402026,1884,59482975,58503261,1275406,1518019,6797123,9889235,8350769,8322760,12080554,12401493,3311235,6640801,6557173,5961670,3742691,3959279,17368024,9810004
218,000705,2017-10-26,-0.0009514747859181716,-0.006660323501427201,0.23451036566887262,2088.0,20352.31255586124,2010,11569201,5057298,2950343,599207,3951554,2069194,1968562,1531153,2121429,627845,577313,229899,0,0,0,0,0,0
219,000707,2017-10-26,0.003034901365705611,0.0,0.28366645463951984,9810.0,45087.858290367774,539,6461928,6326702,562293,430988,2410176,2228908,1238125,917271,1288250,1404905,482394,948630,0,396000,480690,0,0,0
220,000708,2017-10-26,0.01552795031055898,0.016304347826086918,0.3473099566146015,3900.0,75587.9351882935,1375,19946639,18966445,1739828,422593,4469930,4187391,3135799,2080060,4647362,3962292,1752486,1691438,1681579,1368916,899674,1287032,1619981,3966723
221,000709,2017-10-26,0.009302325581395321,0.009302325581395321,0.0788713907592873,26099.0,333606.07764896756,2991,140451345,124973499,1934621,1564583,16957753,12372270,21362020,11718026,23373090,16651411,14009146,10006687,6112505,3412728,8541036,3157888,48161174,66089906
222,000710,2017-10-26,0.0017741935483870375,-0.001612903225806428,1.8104670800499651,24688.0,93700.93357059699,1172,35431482,27081423,850689,793429,6579881,5677924,6461321,5335124,7880562,6178065,3917021,3021279,3656507,2953880,901388,862530,5184113,2259192
223,000711,2017-10-26,0.002135231316725994,0.0,0.4645780226013912,14080.0,69618.89690556077,914,16092460,14355675,778075,999994,4003499,4597419,3014128,2255388,3088712,2162631,2914625,1402684,311168,0,1278253,858699,704000,2078860
224,000712,2017-10-26,0.0066090493136756745,0.009659379766141285,0.48076799432214495,19875.0,136594.81450064117,1674,55545224,47599398,1631906,1116875,8069281,6433377,8774474,5740919,10307577,10103290,7264507,5001128,3643831,4460648,3908580,5306993,11945068,9436168
225,000713,2017-10-26,0.004999999999999893,0.004999999999999893,0.4120604713518414,11650.0,54414.887718771904,376,6345776,4823021,432771,327638,1795434,1504905,1577930,921565,831803,1364385,440850,704528,301491,0,403406,0,562091,0
226,000715,2017-10-26,0.008514664143803197,0.0056764427625355385,0.48302677319464987,3205.5,38045.46072080539,478,4352936,4042923,390231,394655,1478338,1238287,1486586,1176970,534771,237125,463010,516354,0,0,0,479532,0,0
227,000716,2017-10-26,0.0046224961479197635,0.0015408320493066618,0.16028207445186038,6510.0,61044.8882037847,1641,27036057,19906886,2226822,840632,6111070,3934513,5102858,5386609,5460218,5097481,1949508,2098634,2110006,1681965,2234287,867052,1841288,0
228,000717,2017-10-26,0.044619422572178546,0.04855643044619429,0.14221654188627783,50511.5,395355.08990980964,2878,168116902,248433614,1306732,1304207,12195470,10504469,19804068,17006890,32047437,28813471,20510076,21057637,17459634,17990377,9212773,12045794,55580712,139710769
229,000718,2017-10-26,0.0018248175182480342,-0.0018248175182482562,0.19409978837052036,5460.0,81090.88076495353,797,14247635,8960318,678503,701245,2251890,2619407,1927580,1534819,1765524,1054596,2026976,1577868,741385,651883,447712,0,4408065,820500
230,000719,2017-10-26,-0.001953125,-0.003906250000000111,0.33898248326605146,10155.0,59867.46862653741,912,16587082,12075237,601328,782539,5721955,3443794,2549148,1879295,2856333,2443399,3045474,439928,334641,1625202,459684,406400,1018519,1054680
231,000720,2017-10-26,-0.05689655172413799,-0.06034482758620685,0.13345306407991384,17920.0,312680.617502439,1899,71975168,71422091,870568,1325050,8415205,7936211,7255584,9093929,10919364,11393093,5367079,6212359,5255506,6813868,4491270,3434911,29400592,25212670
232,000721,2017-10-26,0.0,0.0014204545454545858,0.28442318295306623,8077.0,53789.720871427475,612,7944417,7557735,601996,723399,2133167,2699011,814214,1098180,1113588,1834194,2346400,624051,0,0,416394,0,518658,578900
233,000722,2017-10-26,-0.0008230452674896638,-0.006584362139917754,0.5456164840046441,12070.0,63448.15613400423,495,9950926,5129175,440564,502384,2157867,2139620,1818681,795812,2034458,712813,1397110,0,1018708,0,437658,451236,645880,527310
234,000723,2017-10-26,-0.008045977011494121,-0.005747126436781436,0.24583324975306484,15588.0,254162.39295125328,1253,51611502,52529371,1011219,757629,4089981,4691061,3986472,5082664,6761975,7487449,5005005,4972621,4858186,2428093,10529525,4434355,15369139,22675499
235,000725,2017-10-26,0.0176678445229681,0.007067137809187329,0.09451324790009262,713013.0,3173299.681161637,3602,2595139137,3237039364,0,0,563634,283920,3748414,2769308,26910866,20890951,44460591,36642933,58581015,47786482,65743651,63107119,2395130966,3065558651
236,000726,2017-10-26,0.014143094841930104,0.014975041597337757,0.3277077516260621,15651.0,87870.75139331628,1345,23249103,31666264,805781,1148858,7353568,6446990,3390607,6264156,3869064,6055968,1562886,4773669,1067994,627199,941194,2296112,4258009,4053312
237,000727,2017-10-26,0.0033783783783785104,-0.0033783783783782884,0.05861856539745975,11840.0,260672.12150964752,2577,109418152,93390627,2527074,1436161,9738898,8105408,8908845,8428570,11945194,12369601,8820018,11289683,6938348,10590880,3995912,4548932,56543863,36621392
238,000728,2017-10-26,0.003894080996884819,0.009345794392523477,0.26199410031921544,36428.0,245529.08000925247,2403,135728784,136711709,1103060,1127523,12181163,9460958,12591725,12680699,18688914,18449069,13577093,15220671,16680565,11565320,13716184,8359579,47190080,59847890
239,000729,2017-10-26,0.0062208398133747345,0.007776049766718529,0.153468644868503,7758.0,162758.36428982837,1758,33904533,36843718,1856581,1265237,6807240,5683861,4840553,6007730,4454790,6040581,2649836,3424897,1412428,3462648,406274,3568092,11476831,7390672
240,000731,2017-10-26,-0.004796163069544224,-0.0023980815347721673,0.27856084000022807,16600.0,110070.58826251424,896,22319931,21207533,869882,780150,4259385,4360939,3887330,3430041,3646103,4001850,2985528,1251960,2843629,1461582,822528,1773871,3005546,4147140
241,000732,2017-10-26,-0.008139534883720989,-0.007558139534883712,0.3642381399372956,3429.0,74967.12963454022,2232,25857035,12386710,4154005,1345295,4878595,3849906,3110338,1689778,5558006,2567349,1626731,1412529,1411690,1000303,0,0,5117670,521550
242,000733,2017-10-26,0.0241837968561065,0.022370012091898595,0.3651484711477203,13255.0,112725.39200655592,2052,38119580,58752900,1841049,1833153,7939917,7364169,7496324,7939182,8549111,10951590,3015810,7111875,3750355,3855605,884240,3552635,4642774,16144691
243,000735,2017-10-26,0.010262257696693311,0.003420752565564511,0.16437610717053194,38610.0,200992.8560676902,2854,156092655,128756701,1798784,1414975,14428880,9967562,18148764,14395818,29953325,25850278,20159730,17022936,16499862,12193310,10932360,8901729,44170950,39010093
244,000736,2017-10-26,0.005491153142159755,0.011592434411226149,0.40792542544823407,16665.0,82931.29139774658,1618,37225829,25149495,1682775,1272722,9182805,7527564,7892343,5002683,9113884,4421183,4094280,1929751,1412127,1071098,449010,875872,3398605,3048622
245,000737,2017-10-26,0.010291595197255532,0.010291595197255532,0.19936719903730854,10548.0,44337.14915504304,855,9930006,10409342,787023,776156,4206254,3010056,2159568,1890267,1992149,2626319,0,937390,375512,697954,409500,471200,0,0
246,000738,2017-10-26,0.011681056373793908,0.00406297613001505,0.4861282922239714,17716.5,128542.15858161171,1640,39419784,36784134,1185413,2067299,6641544,9159223,5565540,6489062,7321031,6797138,3623878,2185100,6248706,1783471,1246496,3971497,7587176,4331344
247,000739,2017-10-26,-0.0027137042062416183,-0.005427408412483015,0.3290337171161262,11760.0,52809.85313995867,501,8794418,5945594,352596,477311,2523656,2087965,2239335,1368553,1725846,986077,698317,701408,636640,324280,0,0,618028,0
248,000750,2017-10-26,0.0052631578947368585,0.010526315789473717,0.14429206609580114,11540.0,98956.84544877158,1563,26409498,36689919,1366847,1157854,5921372,6951939,5404213,4244815,3999811,8464569,3273559,2920589,1708094,1392967,874670,1252683,3860932,10304503
249,000751,2017-10-26,0.006993006993007089,0.00874125874125875,0.1353727140369468,13859.5,126862.41484645817,1788,36732944,46400254,1347505,1493131,7482407,8419037,6671172,5878224,7038166,6713414,4148144,3542179,3324745,1421524,900456,4400499,5820349,14532246
250,000752,2017-10-26,-0.0021082220660576523,-0.0014054813773717312,0.5951203613426358,14200.0,56669.52736020144,571,10108210,6822707,523473,561062,2546477,2745441,1899378,1657110,3083384,1151798,709856,707296,0,0,0,0,1345642,0
251,000753,2017-10-26,0.004434589800443645,0.006651884700665134,0.1785192200822042,8144.5,76598.60194674718,638,9195987,9289547,512453,807169,2096437,2412335,1547639,1420463,1404473,1833756,510876,895980,711898,1033682,0,886162,2412211,0
252,000755,2017-10-26,0.0016000000000000458,0.0016000000000000458,0.2237419515446295,6864.0,51065.40964558778,780,11256268,6098738,886727,769642,2841661,2312696,2873428,1686528,1977368,475214,498959,221875,0,632783,846905,0,1331220,0
253,000756,2017-10-26,-0.03041237113402062,-0.021649484536082397,0.46252254004268983,19635.0,136477.73090363966,1762,57570663,45851962,2021579,1124050,9269631,6434151,9718909,6822793,10809550,11440820,6106723,6944324,4149097,1453312,3553687,1748020,11941487,9884492
254,000758,2017-10-26,0.011142061281337101,0.012534818941504211,0.17800497445239374,13803.5,140220.28292869512,1628,33841599,44848767,1425114,1478643,6728338,8169413,4375018,5946401,4911899,5629317,3194010,4093213,3156965,3569435,1765470,1356935,8284785,14605410
255,000759,2017-10-26,0.005494505494505475,0.00659340659340657,0.30941675378331013,9200.0,56637.566585773,865,11127943,8801305,923213,766040,4187445,2828696,1309180,2130847,1316733,1198234,275700,947978,357240,318085,468975,0,2289457,611425
256,000760,2017-10-26,-0.0011507479861909697,0.0,0.2701639108560305,6936.0,50476.67533082283,1035,10417666,11233811,643410,1495719,3193126,4239083,1343897,3011365,1601269,1108955,527650,252588,1024193,637980,1296927,488121,787194,0
257,000761,2017-10-26,0.010752688172043001,0.012544802867383575,0.14010292521739995,8928.0,131994.8581347156,1589,27020336,40961005,1242688,1824800,5713251,5730518,4818084,3377706,6088448,4384627,3552730,4424873,1065474,2791191,1836415,2732845,2703246,15694445
258,000762,2017-10-26,0.014446227929374,0.012306046013911276,0.34720125806466434,45480.0,193978.43370949887,2899,145613731,160783575,1377153,1179638,13529422,13351076,18746830,17965987,31335590,29626455,18086477,20007957,14984919,18375444,8768841,15242193,38784499,45034825
259,000766,2017-10-26,0.0055749128919859725,0.013240418118466879,0.39213578038816743,14535.0,77672.55980267594,1340,23512622,20566042,1200206,1155683,7344625,6177338,4176326,3983382,5079550,3075897,1613740,1412217,1407425,2559120,433500,434805,2257250,1767600
260,000767,2017-10-26,-0.0029673590504452063,-0.0029673590504452063,0.14748188026759926,5200.0,94402.62643419162,522,10616421,4006735,417055,534154,1541785,1447213,824216,571284,1319419,408412,702160,272832,2338897,336000,466082,436840,3006807,0
261,000768,2017-10-26,0.01308900523560208,0.009947643979057563,0.37847254684368115,34596.0,193781.22819297598,2548,105538970,138412722,1448311,1481540,12096813,14279030,12918665,14985669,17533849,20212299,10633748,21563987,12157894,19992458,7834266,7443727,30915424,38454012
262,000776,2017-10-26,-0.0005434782608694233,0.003260869565217428,0.3361441751699844,70338.0,400786.418666308,2998,278694033,269887604,777377,967432,10757477,13103553,17231189,16749696,34982484,38120601,20437762,22050364,45237148,26143144,27993776,18636600,121276820,134116214
263,000777,2017-10-26,0.01427721594289122,0.01427721594289122,0.5188409908935084,16810.0,101799.68997158675,1049,19274435,27466868,942741,830616,4750607,5021007,3519531,3293083,3706146,3584777,2013528,4500750,1347890,2439972,834179,928324,2159813,6868339
264,000778,2017-10-26,0.01140065146579805,0.008143322475570258,0.11931995022756894,8014.5,147378.7205413385,2654,63275333,52468375,2774026,1259972,10532171,7837314,7852581,7124547,10416429,7717189,3293158,4532271,6062819,3687609,2624406,2225350,19719743,18084123
265,000779,2017-10-26,-0.002949852507374673,0.005309734513274433,0.5818600140976314,17040.0,73652.61458426664,848,16250404,17396554,644610,553836,3932894,3968474,2889521,5573451,4798479,3926222,930983,1192784,1379140,376482,0,413100,1674777,1392205
266,000780,2017-10-26,0.007920792079207928,0.005940594059405946,0.24977317661018122,11592.0,56094.93788129424,408,5784163,7914685,257816,344776,1313788,2077917,1374928,1600657,719903,2303799,1082785,1587536,1034943,0,0,0,0,0
267,000783,2017-10-26,0.006342494714587588,0.0021141649048626032,0.22005603683368127,19782.0,136760.29148327268,1849,64682747,45416269,1414582,1258775,11280637,6365377,10976807,6305078,7860505,9286265,6049750,4522197,3097795,5312382,7436838,1289183,16565833,11077012
268,000785,2017-10-26,0.005342831700801298,0.006233303650934996,0.5487596312134511,11290.0,108754.2105052532,418,11181891,7918755,250376,452342,1412084,1652774,1492672,612354,1674543,1464112,1850826,676069,1655550,397407,413280,0,2432560,2663697
269,000786,2017-10-26,-0.019189765458422103,0.0051172707889126645,0.4073451838259846,94880.0,390155.9324609247,3323,302841841,350874353,717399,886806,9266879,10120088,16093375,22707830,48500810,49743761,35476476,38890175,21479475,33546535,17090999,24322099,154216428,170657059
270,000788,2017-10-26,-0.003948667324777944,-0.0049358341559724295,0.36610184871067414,11055.0,95337.70163230598,765,19821931,10477623,417407,662309,2975476,3438503,2433035,2452622,3611403,2422003,2385326,1149814,1972404,352372,0,0,6026880,0
271,000789,2017-10-26,0.0023041474654377225,-0.0023041474654377225,0.23865001079369352,18942.0,151335.47090071408,1323,50460288,32713102,1223719,938825,7570129,5445758,7452841,3714345,7174782,4689586,4425328,3813203,3346280,3101795,4870272,3041318,14396937,7968272
272,000791,2017-10-26,0.024468085106382986,0.025531914893617058,0.18079481236662537,32266.0,165157.8042854554,2707,107796909,116166718,1667107,1557896,12525029,13002167,15145084,16135693,21765695,23311339,13301982,16277997,10315470,7964559,7946628,10649243,25129914,27267824
273,000792,2017-10-26,0.017219387755102122,0.018494897959183687,0.268842189390001,108010.0,538362.6394277649,3405,448445059,491680532,951221,615630,11579314,10185172,21069374,16838251,42834270,45295359,36267923,39408137,30200144,35165443,27431719,31022741,278111094,313149799
274,000793,2017-10-26,-0.0038872691933915515,-0.002915451895043719,0.3296278817594064,10250.0,270504.7003773446,974,23007348,31493297,922611,759384,3895117,2574716,2507474,1553832,2943424,2976979,2456412,2548037,2308693,1587050,1361762,873530,6611855,18619769
275,000795,2017-10-26,0.012261580381471404,0.012261580381471404,0.15995153398611162,17066.0,108507.95055447676,2108,42241722,54564703,1627985,1742923,10847309,10906694,9034684,9019354,7451167,11088784,4878407,3746568,3315008,3853648,978870,2621879,4108292,11584853
276,000796,2017-10-26,-0.005154639175257714,0.0007363770250368162,0.4041175521539026,16416.0,65424.32012751032,1129,18101802,18853826,690791,920641,4554610,9002372,2581617,2347222,4759989,3194310,1195385,1183237,1024580,1287005,406800,919039,2888030,0
277,000797,2017-10-26,-0.0030864197530865445,-0.006944444444444531,0.34668119811370857,20616.0,241222.00490893386,1398,55713563,42179337,1079281,679603,7045746,5616110,6832898,4389417,10033936,7343881,7273659,4239692,5349003,3391044,2737423,2699971,15361617,13819619
278,000798,2017-10-26,0.021621621621621623,0.022702702702702693,0.32860472854274475,9219.5,72502.85617989732,792,6871628,14459077,682545,964386,2198916,3452768,1748510,2066473,1018394,2309824,469718,934283,340949,997974,412596,1371880,0,2361489
279,000799,2017-10-26,-0.0011029411764704733,0.0018382352941177516,0.49872587211398345,52516.0,327699.0917956721,2975,195652983,239192856,821174,1412233,10271376,14036675,17509111,16646994,25725071,29150004,26461237,27482356,20822363,23624563,17346834,15665665,76695817,111174366
280,000800,2017-10-26,0.009599999999999831,0.005600000000000049,0.26366811230005865,34916.0,226586.97271501934,2249,106603200,107766365,1061030,932267,12915363,9225216,13855501,11601310,16700902,17287814,14626121,13989167,8231424,11863632,7600929,5978048,31611930,36888911
281,000801,2017-10-26,0.006345177664974555,0.0038071065989848663,0.2611705346753087,9420.0,67450.05510631518,910,13496511,15940181,821059,1252188,3705391,3376779,2648251,2631495,2389345,3257477,1220161,2945486,325444,1374872,944740,0,1442120,1101884
282,000802,2017-10-26,0.01941747572815533,0.027184466019417375,0.33347068604320956,28638.0,122945.97506776526,2147,66616210,79361966,1451279,1452303,10321727,10673777,12329723,11069116,14409726,18729745,7637758,10223406,6537316,7676018,3234685,4083225,10693996,15454376
283,000807,2017-10-26,0.016077170418006492,0.01848874598070749,0.2151405316942742,103812.0,554511.3811908717,3349,401688859,429899221,581954,672196,11378516,10865484,20177308,19780726,49446288,47676332,41374195,35175358,30531301,30624978,22814493,28577313,225384804,256526834
284,000809,2017-10-26,0.0,-0.0046511627906975495,0.2525675388988841,10725.0,55492.02924260881,289,6045011,2894672,346935,200403,1126762,1193038,987502,299584,1211997,987147,1580015,214500,321000,0,470800,0,0,0
285,000810,2017-10-26,0.002762430939226679,0.002762430939226679,0.3490080209064324,10905.0,76585.8282098385,968,17466142,9316092,1001685,816939,5171169,3605335,2586228,2211048,3557577,1742388,1570416,206150,346620,734232,453278,0,2779169,0
286,000811,2017-10-26,-0.0010152284263958977,-0.004060913705583702,0.32263474475237724,19660.0,120544.64277076241,932,31679070,13980520,718767,696091,6718592,4111524,4481487,3464279,3557394,2344287,3184042,729563,2147193,623713,1405272,0,9466323,2011063
287,000812,2017-10-26,-0.00476758045292025,-0.00476758045292025,0.3398101786745833,14921.0,94578.68280123778,609,11823632,9023384,589700,562158,3025585,3751081,1322315,1464139,1848463,1142208,935325,694398,736684,375683,449571,0,2915989,1033717
288,000813,2017-10-26,-0.010322580645161339,-0.003870967741935516,0.17809479800075537,1540.0,25740.0532058835,1895,10407498,5661168,2428749,897343,3233556,1860963,1729671,1070321,1604148,1085515,699124,0,308000,747026,404250,0,0,0
289,000815,2017-10-26,0.0525442477876108,0.056415929203539994,0.4355454971502458,22524.0,104151.16837556768,1724,39793601,58287672,1439996,949437,9781705,7174039,8458377,9663488,8035079,10997572,4198425,9233824,2721923,7650052,1724984,2694673,3433112,9924587
290,000818,2017-10-26,-0.0034843205574913716,-0.009581881533101133,0.3322622169491023,20430.0,122133.90773105837,1194,35486609,24468026,763364,946728,4851121,9486511,4024009,3133675,5130268,3770086,4320879,2411647,3521505,2317685,1816183,421430,11059280,1980264
291,000819,2017-10-26,0.006116207951070152,0.006116207951070152,0.7700455413821116,11546.0,51952.98779159105,450,6660650,6150330,466938,537563,1842600,1895322,1259172,1633261,1820466,810095,777974,213850,0,636703,493500,423536,0,0
292,000821,2017-10-26,-0.018342391304347894,-0.0033967391304348116,0.39171448965145994,18954.0,118260.41384623623,1414,29770824,35956653,706759,1021280,7612810,5921761,6020233,6354257,5811698,10202660,4274203,3795795,2727974,1373168,896052,467335,1721095,6820397
293,000822,2017-10-26,0.026459854014598383,0.026459854014598383,0.19464578235256202,28300.0,219365.93355147215,3176,108893225,125755873,1134983,1864182,14676049,16349179,17601926,20173316,22067739,27016156,10051578,16713468,5457473,10094812,3912069,4551772,33991408,28992988
294,000823,2017-10-26,-0.005821474773609392,-0.010349288486416586,0.31212906370821286,30500.0,226276.30623241808,2457,161149474,103275062,878666,747862,17091783,7626646,12675453,10636835,22903577,18741850,15804302,10841942,18710410,10575803,10083485,8510151,63001798,35593973
295,000825,2017-10-26,0.009960159362550014,0.01195219123505975,0.09496667784625448,18759.0,237243.02412356486,2807,96860030,134965285,1580609,2672534,11194266,12743031,11220731,13762044,13326190,13352968,8281398,11998032,6892582,5844128,4382636,4373133,39981618,70219415
296,000826,2017-10-26,0.004547886570358317,0.008293204922418251,0.7537599104232767,45036.0,257352.865974435,2460,142148441,145715636,1057066,874743,13678147,10960345,15828072,13146203,25648746,22586598,15260018,13549295,11915874,16161284,9190771,11352369,49569747,57084799
297,000828,2017-10-26,0.0008123476848089783,0.0008123476848089783,0.485981981883209,19744.0,89495.37261040622,641,16694968,12014084,336680,575820,2410781,3791330,2549446,2547474,3647833,3096922,2625057,665525,1022101,371400,942009,403440,3161061,562173
298,000829,2017-10-26,0.00648148148148131,0.008333333333333304,0.2698028654105338,10910.0,76150.82345969384,1603,26897979,34876845,1288879,1265660,5307830,5626633,5948184,6145259,6938804,8054407,3599111,4885139,2372431,2387014,859540,1339858,583200,5172875
299,000830,2017-10-26,0.0784490532010822,0.06582506762849416,0.18615932184425166,130835.0,486094.95916112536,3558,369679609,568030601,379444,484473,9160877,10124785,17050104,22990124,48017824,63972341,47301943,54233173,37253367,44547878,29989727,36929885,180526323,334747942
300,000831,2017-10-26,0.018922852983988436,0.0181950509461426,0.285797347245726,27660.0,154866.41126941078,2312,68806807,92422163,1426003,1313064,10584568,12453142,13847355,14274752,14142908,17360391,7215524,12936991,6200829,6951664,4029486,3845765,11360134,23286394
301,000833,2017-10-26,0.0012285012285011554,-0.002457002457002644,0.30621283609524785,8119.0,75931.00915865389,706,11697557,5512007,880010,919284,2981662,2033847,2430669,1349627,1011802,811529,778247,0,375493,397720,812430,0,2427244,0
302,000835,2017-10-26,0.015940488841657885,0.012752391073326264,0.32590233276616637,13370.0,66992.91767549561,833,11102722,18791140,736812,1008942,3521077,4618070,2645613,3250509,1750178,4771529,906848,1306834,1006439,1465438,0,430756,535755,1939062
303,000837,2017-10-26,0.0053050397877985045,0.003978779840848823,0.25354070833567977,14980.0,107266.26662771712,884,20970803,14747741,908200,912266,5128026,3575765,3176125,3045724,4221763,2238582,2265818,1817607,1682319,0,0,901797,3588552,2256000
304,000838,2017-10-26,-0.001547987616099089,-0.001547987616099089,0.199460284161607,9002.0,44421.92379154079,1049,13918906,9290075,1261505,976205,4675864,3562345,2656180,1667101,2755791,2242344,767722,518580,640044,323500,0,0,1161800,0
305,000839,2017-10-26,0.000914076782449813,0.004570383912248621,0.2018121172538933,47171.0,412762.31654442847,2941,242542313,237983839,1332705,939533,15483147,10325915,19574597,13838883,31801213,25526229,20652050,20526164,18434760,17441138,10741950,12240080,124521891,137145897
306,000848,2017-10-26,-0.011320754716981019,-0.014150943396226467,0.2306718193294593,21460.0,204375.12977970744,2115,86492939,66992765,1299672,1407067,7343839,8707485,15154398,9908324,12524651,14216628,12656902,8218204,2013429,5120242,2612921,5049914,32887127,14364901
307,000850,2017-10-26,0.0019379844961240345,0.0,0.21343652700565677,3099.0,46006.069708330644,584,6280829,3903389,554488,322021,1608060,1083010,1030606,453291,1378956,1421263,478108,256928,670700,366876,0,0,559911,0
308,000851,2017-10-26,-0.003669724770642313,-0.0027522935779817903,0.3489840396554745,16350.0,94381.2164313108,975,24680189,20481146,586508,813567,4402814,4405984,3418230,4486486,5014708,4459024,3444322,3159661,1388751,1449422,406943,454424,6017913,1252578
309,000852,2017-10-26,0.010008340283569561,0.005004170141784892,0.3198393202298011,14340.0,70432.47804916825,1405,25873172,28289564,986088,1220375,6561998,7009692,4566755,6118287,6799188,6722045,2947399,2823079,668994,1374935,1881094,421200,1461656,2599951
310,000856,2017-10-26,0.012205387205387108,0.018097643097643168,0.47587595948170225,34153.0,189824.34084913332,2494,114467753,116847148,1223787,1501425,13157930,11660750,13644073,11957197,24410995,18925351,13342697,15720109,9432012,8182076,7148119,7283184,32108140,41617056
311,000858,2017-10-26,-0.012896373843119369,-0.022151418601122685,1.1138195132642241,216117.0,2057022.063332095,3504,1086676565,1125940084,202895,294189,5622149,6808048,17120727,17742530,40064755,39452464,40077334,39051814,43166725,35058312,36094207,32344800,904327773,955187927
312,000859,2017-10-26,0.0,0.0,0.18905022038420546,13905.0,77374.82990750237,739,13291890,14239598,553540,533839,3586135,3472968,2734985,1525613,4157443,2499750,946323,889742,1313464,2048517,0,435831,0,2833338
313,000860,2017-10-26,0.00048685491723476915,-0.004868549172346581,0.46241408264899725,30810.0,214898.036872242,1973,86561139,106486112,638801,1462160,7757627,9378542,9763175,9211860,17383750,18814456,14512620,9475519,6169134,6657536,10607759,5676448,19728273,45809591
314,000861,2017-10-26,0.0,0.0,0.17438152438246948,7380.0,72733.74147820687,445,5788286,4926710,412888,478286,1741617,1641070,462952,413796,1339493,737963,533232,247156,391767,0,0,0,906337,1408439
315,000862,2017-10-26,-0.004761904761904856,-0.007936507936507908,0.26944780380218775,10032.0,68833.01447698516,546,9719142,5492883,515640,486145,2801491,1642510,1869527,601785,1427798,928394,537570,509769,1060944,326875,0,494665,1506172,502740
316,000863,2017-10-26,0.0,0.0014492753623187582,0.35360640885350403,11418.0,62682.10984127978,380,6474836,6018069,264271,353625,1355671,1601552,1150638,1273720,1466996,1291840,237013,1149332,1432807,348000,0,0,567440,0
317,000868,2017-10-26,0.02134471718249742,0.014941302027748238,0.16577850195059782,51617.5,291809.9944454391,3200,226164864,201641396,1513628,1086293,14409662,12503645,21846532,20920516,30808052,32778348,26789502,27832153,18173073,21558105,14459763,14083999,98164652,70878337
318,000869,2017-10-26,-0.012967581047381604,-0.003491271820448838,0.8483059437610823,43890.0,219042.5535416002,2235,131402445,119265314,839612,1232365,10061735,11200444,14156052,10116467,21894306,17404732,17711917,15989454,12742650,13018624,13189883,8481800,40806290,41821428
319,000875,2017-10-26,0.0020703933747412417,0.0,0.2093116568831336,8694.0,41984.55989527092,532,6094190,4483107,699175,523152,2990335,1673968,926394,126808,995286,651753,0,773432,0,733994,483000,0,0,0
320,000876,2017-10-26,0.0,-0.001335113484646211,0.19324310335943076,17952.0,186542.32886530948,1503,56360934,34759206,1290047,1000137,12140313,4109672,6127812,4414985,4648608,4516809,2558111,4258419,2112031,1900533,1749799,2740288,25734213,11818363
321,000877,2017-10-26,-0.0031872509960160222,-0.004780876494023922,0.24589651320231334,27522.0,129048.75919063258,2606,90126451,77104196,1356427,1417118,14404442,13012067,15445987,14421249,19324778,17421693,13464406,8403831,7629055,6893122,5041266,2204419,13460090,13330697
322,000878,2017-10-26,0.020408163265306145,0.02448979591836742,0.25741974382456567,75600.0,364165.9920649102,3264,264072720,322260476,949798,674804,14682474,10530422,24704879,19746790,40595703,39653986,28963206,28551787,32851342,27120122,22090252,20723421,99235066,175259144
323,000881,2017-10-26,0.020600353148911177,0.021188934667451642,0.41517943258136375,22607.0,123356.22809667313,1675,50409022,58151508,1000748,1145795,7463945,8878926,8063481,7990792,11287203,9697058,7890886,7533088,3446820,4685441,1826214,2761257,9429725,15459151
324,000882,2017-10-26,0.005747126436781658,0.0,0.12108615771623478,6612.0,136565.2783171051,827,15076422,13260495,578713,831151,2545772,2759484,1319001,2156646,2921458,2306032,1464130,736045,1028328,1654214,0,0,5219020,2816923
325,000883,2017-10-26,0.006048387096774244,0.006048387096774244,0.13966758680241076,4980.0,76964.55012813765,1263,15530106,13456703,709471,2224171,2714936,4448942,1585171,2254442,2072626,1867097,985542,678683,742020,1452500,2733362,0,3986978,530868
326,000886,2017-10-26,-0.00792602377807139,-0.009247027741083214,0.20138574231647013,15080.0,213091.76363259458,1415,58563252,45908251,1159017,1146968,6290954,4450002,6544901,4644390,8814123,5629221,6961981,5939292,5424294,4635305,2234315,1770393,21133667,17692680
327,000887,2017-10-26,0.010494752623688042,0.012493753123438367,0.5220324605778751,30224.0,169746.73347683187,1469,61239380,59830513,841578,598691,7976190,6276186,8010437,6882916,10861016,10309032,8702418,8497220,2647290,5183180,4662658,5561815,17537793,16521473
328,000888,2017-10-26,-0.004566210045662045,-0.004566210045662045,0.4460160322119097,10940.0,75323.9247178611,602,15350984,5612718,417505,536550,3805275,1843520,2509795,857373,1481504,529535,1720105,656400,3190520,664220,0,0,2226280,525120
329,000890,2017-10-26,0.0013404825737264314,0.0,0.3320301315414743,10444.0,53458.00241822761,504,3814619,7376706,453886,536783,1670806,2857738,850590,1164306,116965,617191,722372,223800,0,336288,0,894600,0,746000
330,000892,2017-10-26,0.007528230865746499,0.0012547051442912682,0.41609428391171666,7980.0,33751.58254599583,366,4078744,3807519,341833,375295,1275404,1377479,1598861,966976,862646,599125,0,488644,0,0,0,0,0,0
331,000893,2017-10-26,0.010778443113772518,0.008383233532934131,0.30873293525105683,10176.0,45393.703558415706,731,8906531,10223408,716126,715075,2960098,3628873,1150138,2133968,2125774,2592178,857423,1153314,669571,0,427401,0,0,0
332,000895,2017-10-26,-0.01747572815533982,-0.011650485436893177,0.46214701452171825,53382.0,412006.92874753434,3107,181261216,293387372,922299,1148986,14419185,12152144,19877887,17074932,33699464,33445810,22223977,24779863,18852632,20307103,11987459,19964874,59278313,164513660
333,000897,2017-10-26,0.0071428571428571175,0.0,0.1453777826987041,5434.0,90668.01032215451,835,13117034,8889647,986082,778420,2753472,2575484,1233850,1381400,967933,1185867,679641,1627095,395536,0,900886,838581,5199634,502800
334,000898,2017-10-26,0.01388888888888884,0.015432098765431945,0.14102181795365765,24309.0,299286.31829716807,2115,128526195,103579054,1520424,1054037,8317512,7515343,11488922,9270377,18198863,9748973,10584250,7170863,16120199,8965784,7614771,9567051,54681254,50286626
335,000899,2017-10-26,-0.004109589041095929,-0.005479452054794498,0.34304850873953957,9425.0,79011.51665652057,452,10282169,5764428,480050,434508,2153606,1263200,1723314,793460,1186875,1786538,2321438,218400,362500,0,435000,0,1619386,1268322
336,000900,2017-10-26,0.011326860841424091,0.006472491909385036,0.17596192671949337,10540.0,114688.55005282618,1234,24317010,30780375,1319707,609977,5321609,4023631,3412918,3597451,4931940,3935119,1222429,2075021,2474867,1735643,1283899,2268688,4349641,12534845
337,000901,2017-10-26,0.008899964400142402,0.002847988608045693,0.7740823075960422,16917.0,99642.82118610808,1316,29724683,28712208,905197,1289831,5701193,7045282,5980132,5875042,6867526,5433783,3855504,2665238,1051869,1035844,422700,463815,4940562,4903373
338,000902,2017-10-26,0.017142857142857126,0.015238095238095273,0.2462598837354785,14952.0,90384.59466615903,1821,32948075,33857359,1888129,624641,7004330,10574772,4712492,4578613,5094728,4782817,4567960,4104114,3122062,1691544,2132099,2225348,4426275,5275510
339,000903,2017-10-26,0.0024999999999999467,0.0,0.16899085230646452,8000.0,63681.95664972245,560,10652516,5909150,648522,366954,2655850,1949841,1783034,798621,1751512,1285711,2164528,848423,371070,659600,480000,0,798000,0
340,000905,2017-10-26,0.012372634643377012,0.013100436681222627,0.28118648653107625,27640.0,138337.86541039776,2389,81279835,83975498,1681393,1314476,12955811,11377122,13865550,11767360,17210641,17517914,9814812,12653029,4696165,6183001,4305372,4442591,16750091,18720005
341,000908,2017-10-26,0.012162162162162149,0.010810810810810922,0.3060446810218406,9613.5,54598.94937943669,584,5429355,11104808,462322,653332,2113873,2834589,972085,2170030,1660508,2501045,220567,747502,0,398806,0,1273754,0,525750
342,000909,2017-10-26,-0.0030487804878047697,-0.0022865853658535773,0.5295505437995027,13040.0,56815.99791102327,613,10954211,6330396,480062,705870,2794096,3239742,1960253,957976,2605384,833145,647860,288200,741042,305463,447271,0,1278243,0
343,000910,2017-10-26,0.03755656108597272,0.02624434389140262,0.42817320656722685,15687.0,105556.29609781352,2695,59542251,57314042,2901979,2546449,12189785,10557958,14714474,12582113,7775941,5307159,11223869,6548398,1373924,3178145,1853864,3230217,7508415,13363603
344,000912,2017-10-26,0.0034052213393869213,0.0034052213393869213,0.2283755785798288,10547.0,66856.81226340943,1490,24795266,19899326,1596197,1607871,5928386,6998291,4775402,4785389,3525845,3354706,2283667,1175135,1786694,1418746,458146,0,4440929,559188
345,000913,2017-10-26,-0.002750275027502802,-0.004400440044004306,0.9220224357271738,16420.5,76452.2887395322,388,7911195,5981060,345153,314115,2243530,1626694,1722225,897732,1885607,1324135,540000,720984,722180,0,452500,0,0,1097400
346,000915,2017-10-26,-0.01490066225165565,-0.0055187637969095205,0.8859836443742675,32841.0,207027.79649506952,1673,93788013,57627514,788396,730310,9070552,8091004,9316975,7330375,13339101,12012918,8156732,7310608,9162904,3521003,5373829,3621283,38579524,15010013
347,000917,2017-10-26,-0.0009615384615384581,-0.0009615384615384581,0.2993097024191597,12516.0,123390.23898400573,1207,36529918,26409988,1357792,618733,5759413,3687884,4293169,4255378,5799324,6631093,6361269,3954276,1378698,2202807,1831900,1812816,9748353,3247001
348,000918,2017-10-26,0.00426742532005675,0.005689900426742556,0.30342892584625053,10575.0,109324.05369496555,536,13633734,9940415,645519,357213,2645024,999434,2525345,1336444,1957873,843218,293280,1658369,1303632,997412,1340246,2652382,2922815,1095943
349,000919,2017-10-26,-0.0009425070688029447,0.0009425070688029447,0.3244260895391925,20083.0,106387.94670497345,1069,21101661,31397792,524644,772345,5237109,5626383,4198281,4897626,5625144,5780961,2588012,3993611,633080,1615257,431171,1261187,1864220,7450422
350,000920,2017-10-26,0.01954120645709434,0.01954120645709434,0.32529705805941267,21348.0,99195.20747851612,1309,29556252,35423446,854634,785168,7668931,6046210,5624956,6220796,6764487,9432477,2640934,3941726,750248,2731895,900928,408177,4351134,5856997
351,000921,2017-10-26,-0.0068111455108358365,0.0006191950464398133,0.3056566097792694,38688.0,200213.59219447797,2795,147242981,120042604,1253458,1588139,11901191,13519982,16501129,18649876,27993124,27264726,15961383,14709138,14947050,10417627,9657532,8049298,49028114,25843818
352,000922,2017-10-26,0.0036452004860265674,0.004860267314702238,0.3602883991934636,13200.0,97414.53884406385,521,11147591,10366685,497551,490887,2054560,2213822,1592426,2793501,764380,3070905,1163842,970570,311658,0,902362,0,3860812,827000
353,000923,2017-10-26,-0.005893186003683271,0.00036832412523035707,0.8890670673953421,16272.0,77319.44048563797,932,17206330,16626772,682507,616798,5547941,4823077,3127391,3316175,4082954,2684694,1029004,1785054,659050,649476,461720,464265,1615763,2287233
354,000925,2017-10-26,0.030303030303030276,0.01806526806526798,0.5882011275447805,18920.0,179523.62691877046,851,23072654,35613743,546862,564279,4105976,3549272,4858330,3740157,4392582,4631827,2106517,2275501,2067174,3462908,0,1818843,4995213,15570956
355,000926,2017-10-26,-0.0007936507936507908,-0.0007936507936507908,0.333524238640294,13849.0,154763.5067468673,1427,37334198,48279037,1271196,881657,5141863,5077754,5399888,5303761,8986319,11151489,4639371,6127918,2797032,1680939,1759857,3692419,7338672,14363100
356,000928,2017-10-26,0.008652657601977864,0.018541409147095234,0.22227020192295088,19392.0,120274.00181426929,1325,36050187,39026077,927399,1088615,6707975,6005907,8939385,5760305,7214989,7045690,2218854,4720173,1679452,3142899,2981588,3985271,5380545,7277217
357,000929,2017-10-26,0.027955271565495154,0.015175718849840258,0.3535144546692343,1274.0,51085.81569597339,1254,13467604,11554487,1286741,406484,3664581,2841245,3300208,2329518,2561015,2391423,958736,1309409,936123,381000,0,873848,760200,1021560
358,000931,2017-10-26,-0.0038461538461538325,-0.002564102564102555,0.22777323536466645,13986.0,65054.610401157515,1173,21098341,19793670,942974,1035230,5637810,5062370,4806091,4672545,3412481,4452539,2716552,2023500,1954130,615908,410280,0,1218023,1931578
359,000932,2017-10-26,0.03402187120291611,0.03280680437424044,0.1488600246721615,34234.0,185967.44475779732,3066,119015746,133205436,1313408,2124731,21584123,14887854,17822816,18030783,20511427,20273744,12992101,14825184,11371569,10136348,8639748,9157458,24780554,43769334
360,000935,2017-10-26,0.027994492886645128,0.02065167508031207,0.4063010311011477,42180.0,214766.32490347934,2877,131322155,149977264,1306618,1068457,13954063,13592632,20771258,17778306,28456040,25462252,17811669,16760384,11748145,14187804,12160323,8057375,25114039,53070054
361,000936,2017-10-26,-0.0014450867052022698,0.0,0.15411008029930104,1372.0,35912.49840690695,2019,13018397,7735697,2103589,709940,3064476,2149444,2741685,1721389,2044968,896014,913719,1443996,1018569,331890,415291,483024,716100,0
362,000937,2017-10-26,0.007874015748031704,0.0047244094488190225,0.12138357984327797,10795.0,82160.82282921398,2742,49114738,26531036,2333988,794459,17769390,5288956,6561665,4502486,7434220,4051018,3283620,1066527,1979772,2261000,2171944,843977,7580139,7722613
363,000938,2017-10-26,0.02761243386243395,0.01736111111111116,1.2281759985463199,37104.0,200104.03186777947,2425,122210138,114806376,1494834,756201,11635977,11103914,14068724,16032934,20319127,20701883,13675963,15114370,11717039,10338372,9165423,5262512,40133051,35496190
364,000939,2017-10-26,-0.007532956685499026,-0.0037664783427494575,0.15870939918501475,9010.0,165476.75158903474,1120,30346650,12143285,1182545,849250,5165413,2873299,4142364,1707696,4126410,1704955,2002926,1833965,2358748,678667,1299554,427923,10068690,2067530
365,000948,2017-10-26,0.005947323704333041,0.005097706032285432,0.33148013233532975,2350.0,40395.06035126017,1261,10093143,8184127,1374024,491355,3023196,3684843,1244012,948958,1474710,1742371,526727,623753,1409300,692847,440886,0,600288,0
366,000949,2017-10-26,0.006772009029345494,0.0,0.19762537789327692,4851.0,65197.535427819974,502,7188274,3805825,825069,384047,1567129,1331928,820320,187567,886188,752056,783926,264227,1429598,0,876044,0,0,886000
367,000951,2017-10-26,0.0033370411568409697,0.004449388209121219,0.4063553974817885,18080.0,83250.52182887362,1959,40988182,38132898,1721775,1368480,11179718,8399353,9128185,7732444,10303286,7388630,2733917,3515435,2824443,2126284,1267373,867348,1829485,6734924
368,000952,2017-10-26,-0.009975062344139585,-0.009351620947630868,0.49485989487485793,16040.0,92630.20215893007,1050,30775715,15981091,783149,1021672,5520677,4768787,5480344,3082749,7205961,2653452,3913940,2363923,2116901,1017933,477000,462399,5277743,610176
369,000955,2017-10-26,-0.00940438871473348,-0.0015673981191222097,0.35965780889981624,9607.5,48267.74538874653,314,3966835,3624590,225227,443310,1381389,1043085,954742,611488,426989,985496,207010,541211,319774,0,451704,0,0,0
370,000957,2017-10-26,0.009554140127388422,0.011146496815286566,0.3124721688910664,18930.0,120192.76717760562,1616,45093439,36128720,911524,1054642,8858248,7615837,9068608,6319920,7874139,6907848,5368811,2886406,2903297,1682553,2080364,0,8028448,9661514
371,000958,2017-10-26,-0.0014124293785310327,-0.0028248587570621764,0.1834635964465871,12663.0,78675.43849616381,1490,33126820,19102881,1513349,1422951,6921928,6098653,6005355,4232552,5473545,3000855,5632951,3057388,1678002,706500,1290276,0,4611414,583982
372,000959,2017-10-26,0.0,0.0014534883720929148,0.1490074452587787,4823.0,52072.82331488915,2136,23940057,16422064,2427066,1606706,6918386,6320933,2669610,2206505,3723687,3325616,2098718,915907,2407931,1063935,882888,474030,2811771,508432
373,000960,2017-10-26,0.013185287994448291,0.01526717557251911,0.29544864654191655,37557.0,342506.14638312167,2380,127218633,116798299,1029145,980538,13343366,11562395,13734981,14001093,19897225,19580518,14066469,13148833,11073353,9930926,9318980,7115202,44755114,40478794
374,000961,2017-10-26,-0.0047244094488188,-0.0031496062992125706,0.19378661280650428,12700.0,93385.93632640627,1074,27832351,15860536,851858,790702,5345527,4494966,4582129,2336246,4976282,2381051,2770649,1198585,1623371,1667211,438840,1263644,7243695,1728131
375,000962,2017-10-26,0.003960396039603964,0.001980198019801982,0.3116247170284131,11016.5,59057.66629955698,1050,14870046,17493871,957730,807716,5936432,3668628,3953835,2616567,1998716,4910636,424656,2228636,1097178,1429058,0,427392,501499,1405238
376,000963,2017-10-26,-0.025339366515837125,-0.028054298642533837,1.0122693487871406,54970.0,331715.21415983175,2980,256959921,154785002,617929,787384,14672741,11413562,18339209,25696157,33099908,26008949,28324824,14401909,19724418,9201695,10894762,6835658,131286130,60439688
377,000965,2017-10-26,-0.004477611940298498,-0.008955223880597107,0.199768775770488,13280.0,109850.28135120362,1125,29605732,17114603,867312,1178546,4291273,5219327,3853819,4260932,4329071,3163901,3909341,1565492,3720849,705630,918271,0,7715796,1020775
378,000966,2017-10-26,0.004376367614879584,0.006564551422319376,0.20166051624977815,9140.0,92184.24299483342,513,7599485,8683871,587084,514126,2254323,1703135,1078395,916907,941771,874074,971517,925711,342414,345920,0,919998,1423981,2484000
379,000967,2017-10-26,0.00390625,0.0029296875,0.2437448469942174,20540.0,180376.45924454037,1767,57757214,34580762,1054057,664304,14094831,6770286,8646595,4690316,10825950,7620408,2465865,3839243,4138859,1337867,3033368,842286,13497689,8816052
380,000968,2017-10-26,0.009518143961927406,-0.0005948839976203102,0.4421708933678126,8410.0,72672.42119615444,1447,30544209,16805910,2984898,582633,5048739,3580868,7448099,4217064,5554408,4345154,2378854,877195,3427322,1078177,462274,0,3239615,2124819
381,000969,2017-10-26,0.005994005994006013,0.011988011988012026,0.28007821679687905,10150.0,79978.62251495589,1277,25296335,25612134,1376885,910669,5042925,4515396,4574933,4298526,4924901,6230304,3772476,3718885,400000,1976551,3107271,1677921,2096944,2283882
382,000970,2017-10-26,0.004545454545454408,0.00738636363636358,0.3133335770965682,79785.0,337112.03457768983,3157,305619520,279619159,726371,765808,11587343,11737370,17899640,21871273,42060315,39976372,35807024,33439132,29284825,29420574,19676701,16912836,148577301,125495794
383,000972,2017-10-26,0.019396551724138122,0.012931034482758674,0.150450989460035,16505.0,77228.6176452424,952,19640717,17641009,824250,657948,6592019,2970051,3685330,2115538,4935093,2766640,1585599,3861965,0,338149,1316426,1832585,702000,3098133
384,000973,2017-10-26,0.0012953367875647714,0.0012953367875647714,0.20207752031473206,15460.0,99360.56951411675,1460,32608760,37225340,1470017,1226301,6783980,6439506,6737807,5607081,7006978,6344028,3513995,2159823,3081401,3564419,2719882,3111765,1294700,8772417
385,000975,2017-10-26,0.0057636887608070175,0.007204610951008661,0.5076261342650078,15323.0,127469.80572334823,747,15806047,15447059,497930,820109,2552631,4219286,3371425,2531900,3926914,4038848,1701096,1767179,687051,336677,0,420798,3069000,1312262
386,000976,2017-10-26,0.028761061946902755,0.032079646017699304,0.26981505719690513,24975.0,189777.32025335132,1123,34628148,46944980,755771,908775,5518698,4713430,6670857,7056131,5860776,8298547,2385754,4436423,2042181,4217406,1841417,5107952,9552694,12206316
387,000977,2017-10-26,0.006511123168746691,0.008681497558328921,0.3822361258377853,32049.0,179987.3665014284,2325,101069870,105603422,1503732,1365817,11310476,10388946,13067099,12019850,19541095,21340841,12887336,13912865,10594077,12275592,3109077,8475579,29056978,25823932
388,000978,2017-10-26,0.001079913606911509,0.001079913606911509,0.2765268901925336,927.0,31830.9383670502,1121,6136716,5505277,1301192,441712,1513194,1708029,1111291,1042958,793278,1341071,1046836,971507,370925,0,0,0,0,0
389,000980,2017-10-26,-0.007751937984496138,-0.006976744186046546,0.2635762179815018,20448.0,95615.42066347235,2398,68033743,39444258,752093,887628,19073764,9281051,17860535,8618495,11789568,7850169,6461353,2863593,2336111,3128324,483225,2785999,9277094,4028999
390,000981,2017-10-26,-0.01989528795811535,-0.02198952879581162,0.361589114451774,8523.0,65606.33137033363,697,14521929,4828758,889420,721316,2617992,1693213,2505541,926865,3806898,972740,1917960,209066,721438,305558,0,0,2062680,0
391,000982,2017-10-26,-0.002557544757033292,-0.005115089514066473,0.12261162845286058,11730.0,209595.01008087792,1019,35816460,25989807,673091,891327,4039671,4561435,1981227,4442021,2734092,3265573,2971954,2578685,4069706,2780831,0,825558,19346719,6644377
392,000983,2017-10-26,0.010956175298804993,0.010956175298804993,0.1881249803173623,30270.0,187314.98809909928,2851,107317885,129078292,1114386,1015569,16262744,14897295,13425742,17101149,16212934,23039025,14247563,15634906,9800575,10655703,5355553,8612698,30898388,38121947
393,000985,2017-10-26,0.008333333333333304,0.006249999999999867,0.9915286811662484,12040.0,57187.5185385417,585,8247124,8467318,540193,680911,2148779,2565908,1499191,1651492,1941231,1703551,788140,844166,310890,0,423500,427200,595200,594090
394,000987,2017-10-26,0.004132231404958775,0.0033057851239670644,0.2991404604679667,24380.0,158014.32416235536,1637,45041379,57413279,761187,1103278,9031455,7892015,5152634,8524494,9662214,15449985,3972116,4624979,2528299,6017763,2174418,3489015,11759056,10311750
395,000988,2017-10-26,0.010356731875719172,0.012082853855005737,0.344898413542787,38697.5,198509.1160495149,2540,120284220,148741934,1369363,1130774,11584499,11113665,13749850,17325523,25466649,25438427,14123866,17099863,13620810,11035464,7374578,9338706,32994605,56259512
