,code,date,pchange_whole,pchange,change_std,amount_median,amount_std,length,sumsell,sumbuy,sell_vol_0,buy_vol_0,sell_vol_1,buy_vol_1,sell_vol_2,buy_vol_2,sell_vol_3,buy_vol_3,sell_vol_4,buy_vol_4,sell_vol_5,buy_vol_5,sell_vol_6,buy_vol_6,sell_vol_7,buy_vol_7
0,000001,2017-10-30,0.0008658008658009031,0.0034632034632033903,0.1995015278096155,122960.0,766514.9019164683,3357,639681023,606501457,726812,507569,11681874,7837760,20261821,16890795,44461957,30896237,41501871,36752001,35955832,25458832,28064353,21081180,457026503,467077083
1,000002,2017-10-30,0.053818181818181765,0.02836363636363637,0.4665848426530148,146510.0,775452.9178728453,3476,605941320,772692825,505323,473856,8435507,7637846,19298400,20805287,43918071,48385666,35687546,36291003,40452913,26786184,34616138,32834452,423027422,599478531
2,000004,2017-10-30,-0.009543568464730257,-0.03278008298755197,1.1121287306795855,13962.0,56322.12888114641,471,7411802,7128259,334674,450228,2406541,2215555,991257,1700318,1530325,1289180,912338,959990,314899,0,921768,0,0,512988
3,000005,2017-10-30,-0.030800821355236208,-0.028747433264887046,0.14107343988582455,7110.0,51703.20071714404,1193,16019855,10677584,986329,1728735,4777318,4285128,2547302,1410408,3130643,1225493,1675123,933712,1053762,658024,493986,436084,1355392,0
4,000008,2017-10-30,0.007592190889370798,-0.002169197396963307,0.21365708993312155,18520.0,141305.56608126574,1864,65869870,53667557,1623572,1569883,8472975,8269741,7580289,8163044,10833138,10468607,8198295,5944941,3847467,3006692,5821849,3593136,19492285,12651513
5,000009,2017-10-30,-0.039192399049881255,-0.04513064133016631,0.17171278495111422,23305.5,192917.47848221974,2408,106820970,80859730,1392000,2215152,9173939,11315790,12321625,12580785,17000386,14794976,10356114,10719147,7372405,5814328,7111178,3890808,42093323,19528744
6,000010,2017-10-30,-0.04444444444444451,-0.04603174603174609,0.1177620158032764,30200.0,151308.19315991373,2871,129270294,94139240,1807910,1488467,13057761,12301262,15552922,15082536,26716562,22457394,18157756,15259732,11833704,5078342,8443939,6760896,33699740,15710611
7,000011,2017-10-30,-0.020376175548589393,-0.015673981191222652,0.48006954670018526,19115.0,77884.76823577314,1590,39225696,33130468,1136565,1604608,6967061,9207783,7702767,7732915,11351893,5600175,3113967,2825209,3931072,1377008,1283472,1731777,3738899,3050993
8,000012,2017-10-30,-0.01225490196078427,-0.009803921568627416,0.19786231453459258,10484.5,83606.02322191597,1702,27302288,27585025,1247685,2813981,6025339,8182407,5090389,4816417,6530320,4752117,3861856,1938468,946286,388800,3001968,898058,598445,3794777
9,000014,2017-10-30,-0.020121951219512102,-0.021341463414634054,0.6444082998808265,9660.0,55446.9215725753,647,10250968,6751557,605477,627264,3422940,2065030,2183585,1630095,2189806,1168503,0,939265,396188,321400,0,0,1452972,0
10,000016,2017-10-30,0.017006802721088565,0.015306122448979664,0.13805121645005988,21474.0,228701.33513554986,1818,50996994,69088883,1184891,1051987,7407388,8946264,6858453,8656728,11009541,13003590,7082579,5073416,2334483,3793179,2602688,4115533,12516971,24448186
11,000017,2017-10-30,-0.02917771883289122,-0.03315649867374004,0.26075830369414005,6790.5,39344.243833152956,836,10116571,5903811,871757,937272,3152346,1754950,2464094,1190899,2023119,1342922,906073,291200,699182,386568,0,0,0,0
12,000018,2017-10-30,-0.029569892473118364,-0.024193548387096864,0.19875038542534768,14580.0,99145.94917652712,1402,34695792,27693628,1074482,1123272,7339479,5876221,5525619,4517865,6797409,4102496,4114441,2345348,3299706,3480665,2234256,862946,4310400,5384815
13,000020,2017-10-30,-0.004209541627689384,0.008886810102900045,0.6652023677660915,19350.0,80748.42040851481,1033,25266077,17221745,849501,527280,6539421,3951741,5282623,3946412,5887454,2335265,2766390,2172080,691440,1787975,491098,1326608,2758150,1174384
14,000021,2017-10-30,-0.02941176470588236,-0.025054466230936878,0.20470305371085837,13440.0,90941.8868021678,2014,44075379,35086793,1585259,2277445,9801326,7624446,8307361,6183444,8734222,7881478,5924782,4001486,2028166,1026808,1779230,885463,5915033,5206223
15,000022,2017-10-30,-0.04150799695354146,-0.03960396039603975,0.7248772652566283,15390.0,88369.2252443322,1313,36961795,22947054,741186,1216549,5770447,6577253,5652511,4716385,7022238,4774246,7879498,1966153,3398499,640836,1729409,426852,4768007,2628780
16,000023,2017-10-30,-0.0250505050505051,-0.021010101010101034,1.1142081136250486,12165.0,53607.841580731874,493,8821320,5686346,557910,353734,2827105,1253132,1543783,1073725,1882599,1540449,1309707,688929,700216,306900,0,469477,0,0
17,000025,2017-10-30,0.007481296758104605,0.011335298118340553,0.9169464412356155,31090.5,142432.58174275226,2316,84178714,94798270,1268269,1806385,10520807,12333911,12332740,12962239,19384265,18133623,10579775,11107134,7632344,5134691,5003897,10236885,17456617,23083402
18,000026,2017-10-30,-0.03618421052631571,-0.032072368421052655,0.36634679250883845,13420.0,71516.99410843507,1102,25316877,13416128,772745,908516,5387251,5453874,4670234,3305917,6608144,1541955,2196940,796126,1766798,693940,483088,0,3431677,715800
19,000027,2017-10-30,-0.01244167962674958,-0.013996889580093264,0.188908400323319,9540.0,85019.4371639036,1159,24703842,17149912,1148547,1103071,4844581,3566580,4407614,2567026,5644221,3119659,2200444,2226988,2647431,1656606,1283859,0,2527145,2909982
20,000028,2017-10-30,-0.019956927494615972,-0.01636755204594398,2.2109085829637514,13868.0,95263.97827446376,992,27042174,17314979,1032376,1225742,5063053,4547992,4176900,2674778,4353494,2491271,3421347,1786981,2707558,1351895,1273900,905400,5013546,2330920
21,000030,2017-10-30,-0.00796359499431154,-0.017064846416382062,0.2326471045674565,9559.0,58919.15906130105,1429,19616301,16689344,938281,1263742,6954031,6320030,3268923,4289398,2274484,1886679,2210035,745136,648839,1065655,457776,0,2863932,1118704
22,000032,2017-10-30,-0.042298483639265694,-0.03750997605746198,0.42121837935492207,9736.0,78764.46409387165,885,15840840,8899369,817793,881218,4113629,2978686,2688703,1573537,2391999,422702,2398636,619293,664038,346333,0,0,2766042,2077600
23,000036,2017-10-30,-0.024870466321243567,-0.02797927461139893,0.21837483342421027,19551.0,146119.1090444377,1955,65683078,46621656,1200172,1637165,8787144,8951304,10536644,8530796,13013775,11957563,3820335,4734767,4483742,2036215,4524217,1810171,19317049,6963675
24,000037,2017-10-30,-0.02035928143712573,-0.021556886227544925,0.37441462394017244,10621.0,94012.4758024479,497,10490492,6021545,498568,392083,2731711,1438122,2418175,937498,2068059,932456,888332,218956,346110,651981,423504,0,1116033,1450449
25,000039,2017-10-30,-0.023218997361477478,-0.019525065963060695,0.38844945321030383,34903.0,213719.55276818908,2382,121897613,87557869,1149508,1238870,10588819,15772206,12047112,14078120,14879742,14240376,12100485,7937709,11849949,6917278,5342458,4454124,53939540,22919186
26,000040,2017-10-30,-0.025367156208277786,-0.025367156208277786,0.4990177976419553,14690.0,121399.00497986814,903,24443914,13738467,948036,346053,3998224,1740188,9699484,1794398,4341543,1203966,2107480,245348,1115226,0,0,441567,2233921,7966947
27,000042,2017-10-30,-0.017699115044247815,-0.018289085545722616,0.45863705671971006,1668.0,30449.16228195106,1368,8552880,4012184,2586946,173468,2255201,1193460,1102886,509717,1572938,1133091,486449,299160,0,300600,0,402688,548460,0
28,000043,2017-10-30,-0.018572825024438022,-0.022482893450635477,0.41354122165173773,5573.0,69971.72659275706,612,10596621,6457843,330518,717382,1504329,1792793,1630239,1110924,2514773,1652482,1511469,229686,348696,0,1366746,400176,1389851,554400
29,000045,2017-10-30,-0.0385650224215246,-0.02959641255605383,0.2942999785569055,10750.0,119832.60576562372,1437,26592968,23730095,853161,1793184,4797776,6188842,4219366,4209859,4877146,4275157,2399462,1924987,2340166,1025804,904685,496014,6201206,3816248
30,000046,2017-10-30,-0.036991368680641123,-0.0295930949445129,0.29199072262052606,11895.0,137574.12904783047,771,27582250,13545627,511525,1010218,3436855,3030383,2738170,2081864,3249711,1516623,5525434,2091348,2163911,0,1791788,1324535,8164856,2490656
31,000048,2017-10-30,-0.01891447368421051,-0.021381578947368363,1.4393637620131812,9580.0,36732.342139930806,285,3650770,2067935,291997,236754,1554452,883561,576483,356093,794557,591527,433281,0,0,0,0,0,0,0
32,000049,2017-10-30,0.0013927576601671099,0.00019896538002406317,1.1720589211185108,20158.0,110437.00633978697,1840,48794428,50066066,547368,1145625,7593108,11553652,8421231,6971784,9167965,9645321,7816258,4941845,3731604,4360449,1316828,3151341,10200066,8296049
33,000050,2017-10-30,-0.026869158878504718,-0.027258566978193066,0.4442454370603347,143894.5,506399.6288246892,3348,504302404,476819214,426216,364970,7831972,7997151,17707154,20980715,43932679,45771002,41816468,43301133,38562034,39532298,33806945,36238363,320218936,282633582
34,000055,2017-10-30,-0.015686274509803977,-0.024836601307189565,0.1889053958407158,7470.0,59005.069669261655,1644,24872764,15964396,2040285,2023694,5981696,4705018,4106267,3513403,5102860,3267005,2660347,1000711,1031052,354136,0,404789,3950257,695640
35,000056,2017-10-30,-0.025868440502586854,-0.02512934220251295,0.5825325749995107,10912.0,110306.84430064356,539,13714548,5995779,622559,429672,2348881,1579188,2517093,1333691,2494329,960696,1333529,214130,783458,399600,855609,0,2759090,1078802
36,000058,2017-10-30,-0.01696969696969708,-0.019393939393939408,0.24637906891051334,11410.0,48489.99210551979,1122,19444487,11463135,1164258,1203121,5753300,4499822,4761027,2873758,5275406,1521500,296370,288623,1090355,671699,440381,404612,663390,0
37,000059,2017-10-30,0.013232514177693888,0.013232514177693888,0.21313098004558498,28002.0,194400.40436634084,2467,104682501,104237960,1100321,855455,15741405,8755944,14207654,11511579,18349185,17161083,16094017,11629691,7849520,11371629,6594380,5093113,24746019,37859466
38,000060,2017-10-30,-0.029903254177660488,-0.038698328935795945,0.2085741625725347,22200.0,339789.51803668396,2977,158650533,112040656,1216371,2246734,12534869,16139627,12200783,12926847,17117890,17428721,10987296,11318778,7256786,8743389,11411093,7495748,85925445,35740812
39,000062,2017-10-30,-0.031100478468899406,-0.0410685805422647,0.686221846164524,19412.0,178348.84147642276,1336,48965385,27157784,770631,1443527,6064633,6688730,6356705,4284437,7777026,5952498,6626694,3363017,4086211,1418111,893753,850966,16389732,3156498
40,000063,2017-10-30,0.03891820580474925,0.03397097625329826,0.5062295309075983,475650.0,1364495.1817239618,3590,1366225909,1792807724,117904,62003,2892779,2877340,9544811,9020026,30758655,26711642,51723723,34883068,50487687,55286475,62351144,51848819,1158349206,1612118351
41,000065,2017-10-30,0.01678951678951668,0.009009009009008917,0.4966228882290982,24840.0,109419.98059726988,2421,77985715,72149635,1306353,1463996,14154531,11080882,13235644,12131060,17152994,15070388,11925867,11293054,5748969,5361239,5042621,4490675,9418736,11258341
42,000066,2017-10-30,-0.025766871165644134,-0.022085889570552242,0.14691386440650409,13549.0,135896.77976193422,3083,80130727,95341435,1038140,3929897,8284991,15095958,10054149,16467155,13576480,17089211,12298597,9472412,6633770,6908274,5765210,5145048,22479390,21233480
43,000068,2017-10-30,-0.045385779122541714,-0.05748865355521937,0.2010784890072242,12770.0,109515.50468705101,1082,27054803,12836983,872216,947282,5073447,4797078,4360807,3070723,3580970,1522663,2337265,0,2247796,335431,0,449941,8582302,1713865
44,000069,2017-10-30,-0.009248554913294793,-0.018497109826589586,0.17659625756297515,14679.5,152630.1475122095,2404,82984968,68758769,1890338,2615659,9112223,10857870,8440065,8248690,11016199,10777744,4945540,7744099,4175168,6141476,10320528,6654347,33084907,15718884
45,000070,2017-10-30,-0.047951176983435095,-0.042720139494333065,0.2787175359566857,21960.0,111357.79383821234,1695,54606969,37529559,884872,1249807,8740107,7284693,9433296,7154600,10322121,7438509,5989700,6730407,3108822,4784383,2163944,1405008,13964107,1482152
46,000078,2017-10-30,-0.02808112324492973,-0.02808112324492973,0.12481434660819077,16639.0,161941.51667439647,2646,91849399,76293529,2096363,2152960,11717367,10009531,10543940,10496655,14179557,12628653,6960022,9596288,7915864,5027693,5486940,3182928,32949346,23198821
47,000088,2017-10-30,-0.028184892897407,-0.028184892897407,0.22854621737475733,12990.0,96243.06514975532,1507,36038141,23191827,1402324,1614484,7006788,6076704,5925810,4144558,6177749,5997243,2256259,1915372,2435007,693974,2253076,1761173,8581128,988319
48,000089,2017-10-30,0.0034642032332563577,-0.005773672055427337,0.22937588376661483,35526.5,66511.42740631283,1428,46907235,26532077,930350,599260,7593162,5526787,15208036,7592668,16606354,6670894,2850391,2318893,1328205,672059,1315663,1724839,1075074,1426677
49,000090,2017-10-30,-0.026548672566371723,-0.02300884955752225,0.24887063979962948,11883.5,96141.82625807567,2066,36749458,32504979,1473597,2340920,6738987,9988229,5819658,5875669,4656236,5879367,3798106,2386699,1659435,1379550,919049,914708,11684390,3739837
50,000096,2017-10-30,-0.026049204052098318,-0.02170767004341534,0.7128907516739309,9471.0,29421.746118351944,375,5143298,2041342,339100,361084,1592656,1127734,1844949,452254,1120711,100270,245882,0,0,0,0,0,0,0
51,000100,2017-10-30,-0.009009009009009028,0.0,0.0748174097246175,149298.0,683867.2507988076,3548,570806093,724711830,532124,639543,9619243,9083674,18316569,21357061,39929176,50218843,47794050,58475405,37158835,42453047,34869453,36555224,382586643,505929033
52,000150,2017-10-30,0.0037750094375237353,0.0011325028312572094,0.9914003983759335,13530.0,164057.02144666374,714,22873539,12649531,685782,351701,3871587,2957853,3660921,1438078,3152358,2022098,760356,470735,1039500,652989,400150,882760,9302885,3873317
53,000151,2017-10-30,-0.03945008965929464,-0.04423191870890619,0.45190392842530847,12952.0,103754.26203644398,1372,37176838,19026716,622720,1961434,5503022,6082948,5396537,3941521,7789298,3339827,2438865,1507846,3075556,1713740,1729269,479400,10621571,0
54,000153,2017-10-30,-0.032096288866599876,-0.033099297893681046,0.27170232272067063,6769.0,46728.90335372406,1348,21526384,9481727,1976635,899664,5557600,3933070,4660794,1681175,4349133,2265303,1775236,702515,1360417,0,1267569,0,579000,0
55,000156,2017-10-30,-0.0189473684210526,-0.01964912280701747,0.4051033885789217,11200.0,107725.5447399825,1237,34618155,16877139,1098041,999469,5584936,3748651,5725895,3130553,6085019,3812757,4195933,2659633,994115,391440,1828494,922288,9105722,1212348
56,000157,2017-10-30,-0.012875536480686844,-0.012875536480686844,0.08792229484605497,23000.0,153403.91843813274,2826,81556287,68818848,1739912,1533444,15842668,14933974,11951381,14860663,12147880,10528980,8332761,6186141,3659610,1925098,5907827,5841559,21974248,13008989
57,000158,2017-10-30,-0.04117647058823526,-0.032352941176470584,0.2286772202277082,17110.5,109399.22256787532,1992,58920082,36633764,1209636,1969225,10330679,7502196,11140981,5974351,14326981,8917429,6895919,4644095,3621811,1289402,1700657,2295755,9693418,4041311
58,000159,2017-10-30,-0.02672955974842761,-0.03144654088050314,0.21095324448621108,10032.0,47923.4724274416,909,14969450,9350813,620902,1034159,3920936,3484641,3790465,2620200,4136457,1031972,1764858,492385,323136,0,412696,0,0,687456
59,000166,2017-10-30,-0.0190972222222221,-0.02256944444444442,0.11639781082502362,13087.0,139786.4382796256,2456,84401091,51598708,1471499,1898563,10035595,8675568,12643110,9409583,12190772,9125690,10649954,3355260,6523434,2044646,3560891,5685097,27325836,11404301
60,000301,2017-10-30,-0.017857142857142794,-0.017857142857142794,0.12173919972000724,14351.0,126164.34402046747,2121,60282819,44647816,2642958,1159508,9298519,7203135,9284369,8801723,13334036,8505774,6133206,6910494,4457788,4760004,2763505,2719439,12368438,4587739
61,000333,2017-10-30,0.010937499999999822,-0.008007812500000044,0.8673315975000375,142156.0,690799.311103203,3487,563011097,605624037,179147,293453,7777694,8350159,18572453,18973090,44628539,47292848,42571625,40015964,41419574,45191080,33869349,31903214,373992716,413604229
62,000338,2017-10-30,0.00881612090680095,0.0037783375314861534,0.13594345083088422,62805.0,300502.47293882805,3420,278254718,287443169,1343616,785155,16965358,12111740,22002381,20072638,43339900,40082088,31778502,28678776,18961879,23576724,21267029,20071804,122596053,142064244
63,000400,2017-10-30,-0.03170577045022194,-0.03551046290424853,0.305380268202676,18384.0,141122.4243359571,2669,88376514,42539548,2354824,1620738,17415651,11821291,11779663,9532022,11155863,6852612,5987219,1980980,3382348,3478968,5515346,1811142,30785600,5441795
64,000401,2017-10-30,-0.03116883116883118,-0.03181818181818186,0.28385454176962527,40365.0,361375.0743208145,2946,218999106,160063336,1423604,1441982,13152558,13002807,17160116,16026740,28073150,26094747,23060609,18445618,14390332,15391835,12584375,7679782,109154362,61979825
65,000402,2017-10-30,-0.025423728813559365,-0.027118644067796627,0.2340296329677893,17295.0,196897.5434398803,2547,93152022,51232639,1577200,1687498,11755257,11248900,12821997,9325793,10428385,11386636,4947505,4217695,6872302,2860645,6576847,2650150,38172529,7855322
66,000404,2017-10-30,-0.037572254335260125,-0.041907514450867045,0.18855551769182413,14608.0,109683.80946646465,1348,40472834,22019774,669154,1420844,6434377,5971349,6003514,4489233,6341878,4273018,3528394,2615541,4288473,2330510,1378831,416020,11828213,503259
67,000407,2017-10-30,-0.046971569839307725,-0.04202719406674904,0.20317910867334127,16527.0,99480.7912702815,1589,44280028,36253231,920667,1585503,6652115,7148223,6684569,7903083,9021912,7191773,5093892,2581400,5944474,3218435,2592568,1334051,7369831,5290763
68,000408,2017-10-30,-0.05182144689584389,-0.04976911236531545,0.4277071589666941,37380.0,238153.15720026416,2080,153623889,80975249,1370625,1265121,9342245,7064100,11172551,8634777,28070342,14331271,15646363,10836002,15400969,8271302,10539634,4485326,62081160,26087350
69,000409,2017-10-30,-0.024182076813655695,-0.024182076813655695,0.22983997277921497,10192.5,59604.62041505573,936,16045352,12237166,815179,1063201,3928816,4008772,2989471,3048575,2457686,1821132,2236462,1054132,2118231,674340,818507,0,681000,567014
70,000410,2017-10-30,-0.05888324873096451,-0.03248730964467006,0.22379963202731976,24622.0,298852.2011290984,1945,68709185,82717288,1314524,1520648,7587797,10318480,8626972,11340413,12707575,13493709,5697762,7688644,6558315,8278272,7591157,2274427,18625083,27802695
71,000411,2017-10-30,-0.01637043966323659,-0.019644527595883865,1.102320800664711,10515.0,55535.74760672427,376,6597302,3847307,386926,196122,1542276,1340284,1444811,1080654,956969,664526,634986,229118,690854,336603,940480,0,0,0
72,000413,2017-10-30,-0.037771482530689404,-0.03871576959395662,0.18429330140483122,76504.0,398759.646210147,3306,354493249,309724060,532535,930745,9668619,15007611,16908841,23093355,37708878,46431595,27225884,37368230,23625727,28748847,22047224,16792173,216775541,141351504
73,000415,2017-10-30,-0.024464831804281384,-0.022935779816513846,0.12310653719110723,14754.5,85237.58090692601,2834,55947426,33870127,2801412,1226988,20120266,10017842,10954335,5982177,6025206,5799931,4374417,2285964,2031266,2502377,808111,870652,8832413,5184196
74,000416,2017-10-30,0.027667984189723382,0.031620553359683834,0.20059457398386263,13005.0,71183.49950363034,1433,21488455,31014500,1242227,1145547,5693687,6000650,5591717,5807229,4563793,6551362,1130238,3752929,1400031,3512359,0,886272,1866762,3358152
75,000417,2017-10-30,-0.02885682574916759,-0.029966703662597016,0.2844964432093512,11388.0,112920.90412551515,1003,33412706,17524696,886615,959067,3225555,3644115,3513395,3516915,7110552,3458155,3691640,1386623,3900831,695894,1314234,2144444,9769884,1719483
76,000418,2017-10-30,0.029332856376319105,0.010194956179574222,1.1334760287624508,33900.0,133868.0948180573,2444,93965063,90937697,897759,1246414,11588708,9083692,16990642,12504837,22318380,19089686,15460145,17329537,5686724,9461688,4575088,6404397,16447617,15817446
77,000419,2017-10-30,-0.027941176470588136,-0.02941176470588236,0.21019024314816015,3390.0,53198.927323508644,1047,14290383,5590219,1058454,798434,3331243,2067478,2291268,1231004,2302415,921543,1670376,239760,1662307,332000,0,0,1974320,0
78,000420,2017-10-30,-0.04179104477611939,-0.03880597014925369,0.1052284489031028,6520.0,81363.59159317068,1016,18420737,6166312,1085659,903528,4531582,2222410,2606790,904954,1721145,618191,2117932,674947,1950746,393381,483591,448901,3923292,0
79,000421,2017-10-30,-0.031746031746031744,-0.028860028860028808,0.19932379042847992,2016.0,26999.68433809796,1210,9084684,5885888,1113257,673035,3518773,2587060,2434421,1516943,1334409,1108850,214824,0,0,0,469000,0,0,0
80,000422,2017-10-30,-0.04069767441860461,-0.04069767441860461,0.124418105952241,13972.0,156319.22985404162,1724,49227645,40488243,1127004,1874307,7357692,7585086,6150022,6772134,8197032,6857690,4518521,3253993,5044944,667867,3512675,2388932,13319755,11088234
81,000423,2017-10-30,-0.009243212016175617,-0.002021952628538437,1.1852750890099304,130244.5,474397.2454653941,3414,454007495,411743567,898688,336063,9702018,8829435,20070447,17248673,52858267,40155866,51242134,42567373,47763186,33089942,37124763,36445762,234347992,233070453
82,000425,2017-10-30,-0.02099737532808399,-0.02887139107611547,0.06842440780310684,19769.0,154213.3117518399,3131,115011498,65540886,1911719,1443985,20786771,11108448,15454735,9248718,26785606,13951286,10235705,7980379,6908970,4174659,3978979,2164636,28949013,15468775
83,000426,2017-10-30,-0.02405180388529138,-0.042553191489361764,0.23575826144616946,15336.5,107225.70425618568,2110,59018645,27401949,2290968,608545,16435949,5786695,7134520,4156619,9589435,5553846,5075457,2454368,2440694,1335833,3482744,1339416,12568878,6166627
84,000428,2017-10-30,-0.02742616033755274,-0.029535864978903037,0.18379123679735246,5093.0,84586.57393703549,665,13391163,6549303,643852,659560,2579051,1683390,1914356,856183,1664302,1294787,1233045,534245,686794,1012049,481110,0,4188653,509089
85,000429,2017-10-30,-0.016241299303944134,-0.017401392111368708,0.23683185010901528,5148.0,70426.31281837166,1325,25002021,12070629,1199033,1635182,4796291,3087992,4918567,1932252,4067513,2249333,3077634,211189,2271839,1428250,2205848,425000,2465296,1101431
86,000430,2017-10-30,-0.02219979818365292,-0.01816347124117046,0.3978393292446846,9456.0,49637.84361054006,620,7745768,6056643,747101,837050,2469287,2444369,1028454,945072,1404254,701411,1208378,200438,334254,316506,0,0,554040,611797
87,000488,2017-10-30,-0.017306652244456266,-0.01838831800973495,0.34079704460594495,60125.0,279904.1571167875,2947,233767545,202970381,1024622,1188251,11454354,11494379,17925363,19615281,30312685,30489017,32449911,26872444,19328960,18195615,18730012,13560938,102541638,81554456
88,000498,2017-10-30,-0.03841229193341866,-0.03713188220230479,0.1712063003156535,12000.0,39799.02416341227,2087,27214562,16181056,2300239,1846486,12209300,6844574,5102075,2705506,4084469,2186251,1644675,2026752,390000,0,860650,0,623154,571487
89,000501,2017-10-30,-0.050000000000000044,-0.03958333333333319,0.37861354487550986,26249.5,256614.68921187866,2578,160676758,109222519,2292550,1490562,10645728,9298393,13418912,12323049,21451492,13845635,14003681,11864608,12298098,10994239,10613408,8515477,75952889,40890556
90,000502,2017-10-30,-0.018151815181518094,-0.022277227722772297,0.4142627375006115,11800.0,66729.64581634974,856,15772064,12173360,904739,611375,4055702,2544715,3130321,1901348,2622670,3382790,2711162,1807496,702595,1058341,406550,867295,1238325,0
91,000505,2017-10-30,-0.041474654377880116,-0.04055299539170498,0.28431832580541566,26450.0,172034.87467354635,1461,67026756,45872048,574948,957760,5247141,7048992,7684174,6929132,13272451,10841988,7683958,7470982,8068649,2913594,2676326,2314184,21819109,7395416
92,000506,2017-10-30,-0.03952095808383238,-0.05149700598802387,0.21948129434531113,15473.5,112657.2780410133,1452,37660386,35236350,1123759,1314698,5938336,6223261,5851029,5800019,7758599,6299680,3717089,3827493,4763726,2212049,3093274,2728502,5414574,6830648
93,000507,2017-10-30,-0.01745877788554795,-0.02133850630455869,0.20188095585962498,22220.0,128200.35281673796,2611,78274541,75724323,939599,1350196,12050281,15746956,13132177,13341990,18813425,13891013,12784619,7614811,6524830,5212674,3926149,3864804,10103461,14701879
94,000510,2017-10-30,-0.032258064516129115,-0.031145717463848643,0.24379073060208067,17320.0,108961.71214970291,1362,33794571,27979073,1218736,1255717,7692551,5464317,6374552,4318430,5956190,5545281,1454090,2245850,2106978,3086542,2569117,428750,6422357,5634186
95,000513,2017-10-30,-0.016031746031745953,-0.009682539682539626,1.0963881567928202,43900.5,224770.1878891353,3336,170810180,142446389,1599439,416646,24186321,12771616,19848673,27744117,30412174,38297258,10705380,13700701,10171292,11226055,7285974,4998322,66600927,33291674
96,000516,2017-10-30,-0.03409090909090917,-0.032196969696969724,0.11185943045607136,10857.0,173884.6959298871,2236,77643367,39997849,4473841,1274546,9601953,8147509,6639098,5215193,9541529,8413119,6409936,7903832,6546450,2085161,1302662,854950,33127898,6103539
97,000517,2017-10-30,-0.021582733812949617,-0.021582733812949617,0.10811212930863814,4570.5,50751.640884652756,1492,17239679,11289309,1526968,1259881,5590065,3818329,2935809,2562088,2769161,1727097,974846,661978,0,698683,825367,0,2617463,561253
98,000518,2017-10-30,-0.024161073825503476,-0.021476510067114152,0.2677532088369763,7405.0,45704.380026864994,774,12641089,5104608,666827,822963,4371928,1977546,2767774,1472981,2411731,403610,897948,427508,395486,0,0,0,1129395,0
99,000519,2017-10-30,-0.06427221172022679,-0.05860113421550084,0.2335107355314362,21021.0,92348.85012869086,2055,63078649,49969923,1064058,1779948,8658729,10311004,9792500,8793122,16302392,12093960,10276653,7770484,8606980,5062637,3086865,862519,5290472,3296249
100,000520,2017-10-30,-0.03288201160541582,-0.030947775628626717,0.13433119294327445,10773.0,85346.6573836527,1484,36625394,19205018,1022056,1412834,6125028,5298215,6576362,4203446,8611171,3660002,5708430,1925025,1301108,348387,1350300,462852,5930939,1894257
101,000521,2017-10-30,-0.008726003490401535,-0.010471204188481797,0.15320639834246766,11360.0,52077.31360901121,1401,18057166,8702192,1202416,688009,8039866,3425529,2767162,2282273,2308052,524179,233290,734602,1030172,0,485640,0,1990568,1047600
102,000523,2017-10-30,-0.026511134676564185,-0.0275715800636267,0.34674069619617953,14704.0,61449.351030808466,739,16477686,9243987,567633,920172,3987788,3255534,3827559,2501837,3840772,1036810,2112549,448625,330998,665684,413831,415325,1396556,0
103,000524,2017-10-30,-0.019825535289452856,-0.014274385408405976,0.3896934003043282,6225.0,26937.14160297036,1048,9559255,4590001,2128471,1034295,3885557,1628293,1197406,950600,1469972,770641,500917,206172,376932,0,0,0,0,0
104,000525,2017-10-30,-0.005847953216374213,-0.016644174538911427,0.5458198943708581,15263.5,102448.83892444472,1660,57363550,27309645,2204743,660132,7716455,5653783,7622382,4349247,11258946,4431476,9905117,5810983,5271401,2453560,3592417,1410362,9792089,2540102
105,000528,2017-10-30,-0.01318681318681314,-0.018681318681318726,0.17350864660400317,10812.0,99168.47975532633,2757,65513490,39611292,4198373,1230772,13747761,7926023,10707144,7787973,10632790,8892444,8464847,6594043,2694478,1060612,2229370,2603045,12838727,3516380
106,000529,2017-10-30,-0.021712907117008462,-0.02533172496984304,0.3002442625669065,8160.0,31610.358900108884,762,9609331,4284997,1516982,638650,3240564,1966235,3056074,567795,974499,618091,413712,494226,0,0,407500,0,0,0
107,000530,2017-10-30,-0.0276967930029155,-0.029154518950437303,0.18182210944469274,7337.0,77836.60623781095,1425,27473846,15810487,924234,1497991,3946248,5903206,4734892,2668232,4951001,3259740,4553961,1669689,1750639,0,1799479,811629,4813392,0
108,000531,2017-10-30,0.06531531531531543,0.04729729729729737,0.17142644213636044,29000.5,311246.09601462743,2692,102382648,143545392,1409880,2228773,10498220,13574231,12326809,15802894,16783031,26371915,13024641,17419967,6878528,8317485,6714440,11115354,34747099,48714773
109,000532,2017-10-30,-0.024980483996877467,-0.03512880562060894,0.4530406033351538,12380.0,73184.88490835999,801,15511164,11035592,646973,771183,3539482,3007202,3412532,1960265,2608594,2138868,2865937,1585298,1802606,328776,0,0,635040,1244000
110,000533,2017-10-30,0.02400000000000002,0.02200000000000002,0.3407747894360329,13902.0,377673.887274183,865,24676133,58259327,372772,1249208,3258697,3308517,3281061,2427041,5264472,3417745,2275919,1627452,664920,1001499,497499,3261378,9060793,41966487
111,000534,2017-10-30,0.0013559322033898091,-0.0115254237288136,0.7743587123565282,8787.0,45824.74417751248,362,4786974,3196997,397661,288767,1401502,1401373,967240,596764,773190,399118,425139,510975,381680,0,440562,0,0,0
112,000536,2017-10-30,-0.014545454545454528,-0.027272727272727337,0.17027778693766105,8039.5,44175.79100667505,1044,15812925,8891267,924204,938371,3907406,3696507,3288806,2180580,4107415,994017,1838137,1081792,1324977,0,421980,0,0,0
113,000537,2017-10-30,-0.012125534950071293,-0.013552068473609125,0.32124969513325624,22416.0,244517.12445560243,1911,102005393,72644099,1021542,1799386,6913461,8384835,7514146,9030957,15819720,11965414,11832928,8126513,4228264,6964670,6896245,6619614,47779087,19752710
114,000538,2017-10-30,0.040882037271929184,0.0575665918626207,1.841681646182541,92160.0,510730.0241817177,3103,305938302,402472116,51803,9413,10759666,11049606,18106005,17353068,38787550,41444699,33626675,31367009,26411136,25645513,17626206,20121685,160569261,255481123
115,000539,2017-10-30,-0.01158301158301156,-0.013513513513513375,0.1709809435502203,4112.0,74281.11976909502,918,15501722,6229753,1739245,462337,2842540,998971,1782280,786581,2399781,722439,2262875,742704,753597,335502,451655,1360824,3269749,820395
116,000541,2017-10-30,-0.027689030883919052,-0.025559105431309903,0.2199086044994499,10980.0,67162.04299987583,1825,39055087,23156156,1549668,1585830,7829399,7589059,7767373,5931477,7753868,4139135,6039506,1754343,2885605,1039177,1398311,470439,3831357,646696
117,000543,2017-10-30,-0.012567324955116699,-0.014362657091561926,0.1786906299190041,10990.0,154182.52236912042,972,37793834,14184677,901063,629795,3499321,2470615,4475701,2981657,5082675,1719810,5709045,1526393,5407661,704342,480075,402375,12238293,3749690
118,000544,2017-10-30,-0.007739082365948113,-0.022664455500276404,0.45393504768575,10686.0,57445.711843306206,1588,27216061,16010294,2389080,995149,8094270,6071797,6355694,4213429,4590673,2545604,1856134,712102,336420,346720,0,457454,3593790,668039
119,000545,2017-10-30,-0.038461538461538436,-0.038461538461538436,0.14715276739724298,9990.0,69600.05305066788,1513,31466575,17204269,869125,1546610,5828563,4979355,5955448,3512878,7753568,4809587,3411967,1635389,2679250,316965,2169326,403485,2799328,0
120,000546,2017-10-30,0.0036210018105007347,-0.001207000603500319,0.4998218710504195,19740.0,121161.24845981126,1099,39145802,30803142,981799,813671,4717339,4555243,6127622,4701593,8128415,4716593,3385158,4570987,3688432,3313231,2856875,2153040,9260162,5978784
121,000548,2017-10-30,-0.03576158940397345,-0.04238410596026487,0.1517620237930275,3660.0,49496.04809500096,2479,32078131,13150133,3073081,1241946,8281084,4356813,6737662,2806055,4998370,2902515,2678138,1020055,2057236,374272,953074,448477,3299486,0
122,000550,2017-10-30,-0.03536647872885701,-0.031778575089697614,0.44964977112106763,9530.0,76330.63448607497,1883,40042537,20972612,2048325,1875362,6504361,7091932,7979922,4015361,7729782,3201012,3166557,2510826,3851057,1292476,2165307,412238,6597226,573405
123,000551,2017-10-30,-0.044397463002114335,-0.04334038054968292,0.29871383063851936,16398.0,81576.00742840832,1003,28501219,11779273,764921,1109787,5663453,3829454,5677841,2791139,5117305,2737757,1895618,976065,2833678,335071,455500,0,6092903,0
124,000552,2017-10-30,-0.03430079155672816,-0.03693931398416894,0.09843447518646457,4428.0,82418.09187386793,1488,25705788,13633864,917612,1395771,4275612,4056409,3303279,2852953,5996376,2569958,2627719,945788,2061333,1812985,1236790,0,5287067,0
125,000553,2017-10-30,0.03716216216216206,0.008108108108108025,0.34423570284398164,23648.0,94141.97404247809,1849,46484523,47646242,1241119,745810,10943304,9842949,9359883,9985712,11369443,11698158,5409999,5061234,3795586,3462808,842694,853611,3522495,5995960
126,000554,2017-10-30,-0.01783723522853964,-0.00891861761426982,0.22381244186123858,17560.0,84905.17375482296,1608,29828793,31674742,1384452,1704903,7173364,9217686,5985806,5731750,6296213,4699159,2228623,2741240,1674985,1120856,2243144,486640,2842206,5972508
127,000557,2017-10-30,-0.028469750889679735,-0.03380782918149472,0.15211729521103315,10880.0,93847.86015872934,1367,24783074,9419062,1643921,965341,7758869,3616282,3428641,2600486,4638187,1593952,1931384,643001,717726,0,960496,0,3703850,0
128,000558,2017-10-30,-0.04461538461538461,-0.04461538461538461,0.16064575863330707,12440.0,59360.643002552104,1639,28168574,24695264,1087744,2101164,6165846,7948236,5672557,5923788,6884025,3261887,3319349,1936862,3359243,2624980,871210,898347,808600,0
129,000559,2017-10-30,-0.05400843881856532,-0.03459915611814346,0.2362849755423025,35836.0,246469.44278201187,2518,160503472,111858466,983502,1187139,10798694,12347658,13632119,13346496,25845948,21509243,17349526,15228603,13690796,10622308,9110329,7439084,69092558,30177935
130,000560,2017-10-30,-0.02952380952380962,-0.028571428571428692,0.2216512637380346,26519.0,129153.7942910353,2247,88822673,61016159,1154819,1136085,11682634,9462553,13785195,12080602,17647539,14130722,8328965,7470221,7949975,2423527,5906962,4422389,22366584,9890060
131,000561,2017-10-30,-0.04646464646464654,-0.045454545454545525,0.28167559318270424,9735.0,71214.21582113103,1236,26101167,13455641,1403703,1588575,5490588,4545743,6108978,2856302,4185649,2073051,1966474,1175012,2065187,0,1344987,458850,3535601,758108
132,000563,2017-10-30,-0.017612524461839696,-0.015655577299412915,0.12043844850631147,9306.0,134643.306810814,1805,50155322,34413462,1171352,2017654,6049711,6331592,5105647,5343755,7377333,5395192,6685934,3151745,3613363,2367771,4079166,929074,16072816,8876679
133,000564,2017-10-30,0.019264448336252293,-0.0017513134851138146,0.13617350704825154,8580.0,71481.89325420564,1762,28965221,25927862,1321512,1778921,6364396,6233712,6694687,4120373,6184760,4647910,2286868,2465835,1669053,717461,2145784,3565016,2298161,2398634
134,000565,2017-10-30,-0.05842696629213473,-0.0561797752808989,0.23065194403388775,11858.0,79634.0210150662,1491,34408019,21495555,1062722,1618316,5703049,6746544,6155141,6131784,5918751,3682713,3778049,2252663,5242895,0,1326680,468180,5220732,595355
135,000566,2017-10-30,0.01238390092879249,0.008513931888544768,0.3817459542291156,26040.0,145854.59943881677,1145,40302514,44405989,622399,791960,4791906,5785499,6841381,4288061,8088641,6869310,7183444,5964052,2636809,2671843,2635888,6078146,7502046,11957118
136,000567,2017-10-30,-0.047098976109214985,-0.0344709897610922,0.9461112768734175,17088.0,105240.99994347038,959,26472198,21856017,1041760,630178,4698218,4040543,3891743,3523839,6796972,3027651,3596773,3640772,1020166,1986953,416976,911518,5009590,4094563
137,000568,2017-10-30,0.012519032312637401,0.0015225850109965577,1.0434554912149752,86288.0,375140.3094319678,3211,329608390,287687681,376786,459096,11241387,12260629,26301919,24899608,39027217,41980475,34608762,35441185,24388372,22512942,21087818,14076027,172576129,136057719
138,000570,2017-10-30,-0.03602305475504319,-0.03458213256484155,0.24770388960538334,8040.0,48611.12642420909,785,12273592,7466570,387076,1104129,3236948,3059310,1910701,1411534,4383015,1369870,1039972,521727,632480,0,0,0,683400,0
139,000571,2017-10-30,-0.0030030030030030463,-0.0030030030030030463,0.21733858321877758,9945.0,69042.47437541086,940,17564290,13447325,734539,946090,4010453,3256303,2614186,3243099,3967566,2234376,1412473,1937559,996886,1376296,894542,453602,2933645,0
140,000572,2017-10-30,-0.022727272727272707,-0.03409090909090917,0.10926134689639373,22274.0,193984.13528021256,2345,104431187,62280652,1686281,1361286,8741973,8053365,16822443,9812324,21268846,12260904,16132122,5749156,8227952,5981431,4314855,2641377,27236715,16420809
141,000573,2017-10-30,-0.02430555555555547,-0.02777777777777779,0.16049571917552033,5720.0,62278.61152131174,1291,18324062,12867249,1138109,1637752,4359034,4011021,4731117,2107803,3377658,1250933,2991185,1228274,744124,640142,461700,0,521135,1991324
142,000576,2017-10-30,0.005501222493887514,0.004889975550122383,0.8274923359614581,15586.0,155360.52975410986,390,6620782,21036792,314848,354273,1464220,1541756,1382517,561627,1517173,1160097,1282693,1762708,659331,2097323,0,6100845,0,7458163
143,000581,2017-10-30,-0.00588235294117645,-0.01254901960784316,0.4752120505417302,45054.0,243299.5180390891,2881,192760425,150773515,1304589,928871,11664689,14944010,14306210,20404640,26107505,27703793,22887935,17589963,13949709,9948227,10861167,9922028,91678621,49331983
144,000584,2017-10-30,-0.0013201320132012473,0.0033003300330032292,0.4053511226035087,27252.0,124106.1743897085,1397,51200611,38953162,1422367,558623,8745941,4805212,8960708,5483913,12851963,8608009,5068057,2873207,4336994,4245942,2760151,3240014,7054430,9138242
145,000586,2017-10-30,0.03973870440936311,0.040827436037016884,0.6100405223807861,14904.0,76466.5685771414,907,17651562,14342539,769281,784972,3871922,4177280,3108502,3088941,3730405,2758891,744353,1503077,1465969,1032005,898037,488442,3063093,508931
146,000587,2017-10-30,-0.017310252996005304,-0.010652463382157085,0.21091118563869876,11145.0,88310.91577716716,1269,22519367,25465305,719474,1973004,4137938,6188268,2873373,2267975,3771067,4541994,3872434,2183047,3885873,2363816,890788,402706,2368420,5544495
147,000589,2017-10-30,-0.026819923371647403,-0.02490421455938696,0.15927393235338938,7770.0,53642.09015222144,1075,15282349,12055993,717741,1084729,3789375,4031409,3263332,2466498,3155223,2582025,1355829,1270923,388368,620409,1336011,0,1276470,0
148,000590,2017-10-30,-0.013972055888223478,-0.007984031936127733,0.6596407627079296,7550.0,62436.40667778048,519,9261220,5836370,437009,608574,2063105,1515393,1843191,1341021,1935536,807656,1509145,749961,325066,358065,402698,455700,745470,0
149,000591,2017-10-30,-0.006535947712418277,-0.011437908496732097,0.13463276717962155,11980.0,109308.64854965343,2072,48680038,35128900,2296717,1104247,7083584,12246772,5513296,8079999,8211746,3597311,4789301,3373669,2593094,2343565,1436917,0,16755383,4383337
150,000593,2017-10-30,0.007029876977152849,0.0035149384885764245,0.3155379327753722,13704.0,121730.17390954767,1305,35125225,29913533,895062,993330,6432193,4070753,4857750,3718534,5747474,6427364,3868795,3811844,3398655,2739629,1734663,2155215,8190633,5996864
151,000596,2017-10-30,0.046676300578034846,0.056358381502890076,1.311154129067579,57887.5,288578.6373110333,2794,188187794,186530620,1744802,778127,13438496,9303950,19372437,13750134,39618482,33429965,22085054,16621720,16594488,12516963,11024313,8012023,64309722,92117738
152,000597,2017-10-30,-0.042857142857142816,-0.043697478991596594,0.2707812267190883,18320.0,125139.5007834752,1936,67511148,43499485,1460702,1042223,11132825,6881604,7678374,6250666,13316874,8147584,7905226,6552822,7927954,4580291,4088472,2351282,14000721,7693013
153,000598,2017-10-30,-0.017006802721088343,-0.017006802721088343,0.1354404789702368,23000.0,171547.4421441985,1888,90838002,49984638,1280989,1272472,9514180,7605707,9451913,7748668,13083775,9833799,9684318,6482347,6332519,3048623,6615861,2183270,34874447,11809752
154,000599,2017-10-30,-0.02358490566037741,-0.028301886792452935,0.19270779586720838,12400.0,82744.75555197698,1090,22492597,15570508,790892,1104291,4472422,5885369,4987025,2616734,4393327,2253659,3161926,707746,309000,941712,0,0,4378005,2060997
155,000600,2017-10-30,-0.05550146056475169,-0.05258033106134363,0.21100137395383833,21604.0,178755.0298001649,2372,96059960,70278693,1595245,2511883,10084025,11753053,10307785,9647325,15961845,14210707,12178883,7175830,7300203,7566397,6146228,5472023,32485746,11941475
156,000601,2017-10-30,0.015286624203821653,0.002547770700636942,0.21730261169543935,10955.0,147239.1377420032,1306,30374516,33846984,2759943,686467,6001597,3853063,3985875,3677103,5351341,5497501,2579377,3567998,3527245,2832181,2163151,2186547,4005987,11546124
157,000603,2017-10-30,-0.024844720496894457,-0.026397515527950444,0.4207288683148386,12600.0,90957.29309866777,937,19026734,16940505,517196,802818,3593586,4654464,2974043,3253539,3708379,1918815,3030686,1929900,1063290,678660,899017,487160,3240537,3215149
158,000605,2017-10-30,-0.043763676148796504,-0.045514223194748515,0.6122557891263488,19606.5,63337.663554280596,1394,30054511,20640773,921089,1110337,7355868,6693203,8479402,4451780,7277181,4729089,3566611,1384428,705640,659340,0,411350,1748720,1201246
159,000607,2017-10-30,-0.054545454545454564,-0.04935064935064937,0.2347881316356402,14088.5,72085.47534998211,1076,23058121,16226144,776234,1244562,4795027,4793343,3496615,3071302,6518491,3907236,3157771,1192801,337485,307515,1285352,0,2691146,1709385
160,000609,2017-10-30,-0.019061583577712593,-0.019061583577712593,0.43065442747174615,13285.0,219516.98131586207,1004,18839078,32460032,936271,785257,5283022,3452897,4105444,3050772,4520588,2522326,2379061,609744,1032902,1045334,0,444548,581790,20549154
161,000610,2017-10-30,0.013513513513513598,0.012012012012011963,0.5014549819661633,13310.0,85615.97125139383,705,11420286,15613187,923182,360356,3318649,2402525,2431855,2339748,3050864,2164998,520906,1729391,316320,1077686,858510,870880,0,4667603
162,000611,2017-10-30,-0.03270440251572326,-0.028930817610062998,0.3244628107434742,11580.0,63968.78214544649,600,13913748,6287936,383250,664191,3098235,2129887,2580009,1883703,3183288,1097954,1531352,512201,671726,0,1769348,0,696540,0
163,000612,2017-10-30,-0.032321253672869754,-0.025465230166503594,0.24146016632609335,10030.0,229692.19539827554,1790,71688366,35580223,1416926,2646788,6792001,5679994,6415667,3694262,7905815,5352113,6594886,3075290,6270344,1627254,5403867,2731438,30888860,10773084
164,000613,2017-10-30,-0.056382978723404364,-0.04148936170212769,0.35203285204111373,10186.0,85352.04621572264,713,14747537,10496227,707189,970606,3063407,2751884,1855693,1480592,3771797,2493315,1860335,474976,782567,0,482035,0,2224514,2324854
165,000616,2017-10-30,-0.017937219730941756,-0.020179372197309364,0.13700891581560232,10925.0,96798.08214800245,1061,27082079,16410000,809271,1020473,4467422,3866653,2962750,4120698,4781794,3799247,3322107,1442480,3478801,979256,1820326,475875,5439608,705318
166,000617,2017-10-30,-0.06398104265402837,-0.05331753554502361,0.45960115087705905,11455.5,88779.85050643492,1350,28581299,17821225,1585372,1032593,8301838,4568082,3546215,3015014,5016376,3347792,3024757,991090,1722794,1371735,1282307,913083,4101640,2581836
167,000619,2017-10-30,-0.027203482045701888,-0.03264417845484213,0.30310023420917154,8910.0,43439.830038028165,919,14846368,6497792,887817,1034365,4043491,2683599,3734197,1878832,3852379,682401,1006795,218595,312390,0,400939,0,608360,0
168,000620,2017-10-30,0.0,-0.019548872180451204,0.1993637804483407,6550.0,47887.15050310326,1113,17178162,4868552,1546338,727074,4878896,2182220,2835583,1112607,3375232,342765,955133,503886,1090044,0,1350133,0,1146803,0
169,000622,2017-10-30,-0.00670016750418756,-0.005025125628140614,0.22488436103629636,13570.0,57297.74646024667,707,13444097,14750341,691730,397804,2977369,1699102,3447623,3658472,3794592,7054199,2065695,1940764,0,0,467088,0,0,0
170,000623,2017-10-30,-0.016222961730449237,-0.020382695507487503,0.4322726166104309,64030.5,306423.366269495,3094,270267791,229453385,1741252,595299,12350920,9949912,20304401,16591023,35632720,28413111,35994058,26674035,25178011,21347150,21501060,12637313,117565369,113245542
171,000625,2017-10-30,-0.015976761074800172,-0.017429193899782147,0.2565142976949031,35646.0,334328.5268136745,2883,200917973,156535907,1324719,1600786,10993408,14397735,15905959,17180858,24792814,23145814,19784518,13868491,16491262,13043254,13767256,10747266,97858037,62551703
172,000626,2017-10-30,-0.04339853300733487,-0.04951100244498774,0.43980945954080736,16000.0,96176.17520710241,1384,41738025,23877456,724772,1556875,6012014,6732174,6833939,3946743,8240507,6187524,4347066,1148414,4419094,1305643,2209319,1727373,8951314,1272710
173,000627,2017-10-30,0.021929824561403688,0.014254385964912464,0.16559798070991724,38528.0,220750.74647669695,3038,147514683,168459946,1450943,1527802,16531192,11665859,22073419,16247937,27197089,24459155,18443332,16281375,13800653,15392202,9998005,12109486,38020050,70776130
174,000628,2017-10-30,-0.03931987247608937,-0.03825717321997868,0.28993127767041194,9140.0,46094.80031561122,1054,14504651,11792190,704424,1519101,3651780,4883524,3644022,2764786,3345452,1522135,1720141,741949,300480,360695,0,0,1138352,0
175,000630,2017-10-30,-0.026936026936026924,-0.026936026936026924,0.05392487954716132,20519.0,328194.88739508874,3077,153447847,137110637,1690413,2507914,11078187,15427111,13189694,15335010,17391555,17410322,11396144,10333614,7456616,15882978,7984566,4144137,83260672,56069551
176,000631,2017-10-30,-0.0024390243902439046,-0.004878048780487698,0.07864850205840833,3672.0,51907.00857216057,2739,29460453,19606015,3207879,2141314,8834397,5198685,4780140,4410362,4508503,3029071,2593415,1253435,3052907,1023391,1338277,415065,1144935,2134692
177,000632,2017-10-30,-0.032531824611032545,-0.031117397454031193,0.27837388259048856,11849.0,112827.87312445915,645,18023890,7470909,551072,629551,2897782,2325157,2309262,1565727,2278823,908524,2316842,277600,1942331,1002050,460655,0,5267123,762300
178,000633,2017-10-30,0.11037527593818974,0.08388520971302427,0.17743442368970708,27227.0,171161.2604031386,2620,103237377,93921382,1467237,1909379,11076606,11834852,14552000,13227908,18992475,20554463,15074420,15103207,7501583,6103159,7603998,6612904,26969058,18575510
179,000635,2017-10-30,-0.04573687182382846,-0.04347826086956519,0.5138255499659657,15471.0,91203.33415926968,1189,27064685,17819290,815217,1298734,5541251,5932268,5271435,3237075,4484494,2629752,2785392,1076683,2440540,1342879,0,1380759,5726356,921140
180,000636,2017-10-30,-0.006718924972004547,-0.007838745800671898,0.19186716401783135,9702.0,71285.30023768998,2171,38565287,38280762,1198930,3847944,7416600,8585201,8433544,7324840,9086693,6661106,6867036,3537397,2774965,2556218,1796321,2628477,991198,3139579
181,000637,2017-10-30,-0.030674846625766805,-0.0260736196319018,0.18144371350161548,5176.0,42539.07661034574,1293,14884449,8859315,1226046,1268172,5055618,3738932,2901858,1526516,2740651,1649198,899637,0,708839,676497,0,0,1351800,0
182,000639,2017-10-30,-0.02630272952853585,-0.02977667493796521,0.49191012431527203,15496.0,125788.47605621858,1681,49165368,29790667,2335936,1379010,7288344,6981709,5391023,5290345,8437248,7357356,2916963,2341877,4956375,2189511,1728101,2650953,16111378,1599906
183,000650,2017-10-30,-0.02454991816693952,-0.026186579378068786,0.16155100545334916,13134.0,129089.19224858622,1432,49286515,28183101,1482880,1121546,6104165,4854029,7018109,4937441,7231449,5248595,4109325,4422997,5097528,1430301,2615639,1716071,15627420,4452121
184,000651,2017-10-30,-0.003416856492027276,-0.008656036446469173,0.7342780503582474,291316.0,1108407.4706610919,3575,1040419613,1111352752,161019,156800,4209792,4666487,14363286,15289901,41351591,48173758,33357820,53910065,39546756,57762785,41922370,49508275,865506979,881884681
185,000652,2017-10-30,-0.020952380952381056,-0.026666666666666616,0.15038501581962568,9965.5,60873.16269720712,1220,22449149,12559026,1160671,883135,5209919,3768598,4022547,2877393,4717103,2546585,2372315,736900,2327845,309760,1254445,924655,1384304,512000
186,000655,2017-10-30,-0.03350515463917525,-0.02577319587628868,0.2232301662496141,10313.5,84106.17461883245,1210,25626332,19326733,996602,1411377,4172921,4352274,4552081,3849976,7531287,3036852,2935075,1668782,1233699,1773226,873239,899029,3331428,2335217
187,000656,2017-10-30,-0.012605042016806678,-0.01680672268907568,0.11837394162553674,9891.0,144723.35890638578,1622,50221807,23898855,1453414,1518780,7458749,5531290,3968929,4968414,5704570,3694488,3748697,4044431,4507079,1092409,5186391,476340,18193978,2572703
188,000657,2017-10-30,-0.03199404761904756,-0.03125,0.3733541090260794,15612.0,86009.63658920718,1297,32507777,21522878,842422,1000477,6912986,6549425,4948463,3132119,7337704,3797135,4711612,2934804,2807520,1467534,2694315,0,2252755,2641384
189,000659,2017-10-30,-0.023684210526315752,-0.021052631578947323,0.14544996976069985,11130.0,83198.48104376835,683,16547392,8524340,435072,652272,2958245,2503381,1899566,1712772,3877044,1940175,1773746,297171,1666909,1418569,477106,0,3459704,0
190,000661,2017-10-30,-0.010988372093023169,-0.013546511627907099,4.053808596013466,50530.0,369922.2528394231,1802,165307302,122739979,0,3694,8233331,9113784,12429684,9194893,16586010,16858494,15528299,12939892,11179237,9739510,7920585,5220591,93430156,59669121
191,000662,2017-10-30,-0.015105740181268867,-0.024773413897280938,0.5174123120581453,16160.0,94656.95831011447,1023,30349821,19835230,1067401,1057901,4593697,3743042,4108129,3540052,5889400,4803964,3858543,2541255,3051698,3057149,2233266,0,5547687,1091867
192,000663,2017-10-30,-0.025916561314791364,-0.022756005056890016,0.5623755141666447,18834.0,69017.89381683593,794,18121729,13890264,742265,391331,3471867,4049935,3415860,5122301,4795876,2806287,2372636,420560,1359847,633650,445060,466200,1518318,0
193,000665,2017-10-30,-0.02491408934707917,-0.02577319587628868,0.3592986644364058,8071.0,72895.40272422426,1049,23639257,9600350,961108,924060,3789742,2928581,3711264,2006471,5434384,1069686,3567666,1491960,3365151,717592,418013,462000,2391929,0
194,000666,2017-10-30,-0.0013729977116705427,-0.01189931350114426,0.4904548072207932,23732.0,120190.71704907579,1986,67482929,51633379,1293071,1141156,9023262,9737528,9585026,8962678,15552869,12512347,11745826,8342934,4054241,3404824,3610808,4062758,12617826,3469154
195,000667,2017-10-30,-0.018018018018018056,-0.018018018018018056,0.08654353922756002,4264.0,74907.94716528093,1487,24211828,11072185,1792304,1063902,5660219,3338012,2774299,1622637,5262648,2094945,2614798,668771,1698234,375718,1356395,0,3052931,1908200
196,000668,2017-10-30,-0.06693363844393607,-0.06121281464530892,0.8368396831053521,13323.5,95736.47408480587,438,8973303,10186458,362407,439056,1649535,1426498,1498408,1490515,1923272,978040,888071,1488480,1446160,1688040,0,869190,1205450,1806639
197,000669,2017-10-30,-0.022609819121446995,-0.03100775193798455,0.3636660611453037,12024.0,70158.55800525505,1813,34108240,22762905,1549554,1845747,8777798,6481247,6228388,4165566,6425978,3994036,4001068,1971489,1762355,1126234,2687011,1386110,2676088,1792476
198,000670,2017-10-30,-0.05990783410138245,-0.05069124423963134,0.13253918475603155,18067.0,83151.58062756396,2421,60330078,51851404,1549065,2191024,9932767,11256696,11242301,11751409,15139826,13860656,7700437,7197369,4601666,3078556,1359470,881138,8804546,1634556
199,000671,2017-10-30,-0.0098314606741573,-0.023876404494381998,0.15035872455915839,23596.0,231749.74788052763,2248,122745832,71374586,1561124,1330818,12233775,8340157,12569088,8861006,14522505,9855940,10595910,7714260,8590061,6229346,6670089,3099650,56003280,25943409
200,000673,2017-10-30,0.0034602076124565784,-0.009515570934256146,0.47947807657669395,13776.0,146293.72837147387,581,15725745,11895588,513519,354867,2784659,1985517,3516503,1607822,2755043,2744652,1656380,1173646,1047443,0,461368,0,2990830,4029084
201,000676,2017-10-30,-0.007795889440113335,-0.019135364989369186,0.39732945748214743,11372.0,112899.5372144596,1262,32826520,16441217,1589760,672903,5640421,3638134,4974200,3379016,7259838,6092482,3360904,999374,2101297,626220,2170229,483718,5729871,549370
202,000677,2017-10-30,-0.03433476394849788,-0.025751072961373467,0.1756268083014755,6532.0,69514.71477389988,704,12852346,6969990,673964,617462,2968710,2018356,2474612,1476693,1343549,847656,1880336,698969,683999,0,1349766,1310854,1477410,0
203,000678,2017-10-30,-0.03725961538461542,-0.03725961538461542,0.29214329302858033,9636.0,57304.7438619939,811,14082564,8765981,755069,1061699,4054211,2730472,3032926,1579509,2615532,1227739,1357092,1052959,1347169,308800,920565,0,0,804803
204,000679,2017-10-30,-0.024676850763807212,-0.024676850763807212,0.2954220994906608,5106.0,36918.61366681146,830,10280974,5417423,928209,656715,2604747,3012899,2620087,1179365,2791086,361027,205346,207417,646779,0,484720,0,0,0
205,000680,2017-10-30,-0.032490974729241784,-0.028880866425992857,0.1363116008622928,10840.0,90365.24191876,1655,38204623,24019285,1783873,1138225,7437380,5605593,7320738,4546802,8579325,4046288,3504924,2842440,2379200,1610849,862274,402504,6336909,3826584
206,000681,2017-10-30,-0.040892193308550207,-0.036112586298459926,0.5265304369151063,3668.0,73832.93186036212,1281,14010362,13473520,709265,2015173,3314048,3933476,1955138,1695787,2245894,2103576,1197637,1126617,1797754,733020,419966,465664,2370660,1400207
207,000682,2017-10-30,-0.024856596558317512,-0.030592734225621476,0.15025976084935969,6656.0,71669.8036611658,1213,20142370,13618833,725194,1527748,3409927,4239589,3507201,2509065,4372784,2324213,1824296,952096,1769253,317178,903673,0,3630042,1748944
208,000683,2017-10-30,-0.02866242038216571,-0.02547770700636942,0.06713695843520881,12240.0,168432.81986280397,2205,70923352,54949828,1971622,2011233,7421114,9272246,8889173,7556857,10825658,8017716,6239203,4925918,3744458,5852175,5367730,2173969,26464394,15139714
209,000685,2017-10-30,-0.01857010213556165,-0.014856081708449431,0.2812822804170774,11715.0,109623.55995735797,1466,43193300,21327972,1217367,997750,6096380,5327716,6797897,3835051,6532755,4803610,4707636,2886513,4333482,1045226,1714810,1324446,11792973,1107660
210,000686,2017-10-30,-0.029116465863453955,-0.029116465863453955,0.2235095911174225,16728.0,163552.59641931986,1987,77356248,50420926,1601404,2075540,7399156,8337429,8997534,7650845,12971764,7726942,13916879,6101744,4717231,2665486,2665004,1483146,25087276,14379794
211,000687,2017-10-30,-0.015686274509803977,-0.018954248366013116,0.3102243834499339,43288.0,230740.70343642595,2435,169722228,110877376,1112082,1140660,10060632,10144462,12629264,12714980,27319088,25808130,22417432,12960914,21270142,12887580,12106466,4551269,62807122,30669381
212,000690,2017-10-30,-0.03435114503816805,-0.039440203562341014,0.21418704306882877,15140.0,179676.03938841057,1349,59863853,28832344,1196508,996375,6125224,4389916,5017673,4051839,14910583,4484081,5748644,3355614,4187382,4132768,3772663,1746003,18905176,5675748
213,000691,2017-10-30,-0.03648648648648656,-0.03378378378378377,0.4424057125027967,12461.0,37171.19970795229,279,4273191,2532521,233624,127938,1709955,871832,1179408,792011,930904,219600,219300,521140,0,0,0,0,0,0
214,000692,2017-10-30,-0.03605015673981182,-0.014106583072100332,0.26465709780550184,6290.0,54945.60214798218,581,8975822,5821311,507324,444277,1821898,1334629,1659593,1596189,3235657,1113436,746350,279905,1005000,0,0,470206,0,582669
215,000697,2017-10-30,-0.031024531024530955,-0.02056277056277056,0.5421713773810296,56742.0,384458.45785078465,2617,235274443,171177345,700262,821929,9486783,11043150,14540594,15398001,28128299,26987725,24184948,23111476,21787637,16476367,15185654,8722501,121260266,68616196
216,000698,2017-10-30,-0.023659305993690816,-0.025236593059936974,0.20749682998389485,6340.0,91411.52714550283,934,19161423,10863554,521750,1400409,3003204,2498520,4016764,2122176,3687890,1818688,2835783,1054708,2713161,364416,0,0,2382871,1604637
217,000700,2017-10-30,-0.023668639053254448,-0.019230769230769162,0.19057703826884737,13200.0,80222.37358791732,1259,26297501,20256040,630314,1782548,4202884,6082470,5109026,4278008,6317897,3342273,2949389,2055198,2497779,1333968,839472,813175,3750740,568400
218,000701,2017-10-30,-0.0269168026101142,-0.023654159869494262,0.33116310165215673,10827.0,101169.21865635648,1372,26088280,13397658,2674592,826613,6640376,5185026,4087075,1869967,4471995,2813753,2309020,514600,1028224,725400,924000,0,3952998,1462299
219,000703,2017-10-30,-0.009621552277100709,-0.014111610006414366,0.35955143443506016,9174.0,106484.43842383802,1884,34515259,17809518,2705452,736848,9440616,6113776,4776385,4828692,4146604,3490777,1724298,1205165,1680432,951060,0,483200,10041472,0
220,000705,2017-10-30,-0.037142857142857144,-0.03904761904761911,0.29410555729400756,8088.0,52113.28333147329,1275,22703114,8767642,1593687,694049,5646322,3727418,4187526,1783490,4771856,1858001,2626523,704684,1011083,0,1727841,0,1138276,0
221,000707,2017-10-30,-0.03215926493108723,-0.024502297090352232,0.2338010285267602,5773.5,48333.58945319063,780,11646616,5555552,722213,750215,2588351,1345341,2013320,1532601,3472693,1169971,2131169,210210,313110,0,405760,0,0,547214
222,000709,2017-10-30,-0.030162412993039456,-0.030162412993039456,0.07654614762556372,28260.5,262802.7817957035,3192,202851259,120802379,1693547,1254530,20056165,12507637,20564822,13564863,21039664,18122565,19366746,16179736,9581024,8709330,12370766,7966770,98178525,42496948
223,000710,2017-10-30,0.012419354838709706,0.006451612903225712,1.3779144117951383,33902.5,147142.42000695947,2028,78323180,84744217,913514,965260,10496487,9384306,12175952,11427674,18527924,16981035,8406515,15411214,9896014,10306868,4023927,5824199,13882847,14443661
224,000711,2017-10-30,-0.01581595974119343,-0.014378145219266614,0.49704830368061453,13750.0,96516.44924626591,783,14700990,10887633,786775,660411,4182662,3184199,2435909,2593913,2054945,1236722,930923,784360,666428,312558,442510,865104,3200838,1250366
225,000712,2017-10-30,-0.030769230769230882,-0.030769230769230882,0.47076825302492487,19495.0,170296.50890579514,1716,85597629,50845011,1336831,1481278,7401913,6641844,7992553,6501859,12067894,8719818,12691042,4809595,9683872,9231147,3214851,4965214,31208673,8494256
226,000713,2017-10-30,-0.027638190954773822,-0.028894472361808976,0.2921330847376745,7775.0,52998.69102387342,742,10661679,7462842,646847,885979,2979958,2419560,2504759,1947585,2183443,1125283,698123,697435,733674,387000,0,0,914875,0
227,000715,2017-10-30,-0.00858778625954193,-0.00858778625954193,0.3128744833866346,3154.5,50594.079072217464,1124,10443132,7853863,975046,1714867,2278095,1436758,1903860,1147579,1521787,1918293,902948,867982,357709,0,963047,0,1540640,768384
228,000716,2017-10-30,-0.037707390648567096,-0.039215686274509776,0.14379146646212015,12860.0,140303.06838697573,2130,56327172,33818114,1621915,1460829,10322823,7646657,9447257,6720757,10301611,7056880,5773482,2739905,2050995,2818449,891518,1290181,15917571,4084456
229,000717,2017-10-30,-0.04435994930291509,-0.04435994930291509,0.15141807583278957,30004.5,294092.06342811446,2724,171093286,119049653,1666723,1669002,10823334,13544749,14638040,14499350,17215393,18723456,17795649,14170016,13480561,9402871,12466786,6591475,83006800,40448734
230,000718,2017-10-30,-0.020220588235294157,-0.020220588235294157,0.13292297003425999,10820.0,94003.9581047949,1678,44304656,16074503,1373490,1091900,12300573,3995082,5731800,1842294,8913336,3823199,3305448,1513401,2689669,333023,973740,0,9016600,3475604
231,000719,2017-10-30,-0.008814887365328317,-0.01762977473065641,0.306377384660969,10050.0,49306.91743617556,1111,19395983,9020124,1861782,405500,6248528,4073147,2979029,1750541,4208797,1293970,1645256,555408,961916,336663,865050,0,625625,604895
232,000720,2017-10-30,-0.04708097928436916,-0.04519774011299427,0.15033119724129118,10460.0,110116.43010236904,1250,25869573,23268478,1042496,997819,5527934,4465215,4789747,2667953,5454664,3928802,3775795,2067699,2231797,0,0,493679,3047140,8647311
233,000721,2017-10-30,-0.03183791606367581,-0.02315484804630974,0.212772073489614,7425.0,67968.6015681771,1055,15966093,10472884,965887,1297749,4290556,2893505,3134887,2216880,2690187,2464782,1078278,1210372,725524,389596,890354,0,2190420,0
234,000722,2017-10-30,-0.020746887966805017,-0.024896265560165998,0.38814336450563647,12980.0,94169.69626317703,964,24326552,13484176,841544,793572,5172577,4123808,3694229,2954607,6188042,2318104,2694570,472984,354000,995031,943524,874070,4438066,952000
235,000723,2017-10-30,-0.01654846335697402,-0.009456264775413725,0.2496128981431188,20850.0,112696.27150084909,1149,34253150,29275809,1071126,782319,5311801,6122896,5526673,5992063,5770889,4649490,4895545,1834957,3455358,2437958,1433929,878477,6787829,6577649
236,000725,2017-10-30,0.01990049751243772,0.013266998341625147,0.1007148477030051,2104574.5,6175761.949838752,3600,5304793915,7995727235,0,0,49296,0,340047,80600,5156571,3435604,12131393,12918236,17947546,25901745,21908343,31200148,5247260719,7922190902
237,000726,2017-10-30,-0.025597269624573427,-0.03412969283276457,0.21233383704243347,12529.0,103398.48199675536,3049,76940031,30613146,4542914,941644,19384972,8238697,11709872,7518086,12495615,5714495,4511434,3888930,3975254,2713260,4463473,401706,15856497,1196328
238,000727,2017-10-30,-0.010309278350515538,-0.010309278350515538,0.06044086267719413,13920.0,272247.17659115134,2344,106995538,78881921,2092245,1486158,9237516,8043195,9017503,8621664,13305044,9028782,9504172,8690336,5599809,3452779,5175557,3307076,53063692,36251931
239,000728,2017-10-30,-0.029088050314465486,-0.04009433962264153,0.2399942825412032,43881.0,268106.33363762166,2812,214585115,170448979,1069842,1375795,11543693,13031933,14289100,14717014,29400199,25616897,24834735,23250377,16230252,15788642,13880685,11231922,103336609,65436399
240,000729,2017-10-30,-0.01404056162246492,-0.01716068642745716,0.13760104203718296,10710.0,76911.0610156058,2175,48361287,27444595,3069376,1071324,11922141,5706133,9597775,6353989,8712373,5604990,2923442,1534327,1935266,1770516,2638667,889780,7562247,4513536
241,000731,2017-10-30,-0.0383663366336634,-0.0383663366336634,0.2150547145580634,18009.0,126674.17405093202,1413,40050430,33683956,756536,1474898,6339582,7425647,6874916,5420431,8572048,4481066,6259834,3469157,3379309,3104938,1279275,0,6588930,8307819
242,000732,2017-10-30,0.027485380116959002,0.009356725146198785,0.39221081385124357,5187.0,79879.03758623236,1902,26685104,28796878,1711163,2293081,6067695,5888616,4222032,3580345,5314950,4521111,1584055,2633824,2029305,3844468,1309343,1322202,4446561,4713231
243,000733,2017-10-30,-0.028002489110143136,-0.0317361543248289,0.379878796464242,15750.0,97655.32120299886,1790,49131435,31505974,1966366,1239862,9266714,6898380,9566351,6488761,10380271,7135432,5783603,1023663,2882983,2439105,2644393,434070,6640754,5846701
244,000735,2017-10-30,-0.04431818181818192,-0.05113636363636376,0.16832112780133704,43420.0,312473.94239046477,2743,182558819,161054586,1358177,1406852,10720085,11157256,18629165,15545916,28698994,24794208,19847661,17357431,15620326,14494352,10498365,11100121,77186046,65198450
245,000736,2017-10-30,-0.05508982035928145,-0.053892215568862145,0.4437085517067239,15970.0,95114.60588761447,1423,39933578,20930692,1272505,1073176,7295178,5704250,7632227,4698554,8685135,4541795,3938853,1049955,1951103,1528705,1825374,928108,7333203,1406149
246,000737,2017-10-30,-0.04810996563573888,-0.04123711340206193,0.1824683791143118,11070.0,53151.378370546205,1018,16095765,11543955,752252,1047738,4556191,3670532,4154656,2185965,4100082,2242659,939060,490347,668179,635079,413820,0,511525,1271635
247,000738,2017-10-30,-0.0512032770097286,-0.0512032770097286,0.41249344353953926,33732.0,145881.61632662264,2244,111578890,72509120,1135901,1455062,10145292,10087544,14821689,10733076,23858718,17604981,17106445,10821855,9331406,7674829,7148030,2611782,28031409,11519991
248,000739,2017-10-30,-0.01098901098901095,-0.01098901098901095,0.18519349814519626,3610.0,40044.86311635584,1555,14573007,15116829,3197708,713765,3043061,3064577,2849895,7047881,2853534,3850156,675394,440450,371723,0,865692,0,716000,0
249,000750,2017-10-30,-0.023090586145648295,-0.026642984014209503,0.11955232953580627,12143.0,165601.91918368667,2224,78942199,41448586,2319198,1773652,9048396,8321187,7860367,6184712,9039643,5796049,7591158,6165733,4891789,1971727,4055736,0,34135912,11235526
250,000751,2017-10-30,-0.04667863554757645,-0.04847396768402168,0.11802770819672445,19907.0,155638.2870392301,2234,75893137,56500357,962992,2175274,8743828,12153119,8820324,11903704,10747565,10090276,6483206,5455975,6812775,4065874,4402917,871196,28919530,9784939
251,000752,2017-10-30,-0.040282685512367467,-0.04381625441696124,0.46574788410293533,13610.0,80317.51563605585,923,19852360,12554583,654594,1023389,4342666,3478818,3673583,2247388,3684361,1978307,2434424,797608,2401882,1805265,1221300,465804,1439550,758004
252,000753,2017-10-30,-0.03111111111111109,-0.03111111111111109,0.14426576461061247,8740.0,50830.22102450768,974,15310776,9288635,825611,1168055,4382395,3688558,3557264,1983885,2124333,1286141,1608389,1161996,0,0,1738959,0,1073825,0
253,000755,2017-10-30,-0.046052631578947456,-0.046052631578947456,0.1695492791635797,9360.0,102755.57858191768,1288,25038192,20663411,1078165,1478192,4594112,4716941,4527547,3735192,4149292,2730368,2878695,1443432,1698190,1063043,1285091,889232,4827100,4607011
254,000756,2017-10-30,-0.04204364023416707,-0.0383182543906333,0.5146981537156164,21695.0,88669.54962367153,1334,39474610,32157377,739277,1153155,6983103,4982986,9816177,5398559,8750234,7931069,5883013,4017955,3851266,3480835,907070,876924,2544470,4315894
255,000758,2017-10-30,-0.02785515320334253,-0.029247910863509752,0.15785949598558804,11232.0,102021.37776929366,2072,50661820,28535253,1800769,1969324,8743121,8047212,7930596,5584888,10239571,6142390,4198859,2709381,3100016,1322793,2696367,902216,11952521,1857049
256,000759,2017-10-30,0.02325581395348819,-0.023255813953488413,0.24136729319693775,7400.0,47463.19647664242,1539,21499973,14103739,2196209,2396996,5848592,4615427,4737075,2681539,3631979,3062293,1522777,1001524,665827,345960,1311392,0,1586122,0
257,000760,2017-10-30,-0.012910798122065636,-0.02699530516431925,0.22728393137991054,5911.0,46879.66037984712,1410,15349725,11999507,813094,2044677,3916826,4645101,3675875,3127949,2313791,1424757,1447050,0,963702,339690,1410466,417333,808921,0
258,000761,2017-10-30,-0.052727272727272734,-0.041818181818181865,0.11817207328241418,10660.0,148996.45864258305,2174,57260744,47280013,1011104,3001177,7057295,10783064,5365624,6033058,11333942,8538397,5682139,5410240,2796522,2182943,1812240,1272958,22201878,10058176
259,000762,2017-10-30,-0.06117908787541726,-0.0661846496106786,0.33349880990287933,52979.0,377168.8680359802,2911,244587538,231205535,910700,1514970,9975350,12103853,14291101,18669368,24430762,29333316,24265673,21586689,20956610,22495056,12958308,14132621,136799034,111369662
260,000766,2017-10-30,-0.029577464788732355,-0.029577464788732355,0.414228167464721,12640.5,88747.78697652752,1176,25972986,18623731,1069662,1263435,5441355,4250042,5163537,3742601,3905902,3639136,4412123,546369,1093848,2049978,869218,420300,4017341,2711870
261,000767,2017-10-30,-0.02108433734939752,-0.02409638554216853,0.11249118717031727,5868.0,67986.39522776901,873,14635485,7266393,740606,1094631,3448538,2372227,2065240,1595421,1857284,398111,917937,418855,2569367,386750,937008,444275,2099505,556123
262,000768,2017-10-30,-0.045621394861038334,-0.04299947561615103,0.35849002950059145,46000.0,275930.06698196795,2831,210667474,168116502,960204,1636143,8926744,16361538,12805801,17365403,25153398,30070814,25098916,23504948,18630427,16837416,19883806,11887137,99208178,50453103
263,000776,2017-10-30,-0.014285714285714124,-0.026923076923076827,0.3331257735985656,55087.0,386450.9793373409,2987,278962381,229960670,736232,1055967,8740140,16508926,16729127,20341763,27967269,30251950,22588927,24081332,25176189,18749258,22179751,19531463,154844746,99440011
264,000777,2017-10-30,-0.030751034890597273,-0.03429923122412781,0.45245313679656457,14805.0,94259.3751167305,1398,31709210,22280020,910714,1962014,6097546,6025596,5068990,4268315,7771733,4962307,4029373,1855495,2111289,390102,2736497,844623,2983068,1971568
265,000778,2017-10-30,-0.02786885245901638,-0.026229508196721207,0.12034194124379716,22914.0,186661.82088208527,2576,104595809,88383185,1053137,2091044,9711407,13089747,14259844,13765737,18923844,12892910,10166060,10083185,8722394,4374219,6693314,3877443,35065809,28208900
266,000779,2017-10-30,-0.01766138855054833,-0.012180267965895442,0.5680556329283254,16374.5,71458.29633472842,836,18986969,11474741,758471,740475,5434231,3650373,2776585,2477279,4319934,3186777,1237026,687048,647329,316485,938599,416304,2874794,0
267,000780,2017-10-30,-0.023622047244094557,-0.025590551181102317,0.19944740981017392,9505.0,56088.43802562076,649,11175305,6928577,483161,853367,2389148,2123352,2206560,1278541,3043024,1106007,2164212,297600,347200,310490,0,959220,542000,0
268,000782,2017-10-30,-0.05417814508723595,-0.05050505050505061,0.24802074021379883,27945.0,1551038.156719486,1935,177772849,92519569,603226,1255565,5445776,10271070,7212205,11319073,12571509,19876553,6689274,12358429,8190376,9354881,6227366,8183667,130833117,19900331
269,000783,2017-10-30,-0.030982905982905873,-0.028846153846153855,0.19337410755830362,21068.0,172489.59594724,2345,98066113,66311508,1351571,2362107,8065242,14175279,10062246,11112077,13907497,10884824,12843024,4508961,10515831,6989667,7224289,2297779,34096413,13980814
270,000785,2017-10-30,-0.03749999999999998,-0.03125,0.44083744212758025,11090.0,93241.69338236438,645,15561496,10723912,641812,385130,3393088,1812954,2318643,1272763,3200135,2172909,2090534,1225202,1695844,689214,939540,0,1281900,3165740
271,000786,2017-10-30,0.04856512141280356,0.053421633554084025,0.3845899192723471,131214.0,476338.4350010134,3478,419761044,540336415,319888,520712,7628316,10364974,20316844,23916446,45333263,56017012,44974694,41249082,33764917,39042758,29129203,38568132,238293919,330657299
272,000789,2017-10-30,-0.02130177514792897,-0.022485207100591653,0.21563060580158172,11774.0,125752.27172037963,1537,36152632,31089391,1018682,2068987,6556913,6047607,5452579,5712629,6757609,5579916,4773254,2913745,1383948,2103622,2104739,984456,8104908,5678429
273,000791,2017-10-30,-0.04555084745762705,-0.032838983050847315,0.17935707148306942,28086.0,116561.39419550361,2775,110013028,81937343,2147459,1591759,13812425,11787455,16540380,14035290,25989098,19013489,13655484,14295251,10566352,6073024,7714382,4988292,19587448,10152783
274,000792,2017-10-30,-0.03012820512820502,-0.027564102564102577,0.27685071089691726,78988.0,521177.4235812651,3182,415345422,343155115,964893,979840,12039445,10101409,17752958,16060864,35611683,30142214,31941488,24412028,27960169,22939357,25608845,27195575,263465941,211323828
275,000793,2017-10-30,-0.02066929133858275,-0.02066929133858275,0.27777558004631525,18009.0,201833.16218164243,1338,65066084,39042172,1248798,617381,6729487,3276866,7768393,3655496,10776920,4264558,5533675,2471490,5509370,1946204,4171551,2301390,23327890,20508787
276,000795,2017-10-30,-0.06397774687065372,-0.07232267037552165,0.14124328706584213,21390.0,139179.7040476473,2599,85970476,66671643,1046100,2615213,10191483,14774912,13463930,13064078,14639954,13841424,12721423,8005487,6227029,3135871,4377013,4325601,23303544,6909057
277,000796,2017-10-30,0.05235602094240854,0.014210919970082392,0.2996595239754421,17205.5,80977.78763868136,1992,38614744,46850601,1371556,1706199,10078108,9177346,9731961,9128845,9379599,10164758,3361079,4129698,1847749,4865675,0,1894626,2844692,5783454
278,000797,2017-10-30,-0.025894897182025978,-0.018278750952018252,0.31289678704407753,25900.0,209268.99147260623,1763,82879501,67199249,1092448,893918,7737673,8327591,7734337,7779277,15897400,12245328,9530273,7439019,7167423,4698856,4789545,4794987,28930402,21020273
279,000798,2017-10-30,0.013800424628450214,-0.02547770700636942,0.36836846481537666,9370.0,33502.46832806589,654,8278405,5505882,570715,868878,3476736,2167672,2298771,1147237,1449305,926986,482878,0,0,395109,0,0,0,0
280,000799,2017-10-30,0.045404613694617346,0.03368729403149029,0.47301109015341014,72878.0,261167.51433932577,3337,250309607,214731335,837310,606453,14879673,12254077,26896217,20983365,46477464,44892858,33321010,33365919,24230111,20504550,14364612,22745090,89303210,59379023
281,000800,2017-10-30,-0.0545023696682464,-0.05134281200631918,0.25484079556883843,42175.0,240034.8046510704,2472,157991744,134107182,928780,1363526,10324018,9773783,15072108,13258600,23530791,23461231,21251165,15116179,14150424,13988142,12215108,8537057,60519350,48608664
282,000801,2017-10-30,-0.05889884763124198,-0.05377720870678615,0.20242803851132085,11280.0,99372.47454889157,1491,40563609,19559549,1525028,1553773,6199201,6245325,5750483,3744599,6398489,3558395,5229079,2134137,3246092,380970,2756956,444000,9458281,1498350
283,000802,2017-10-30,-0.04496516782773907,-0.03293223559214686,0.36658538254971546,24224.0,91154.18839091601,1856,56848665,40518466,956348,1423927,9510770,9290456,11463787,9070038,12792847,10277291,5515560,4129711,6960652,2354908,2616897,1825272,7031804,2146863
284,000807,2017-10-30,-0.03817427385892125,-0.02904564315352709,0.22013747575602197,56544.0,324607.7534726259,3001,241947835,208872966,858571,1272370,11307528,11908113,17399126,17784598,31303508,32700667,25751432,27903126,16903307,21113368,14344775,17693310,124079588,78497414
285,000809,2017-10-30,-0.03755868544600938,-0.039906103286385,0.16633055469804706,14126.5,83368.26757122562,656,20119208,7860863,327186,593171,2825311,2966994,2606650,1944243,5065853,1948859,3532691,407596,979084,0,1292202,0,3490231,0
286,000810,2017-10-30,0.005607476635514086,0.0,0.35720605933042643,10690.0,48261.78435722392,897,14118206,8000119,764813,791927,4275350,3357578,2943391,1810420,2236360,1581135,1606800,459059,781840,0,882436,0,627216,0
287,000811,2017-10-30,-0.07274590163934413,-0.06659836065573776,0.24096826449456088,18610.0,160867.78121257416,1644,77156883,29875407,817116,2287168,7068344,6810464,9480948,6193229,8796111,5069115,6229770,3071676,4234272,1663414,6892510,1458683,33637812,3321658
288,000812,2017-10-30,-0.024125452352231513,-0.019300361881785078,0.2899636100473565,10556.0,102521.1045020118,820,14915025,17056263,667996,845796,3945202,2571687,2923034,1722158,2556925,843279,1463554,1228037,1099643,1696735,426060,1306399,1832611,6842172
289,000813,2017-10-30,-0.03217503217503215,-0.030888030888030826,0.17330404663724885,4524.0,52081.58106027463,2018,21154689,9334933,5260695,620073,5825685,2620084,3332137,908737,2205095,818864,748539,754937,1653106,1357984,0,0,2129432,2254254
290,000815,2017-10-30,-0.03886010362694303,-0.03626943005181338,0.47234797693905944,19190.0,107338.43874336813,1672,59345195,28713129,1562160,1176862,9340017,5888456,10074252,6544331,12067937,4588928,7145490,3349536,3927611,977694,4109201,874373,11118527,5312949
291,000818,2017-10-30,-0.019434628975265045,-0.024734982332155542,0.32239466723858756,15652.0,92690.69668823299,1233,35149875,18608645,911756,833667,6363128,5286916,6704996,3310340,7121968,3594364,3725764,2622280,2769853,1411178,1845650,899130,5706760,650770
292,000819,2017-10-30,-0.04941321803582466,-0.05126621371216811,0.5149439643888144,12400.0,74436.11311476496,989,24952744,11394814,624512,1180269,3596234,4521447,4054180,2843443,5339951,1089424,3174126,443380,2884922,1316851,2645401,0,2633418,0
293,000821,2017-10-30,-0.02016689847009745,-0.02016689847009745,0.37317968041723154,23120.0,133676.91046374937,1487,41611296,39432453,1287028,763578,6648222,9769634,6130566,5564494,8451873,6136400,6893168,3714453,2734166,2063623,2730967,848616,6735306,10571655
294,000822,2017-10-30,0.007305936073059405,0.01552511415525104,0.20851216761000976,28809.0,178111.4365265513,2763,81741915,125246442,1119394,1962975,11801280,14175106,14968575,16544114,20149482,25398126,11506170,13412593,8180990,8369993,3420340,5830640,10595684,39552895
295,000823,2017-10-30,0.03425985778926943,0.035552682611506015,0.28469451015778036,66024.0,361094.2344085147,2962,248322139,249235905,1036848,1022952,11889555,10717382,18454458,17090144,34864392,31376453,28309099,24460993,25953632,27842656,18188195,17374459,109625960,119350866
296,000825,2017-10-30,-0.001984126984126977,-0.007936507936507908,0.0931834862429002,22087.0,154910.2691785379,2940,94946192,94380411,1689940,1992376,12937055,16305336,13275800,15703737,17066643,14896593,12055915,10928512,8010669,7563264,5247745,5327757,24662425,21662836
297,000828,2017-10-30,-0.01224489795918371,-0.009795918367346834,0.4073396556549739,12290.0,89614.66992329883,904,25033654,13919228,545244,1058363,3687070,3820174,3635379,2257007,4942669,3622203,4161064,989025,2125144,1765530,915800,406926,5021284,0
298,000830,2017-10-30,-0.009345794392523366,-0.01274426508071369,0.20754093065667356,62619.5,283524.9940692571,3224,244539130,260877693,1311531,950021,12055907,12364013,19297785,19142019,33891378,31755002,29085823,30710224,24045456,28800052,23718439,26722203,101132811,110434159
299,000831,2017-10-30,-0.05523255813953487,-0.04941860465116277,0.2906061358108516,27180.0,156543.42525409188,2246,100654802,74893349,1242454,1261966,10204355,9983016,11505940,10941791,21534469,18696508,11938479,9806672,7726797,7758334,7086344,4301165,29415964,12143897
300,000833,2017-10-30,-0.04590570719602982,-0.047146401985111774,0.2253427538897107,11595.0,57421.44624989438,1281,21321375,17556541,1007869,1585757,5638460,5850519,4817733,3714568,5324316,3921934,1634660,1417907,337740,1065856,449541,0,2111056,0
301,000835,2017-10-30,-0.04416403785488954,-0.050473186119873836,0.2680827738971747,11758.5,93014.84841053911,1262,27342392,18601037,938867,1614986,5222078,5706964,4453014,3669313,5215598,4107201,2729997,1533789,1429533,952409,456190,445463,6897115,570912
302,000837,2017-10-30,-0.022546419098143256,-0.022546419098143256,0.2185476911723624,14820.0,78718.05249617972,1193,27976721,19010172,923802,1257518,5935148,4679859,5648772,3931869,7911831,2278591,4035659,648356,1463869,372000,898060,2171745,1159580,3670234
303,000838,2017-10-30,-0.034810126582278555,-0.03322784810126578,0.17226510750391325,9210.0,45623.61261629556,1347,19612475,13034761,1079629,1737082,5551857,5071793,4120621,2839371,4974046,3151507,1747721,235008,0,0,438087,0,1700514,0
304,000839,2017-10-30,-0.03234501347708907,-0.03144654088050325,0.1930290805128067,101657.0,672680.2492479265,3329,535335155,421109497,656173,733828,10977440,11188283,17553869,17786851,38677836,37617737,36983298,38985169,38355424,28964021,24336405,24916227,367794710,260917381
305,000848,2017-10-30,0.0027573529411764053,0.008272058823529438,0.2213096816822728,28652.0,157064.75640508113,2423,91028430,98440618,1351380,1158370,11215119,11108132,12315822,11812373,19861755,16665580,12068788,10536295,9478945,13454798,6670258,4454121,18066363,29250949
306,000850,2017-10-30,-0.01953125000000011,-0.01953125000000011,0.17934810126672648,4056.0,46622.645371393235,815,11734235,4286971,985861,432415,2588934,1619916,2898265,735201,2116913,762129,2171924,233310,352100,0,0,0,620238,504000
307,000851,2017-10-30,-0.016853932584269593,-0.019662921348314488,0.3049068416432304,20960.0,141131.54650430207,1227,45147149,29750172,831808,821289,5667089,5372997,4964346,4551982,8362440,5322731,5182297,1785955,5358866,2408397,3458735,2599475,11321568,6887346
308,000852,2017-10-30,-0.052631578947368474,-0.06015037593984962,0.26542746195500405,19354.5,85833.5044615759,2036,53203532,38174333,1358926,1229865,11150264,9463141,10333717,8393266,12316219,7983259,4703526,4840665,4521675,3009022,2618907,2102603,6200298,1152512
309,000856,2017-10-30,-0.08078231292517002,-0.07823129251700678,0.4618588687467647,33465.0,164236.43409571817,2596,117158218,90858995,984380,1524327,11702364,12589950,15043917,15396219,24855424,18727156,14285421,13273571,10846169,8233388,7635797,4785742,31804746,16328642
310,000858,2017-10-30,-0.007407407407407418,-0.007555555555555649,1.1398254885129806,200730.0,939689.3714338973,3511,901289815,800837878,167538,207701,5723743,6337978,15998114,17952600,40311561,43987364,38285051,39086804,41781047,40629084,36218112,36974874,722804649,615661473
311,000859,2017-10-30,-0.031746031746031744,-0.02777777777777768,0.16621849872824235,10269.0,140822.39172715027,920,23714265,9778647,742280,1264428,4962998,3540274,2634875,1423435,3763262,1861336,1769632,744474,2513405,0,412090,944700,6915723,0
312,000860,2017-10-30,-0.03004926108374384,-0.03004926108374384,0.41837531947173506,27580.0,323340.071325174,2355,133734527,93852127,2482571,1526161,10079447,14278987,10942537,12568675,16361860,13807838,11731743,8836989,8363190,5388644,5905401,6136898,67867778,31307935
313,000861,2017-10-30,-0.021857923497267784,-0.024590163934426257,0.12843855345102032,7220.0,82357.11423173614,813,14034006,6339932,666191,1010211,3372467,2721669,1463661,1372271,2992582,584597,970952,651184,349809,0,1285592,0,2932752,0
314,000862,2017-10-30,-0.003154574132492094,-0.006309148264984188,0.2077531915206276,11268.0,65631.57233263625,932,18540262,9445538,818221,893953,4533959,3031104,3761329,1859799,4239872,1376082,1039143,0,2492409,375600,400036,0,1255293,1909000
315,000863,2017-10-30,-0.00870827285921616,-0.00870827285921616,0.2797539041604355,6920.0,48858.06939113541,606,11492247,3885121,786717,377546,2449776,1329730,3693917,810996,1800041,815789,1515964,219520,642957,331540,0,0,602875,0
316,000868,2017-10-30,0.024498886414253684,0.030066815144766057,0.16101870469626228,46945.5,477443.8232065841,3118,221229205,201092149,1272593,1333921,14918581,12631547,19082819,18750667,28351483,29454672,26523087,26488132,21351842,14746924,17042827,13360650,92685973,84325636
317,000869,2017-10-30,-0.014906832298136719,-0.022360248447204967,0.8927582655540094,39250.0,169196.4413675413,2034,111172906,79019525,816138,1321382,9117225,9561814,10829598,12527358,18802054,14394504,16377348,8566872,11201113,7844107,14282948,6275813,29746482,18527675
318,000875,2017-10-30,-0.023012552301255318,-0.025104602510460317,0.13638284540532944,9380.0,57418.4671699432,1230,22548421,11627337,938694,1820001,5664541,4708302,3780348,1172864,4888499,2567779,2352470,1358391,1293255,0,2325488,0,1305126,0
319,000876,2017-10-30,-0.01338688085676032,-0.016064257028112428,0.16972665429604744,13392.0,147865.61768592705,1939,63927089,36845758,1757331,1559496,8464477,7201490,8467979,8284569,10148170,4413168,4404455,2221416,4985092,4029354,4831677,3073882,20867908,6062383
320,000877,2017-10-30,-0.03473344103392584,-0.03392568659127626,0.22934776785142916,33516.0,148887.70335514247,2917,139015255,101923294,1220050,1325499,14728261,12659186,17402855,17403758,26158214,25004860,18054018,12961333,11444596,7936145,9116130,7636056,40891131,16996457
321,000878,2017-10-30,-0.034337771548703544,-0.03854239663629988,0.2559826020873704,56887.5,485632.2782840761,3112,313006773,205655931,1390096,1178512,11120044,14529530,14191193,20021128,32875797,33530707,33069237,27228712,20874005,21342180,22779644,12749731,176706757,75075431
322,000880,2017-10-30,-0.03926940639269405,-0.028310502283104944,0.37889884180134314,4288.0,24017.439550722065,836,5746922,4333678,573180,1228150,2697454,1679668,965454,922654,1226746,282580,284088,220626,0,0,0,0,0,0
323,000881,2017-10-30,-0.059302325581395365,-0.05232558139534871,0.3660914019039091,19793.5,80466.68816155154,2212,66152271,36115889,1811299,1185845,14102494,10279552,13020401,9866064,13273930,7448646,8004208,3541708,6029611,995369,4025929,864798,5884399,1933907
324,000882,2017-10-30,-0.023188405797101463,-0.017391304347826098,0.09995682406796567,7730.0,113152.0224590684,1195,21599464,15180063,808324,1044458,5049946,4098146,3780986,2067950,3691636,1178782,4030210,705706,2662742,701673,436632,0,1138988,5383348
325,000883,2017-10-30,-0.015968063872255467,-0.015968063872255467,0.1273557629152851,4960.0,145071.25060763353,1551,33798190,12526468,1949211,1211523,7093386,3696780,3025282,2038885,4125013,2820240,2023376,1896496,1381081,372000,3208949,490544,10991892,0
326,000885,2017-10-30,0.03567839195979894,0.03266331658291466,0.3646441621873872,50162.0,192837.8383845888,2980,143542515,189508514,797721,1090499,13119292,14898236,20914358,18848144,33219734,32738170,16354053,22452427,14249139,16827465,11150890,17381767,33737328,65271806
327,000886,2017-10-30,-0.020000000000000018,-0.022666666666666613,0.20209873767214254,16859.0,140577.30031916077,1379,56803702,23558528,1270268,853685,5840838,4499470,10337085,5413326,9183362,5496096,6946701,1929290,4945114,1407477,2163070,448490,16117264,3510694
328,000887,2017-10-30,0.007031642390758375,-0.008036162732295349,0.4528647256204899,15920.0,117368.68476571776,1934,60268231,46467141,1723331,3056619,8129049,6966150,9906968,5638660,13550934,7166320,7655137,6086406,3795089,4941572,2594301,4026996,12913422,8584418
329,000888,2017-10-30,-0.020183486238532167,-0.013761467889908285,0.3405616999613437,7514.5,45191.67510324845,1024,14321010,9415850,882031,1081983,4341946,2541929,2773660,2543846,3126422,1689247,1368290,1138425,1397189,0,431472,420420,0,0
330,000890,2017-10-30,-0.04194857916102834,-0.04059539918809196,0.24818279140512306,7265.0,59576.41379149276,888,16864430,8413897,799520,1118336,3373410,2501796,2708593,1375870,4397246,1498396,1861012,968669,2453247,370760,1271402,0,0,580070
331,000892,2017-10-30,0.010037641154328814,0.0025094102885823144,0.23017004568482743,15333.0,125863.01679462385,1200,25266092,21874209,1111268,1004406,6123572,5253755,3948873,5934989,3196858,5394373,2270542,3190735,309925,1095951,885699,0,7419355,0
332,000893,2017-10-30,0.004347826086956719,-0.006521739130434634,0.20480282584437876,19414.5,169781.6212468205,2060,43626929,76265391,817742,1891402,5621625,9750523,8791162,13799715,11559936,15998544,7045186,11144635,3809618,5390485,2227107,450764,3754553,17839323
333,000895,2017-10-30,0.007797270955165914,0.000779727095516769,0.4551220029730452,56628.0,177370.82529978774,3184,174611519,132933638,1446735,525723,13682140,13031016,40344234,21587598,39858831,33218306,13783668,18834732,12379614,8692732,6155479,6225721,46960818,30817810
334,000897,2017-10-30,-0.021634615384615308,-0.021634615384615308,0.12081776800297256,6969.0,86906.66852752646,1188,17957230,12973371,1376015,1297388,4010220,4032998,2825785,2074224,2341777,2116790,2098246,938783,1023628,669904,0,837553,4281559,1005731
335,000898,2017-10-30,-0.040185471406491424,-0.04482225656877903,0.12233116586954793,25625.0,206689.46536374767,2805,169256576,76872502,2042624,1004823,20598387,9328427,16868485,10732896,20971081,12953270,22372620,8300209,14505886,7885094,14604382,4795372,57293111,21872411
336,000899,2017-10-30,-0.03319502074688796,-0.02766251728907332,0.26065595345763043,9870.0,91227.25511042787,769,18307985,7602316,562905,919632,3173672,3021406,2509777,1530640,3072910,1133952,1006827,0,987862,996686,0,0,6994032,0
337,000901,2017-10-30,-0.02791519434628975,-0.027208480565371063,0.6557039390551513,27500.0,153144.06304037856,1863,74582807,48546545,1122142,1269209,9258149,9128767,11635153,7845592,16468894,9374588,7505031,4471651,6656978,2693312,5415670,2196275,16520790,11567151
338,000902,2017-10-30,-0.024413145539906034,-0.022535211267605604,0.2911569052163753,10510.0,107125.16522462308,1339,37161685,21653180,1191224,445941,5814546,3932730,4808346,4976585,6778900,4100067,4329363,1885928,2062901,964708,2161614,2218184,10014791,3129037
339,000903,2017-10-30,-0.022613065326633097,-0.022613065326633097,0.10401278489186974,9336.0,74958.0357427273,1468,34334821,12286450,3495140,1126597,5886678,4178906,5696701,1949359,6096130,2208075,1974445,1414285,5095477,308100,0,499408,6090250,601720
340,000905,2017-10-30,-0.03450807635829656,-0.03157121879588842,0.2894221657898288,23742.0,149815.48532518672,2217,90039987,51546007,1103498,1609549,10337718,11462159,10922031,10252372,17805039,12447990,12181169,4870464,7360995,2386012,5038128,2686616,25291409,5830845
341,000906,2017-10-30,-0.031952662721893454,-0.0272189349112425,0.28375645685020573,8250.0,56830.68307971302,887,14654234,8948482,717600,1063714,3045548,2720888,3352653,1762463,3279129,1117249,1416448,499890,2430356,348129,412500,857000,0,579149
342,000908,2017-10-30,-0.03794037940379402,-0.035230352303523005,0.255405954060816,9940.0,56040.23180147461,835,13133572,7663663,818673,701755,3381582,3420323,3308134,1225670,2363850,790232,732627,426728,924790,334620,889955,0,713961,764335
343,000909,2017-10-30,-0.037154150197628466,-0.037154150197628466,0.4068152406467837,12360.0,69438.9336207989,967,20547385,11182589,683492,1105238,4758303,3917270,3887901,2428771,5181253,2483984,2808957,531646,303909,715680,492400,0,2431170,0
344,000910,2017-10-30,-0.016673792218896977,-0.012398460880718165,0.5064739986449525,11575.0,94410.71068177163,2150,43346391,27318505,3803346,1099485,12685569,7971644,4974040,4089579,4753357,3359552,2743679,2854441,1058090,1146639,3119416,2665129,10208894,4132036
345,000911,2017-10-30,-0.039111111111111097,-0.03733333333333333,0.3190891078943168,10900.0,66827.55224537438,1244,26357454,13833336,985602,1415823,4969998,5649246,5113205,3149041,7241549,1735868,3210615,788998,1623344,0,1336989,0,1876152,1094360
346,000912,2017-10-30,0.0011428571428571122,-0.0034285714285713365,0.201138144102337,17440.0,70274.05625607539,1898,36436320,39580055,1358493,1626182,8884937,9404327,8474449,8226895,8539107,8306421,3361008,4505078,2308086,3156543,2249185,1327827,1261055,3026782
347,000913,2017-10-30,-0.0022234574763757564,0.0005558643690939391,0.770901892272065,18015.0,140186.42205650554,544,8539468,12127482,448209,381557,2800153,2910477,3105087,2764377,1065741,1509009,409278,0,711000,694162,0,0,0,3867900
348,000915,2017-10-30,0.00983606557377037,0.0,0.8747855654028144,36280.0,213029.35714454064,1751,80582390,72552988,869599,839505,8124423,7968241,10068816,9205580,18622023,14451289,10797590,7650344,9707386,6875798,3553640,3530967,18838913,22031264
349,000917,2017-10-30,-0.03179190751445082,-0.030828516377649384,0.24984951949333697,18234.0,184936.31278554464,1727,60316763,47205596,1100900,1049239,7528246,7083289,6815454,6785029,12184866,8174763,6269140,3668560,4693370,5079323,2184176,1730119,19540611,13635274
350,000918,2017-10-30,-0.022759601706970112,-0.01849217638691325,0.23913689282668718,13780.0,81060.1794752064,864,23262268,11661219,846369,700990,3735593,3456560,3984866,2111408,4794119,2339258,2367344,1456863,2128590,1034540,1725645,0,3679742,561600
351,000919,2017-10-30,-0.03157894736842104,-0.03540669856459322,0.26722978605387937,11198.0,78046.63815265206,1530,31106802,17457333,1055465,883683,7497585,5971877,6208073,4390000,7532927,3609736,2565165,203000,1746539,394910,888649,1410352,3612399,593775
352,000920,2017-10-30,-0.04216867469879504,-0.03872633390705671,0.3018168933414178,17475.0,81306.82305542966,1483,42825217,24556244,733032,1136762,6741974,6972542,7149967,6210393,11387870,4845941,5603770,3201449,2992562,1082699,1823148,412058,6392894,694400
353,000921,2017-10-30,-0.0235294117647058,-0.01671826625386985,0.30835723284090194,25568.0,111252.06519717468,2746,88520544,75480716,1944867,1694874,15208799,11666746,14609099,15038413,24845506,16492667,8928520,9872586,6986542,6749573,3679237,3602937,12317974,10362920
354,000922,2017-10-30,-0.022946859903381633,-0.022946859903381633,0.2596014951468411,13272.0,62963.21467047168,1018,20815851,12625381,884837,1141002,4952418,4772402,4084054,2531606,3721898,2255914,2578128,919608,1665857,1004849,908558,0,2020101,0
355,000923,2017-10-30,-0.0432835820895523,-0.03880597014925369,0.7492121799764069,15609.0,95483.52652710774,1280,38102853,24606639,735128,1170791,5392240,5904238,5535245,4209227,5582439,5552423,5194682,3196885,7513394,950784,2624584,460925,5525141,3161366
356,000925,2017-10-30,-0.04748118123914302,-0.026635784597568102,0.5860234179842277,17020.0,119564.98206545366,868,25942541,14548783,534396,795052,5084160,3530461,3505388,2703207,5162442,2417840,2090968,731307,1686628,693786,403909,855132,7474650,2821998
357,000926,2017-10-30,-0.012019230769230838,-0.022435897435897578,0.28171935006779475,17192.0,147752.0367895603,1964,69133837,26249294,1216390,1398954,13543953,5205521,9061029,4631985,7999133,6557476,7408759,3362565,4771315,957378,1812025,2353086,23321233,1782329
358,000928,2017-10-30,-0.0435323383084576,-0.03233830845771135,0.19602228648561268,15660.0,115608.3947601582,1684,53559688,31905838,1101166,1841458,7037836,7922193,8002522,5938245,10935011,6001024,6835245,4025911,4939091,306540,3123387,1310998,11585430,4559469
359,000929,2017-10-30,-0.013312451057165275,-0.012529365700861383,0.46545545039034986,12640.0,84259.16703904787,753,15741292,11231881,569927,341037,4163906,1908359,3787054,1840332,2738393,1625338,266490,1237219,1788470,673222,453960,915690,1973092,2690684
360,000931,2017-10-30,-0.03157894736842093,-0.03026315789473677,0.20777913592543698,13500.0,73347.4356019178,1339,29143869,18995516,1086305,1554181,6491945,4906408,6242697,4425152,5392520,3700236,3716276,2175067,691505,341418,1707086,1281646,3815535,611408
361,000932,2017-10-30,-0.018337408312958492,-0.013447432762836109,0.1742998481336357,23016.0,215470.29837907088,2208,88865517,80613605,1491644,1944912,9415157,10121593,9554214,11297507,15902870,16568649,10607611,9111341,8217660,5212734,4311888,7314131,29364473,19042738
362,000933,2017-10-30,-0.03883495145631066,-0.03592233009708745,0.1839520748974178,43645.0,246426.01439315666,3141,212798997,162804670,1050464,1581784,13527491,13719712,20841716,18854871,32641628,27797839,24641930,16999014,12222517,10776489,12438236,8092936,95435015,64982025
363,000935,2017-10-30,0.08953229398663698,0.08953229398663698,0.38484147717615114,91440.0,1077212.2837329595,3407,346088749,356371270,965425,497638,13301354,9642679,24788889,20695180,46120277,43829221,41776617,42634324,30131211,32253294,28324656,21558949,160680320,185259985
364,000936,2017-10-30,-0.029154518950437303,-0.026239067055393694,0.18241027320946457,4697.0,56432.00188366235,1416,19135886,13935926,960157,1381450,3641675,5797886,2916638,2386434,3460065,1740427,3350275,982852,2093678,1646877,1336638,0,1376760,0
365,000937,2017-10-30,-0.033333333333333326,-0.033333333333333326,0.13311846405958852,10998.0,110980.4243603311,2245,65969640,36343276,2478207,1681387,8800343,6588677,7547367,8486076,14265811,7916619,7988100,3768352,5092755,2305555,3555586,2791079,16241471,2805531
366,000938,2017-10-30,0.024027459954233388,0.01356652500817268,1.1926889657579332,55373.5,184008.39756152665,2632,134364939,148413470,1220306,642563,12911837,10903904,16986259,18597373,29258540,29032233,19202660,22198314,15129473,14666849,13560789,10428493,26095075,41943741
367,000948,2017-10-30,-0.03586678052946213,-0.037574722459436494,0.3562228670944614,6821.0,44087.39950176279,1081,14891841,10093985,908766,825014,4061812,3830991,4257646,2406210,2548551,1270351,2233066,1370439,351000,390980,0,0,531000,0
368,000949,2017-10-30,-0.036117381489842004,-0.038374717832957095,0.12546110404381072,4320.0,83321.01203268871,1249,20747022,9924305,1076829,1177172,3757743,2781707,2582851,2719717,2475503,1797314,1746936,966416,2424075,0,402960,481979,6280125,0
369,000951,2017-10-30,-0.03995433789954339,-0.03595890410958902,0.32472382379704484,18535.0,83626.43203823372,2917,78316109,41004233,1188368,1568797,21493964,11628014,16641007,10170659,16325743,8899444,5006669,2371629,3735671,702462,2199792,2133122,11724895,3530106
370,000952,2017-10-30,-0.030283911671924346,-0.02649842271293379,0.48319840482482623,17138.0,89812.2454339931,1076,28197477,19889640,722936,877322,6709229,4505544,6169957,3481783,6729090,4007633,2505310,1216497,1304842,381220,1361881,1428382,2694232,3991259
371,000955,2017-10-30,0.0,-0.006420545746388395,0.3003524781671651,7517.5,69956.98990592317,430,8693857,4913165,475558,374919,1751013,1342815,954301,595881,2832451,1430695,201759,552855,342650,616000,867300,0,1268825,0
372,000957,2017-10-30,-0.032411067193675924,-0.033992094861660105,0.2894610662537716,19760.0,118454.06757490258,1912,67161742,42389910,1179448,1430544,8902157,8293254,9586295,7382860,14668415,9124326,9249167,4692410,4376185,3244837,5037397,823536,14162678,7398143
373,000958,2017-10-30,-0.03142857142857136,-0.034285714285714364,0.1609598197995574,13640.0,83697.65013259268,1894,46366266,27342800,1315744,1853614,8612462,8356985,8764305,6139951,8437416,5273750,4472134,2764999,5140818,645855,1834480,458994,7788907,1848652
374,000960,2017-10-30,-0.027561837455830407,-0.03392226148409894,0.2824262977489237,27177.0,193333.8900547231,2512,131709342,92459221,2474215,1405279,11104157,10793131,12387430,11422536,17243135,17370024,15626079,12547503,11464984,7701327,8907944,4005981,52501398,27213440
375,000961,2017-10-30,-0.01607717041800638,-0.01607717041800638,0.16000215824680397,12936.0,120548.56221892263,1513,44817111,27426803,1148845,1372062,7405109,5497874,8319001,3933990,7615473,5298142,2217604,3020065,2417990,2718335,1396217,407410,14296872,5178925
376,000962,2017-10-30,-0.06811145510835914,-0.061919504643962786,0.23027766524336316,11856.0,93320.41148326179,1774,42247209,25416613,1701988,1567117,7966138,6545117,7222608,5810118,7111503,5603468,5618739,4154243,1787685,691348,3476603,439472,7361945,605730
377,000963,2017-10-30,-0.015274199484725859,-0.005704821494295187,1.1419328271899112,42976.0,173284.02279322591,2267,122944379,75934784,809705,718886,11815040,8750033,20750158,9536776,30260888,15017550,15417235,7995441,4712649,7504818,6786536,5334853,32392168,21076427
378,000965,2017-10-30,-0.03458646616541361,-0.03157894736842104,0.18548484220858655,15504.0,70523.18850841085,1286,31825829,20822893,994402,1142062,7539803,4658051,7986466,3261600,7697628,4803629,3928132,694966,1677288,2731068,838500,1735173,1163610,1796344
379,000966,2017-10-30,-0.015486725663716672,-0.01327433628318575,0.16135595963510335,7264.0,62564.27362256798,785,13338502,6439592,864510,946367,3638853,1913113,1711378,642665,3337392,268517,1750475,273728,313347,1079968,1722547,421234,0,894000
380,000967,2017-10-30,-0.024557956777996104,-0.02161100196463639,0.25504024041126,17937.0,89234.35153263266,1594,38141059,26100981,787526,1871821,6499102,10489781,6032882,3634161,8055522,4692142,5800017,1856092,5120722,1760681,1251858,1284373,4593430,511930
381,000968,2017-10-30,-0.033271719038817094,-0.030807147258163914,0.46914221894562225,15825.0,106201.11206303953,1200,27645182,25755369,646902,826930,4284582,9006494,3854772,5281048,4799285,2754575,2594069,1893603,1992404,1672888,1844488,847950,7628680,3471881
382,000970,2017-10-30,-0.05354993983152834,-0.060168471720818406,0.29472656379055884,61539.5,415612.9952862542,3184,305563237,271978912,1101004,1113252,11660238,13779714,19763384,18150052,30576802,33070082,28483516,28739998,26063446,23424451,18318385,16677046,169596462,137024317
383,000972,2017-10-30,-0.034858387799564294,-0.028322440087145906,0.14770225498698455,11700.0,60319.95395611207,967,18544562,13547519,806997,929765,4092011,4277236,2679722,3201587,4576760,2791778,2580321,2347153,1348306,0,1297093,0,1163352,0
384,000973,2017-10-30,-0.04960835509138384,-0.050913838120104526,0.16736548311410585,22045.0,156119.1187426417,2098,84620340,48973204,973079,1952075,9191045,10337376,12031409,10675649,14104398,11815420,7802241,3193788,9937822,1376953,5721390,3473587,24858956,6148356
385,000975,2017-10-30,-0.018624641833810962,-0.02148997134670494,0.45622793186146815,17745.0,85368.19084536683,937,21622641,14118625,932620,491316,5280119,5454951,3510607,1899340,4269910,2883396,2396102,1875461,305422,0,1288596,472961,3639265,1041200
386,000976,2017-10-30,-0.010752688172043112,0.004301075268817067,0.24018941661802637,18840.0,215676.12705664578,1504,48207029,54731509,1285233,1323556,6399938,7746828,8002142,5714896,7175126,6844874,4606190,5046509,1394423,3213135,4534672,8833915,14809305,16007796
387,000977,2017-10-30,-0.021917808219177992,-0.02630136986301368,0.3641739020846307,35860.0,254726.39040332104,2514,153058417,123885090,1090811,1370651,11712639,11160089,15644664,13595453,19788606,19863494,16886943,11415330,13769167,9430620,9671824,4719178,64493763,52330275
