,code,date,pchange_whole,pchange,change_std,amount_median,amount_std,length,sumsell,sumbuy,sell_vol_0,buy_vol_0,sell_vol_1,buy_vol_1,sell_vol_2,buy_vol_2,sell_vol_3,buy_vol_3,sell_vol_4,buy_vol_4,sell_vol_5,buy_vol_5,sell_vol_6,buy_vol_6,sell_vol_7,buy_vol_7
0,000001,2017-09-21,0.017761989342806483,0.01687388987566596,0.20447844460912937,50248.0,498994.90423961176,3035,254778523,315055394,957005,864061,15130112,12848937,23114970,16029821,28976751,28823491,19162776,20452063,14000934,14125425,11557576,8051645,141878399,213859951
1,000002,2017-09-21,-0.0035087719298245723,-0.013684210526315854,0.4831181904244194,124586.0,718444.3096404914,3484,573303381,527557453,367894,554455,8337915,10614439,20612185,20395360,44970974,42354482,42572005,38375353,38199799,34568527,33255861,28740198,384986748,351954639
2,000004,2017-09-21,-0.006941608819926448,-0.004083299305839061,1.3092802933586396,12220.0,50988.53393397077,349,5254357,4723022,361306,319849,1470895,1479589,1067408,1413406,1308791,508018,1045957,512760,0,0,0,489400,0,0
3,000005,2017-09-21,-0.02457466918714557,-0.022684310018903586,0.12808455168515298,10400.0,67871.44112615076,1709,34600554,20209986,1600219,1397244,7716404,5865525,7031534,3982281,6318892,3424057,6396517,2027616,2773911,1276276,826728,488775,1936349,1748212
4,000007,2017-09-21,-0.01085568326947639,-0.004469987228607919,0.7433258473435423,9318.0,82286.45023365428,443,8547272,5794779,618891,258249,1725615,1745586,1203469,774194,900260,377822,745708,994530,1110054,1023598,1313275,0,930000,620800
5,000008,2017-09-21,0.002192982456140413,-0.007675438596491113,0.23880035445063766,13515.0,126304.94462922936,1459,38373221,27812051,1781664,1306297,6788616,5342710,6077713,3941380,7280335,6074832,4699353,4314546,1717953,1709161,3108185,1766711,6919402,3356414
6,000009,2017-09-21,-0.02413431269674693,-0.014690451206715527,0.18267868544519225,42615.0,288299.64119840553,2725,194235113,158987629,1469653,1403762,13390129,12025114,17433525,14752723,25089080,22054909,16148673,18578271,13957155,13942293,12191849,14323591,94555049,61906966
7,000010,2017-09-21,-0.009727626459143934,-0.0058365758754862496,0.22613235797585118,10220.0,80976.74049035173,516,9010291,5137719,544171,272827,2271433,1873778,1377680,758765,1798881,598859,463372,770840,615000,312930,0,0,1939754,549720
8,000011,2017-09-21,-0.014954172696574952,-0.004823926676314594,0.4071531477069013,36774.0,136029.0626629608,2593,118619232,81007618,892571,1053531,14838218,12715796,18398029,12837481,24379484,19830928,17671646,13435859,13577221,3787051,5378306,2548110,23483757,14798862
9,000012,2017-09-21,-0.003468208092485714,0.0011560693641619046,0.222609053622694,17440.0,112298.88747406633,1510,46447992,37241774,1489919,1127742,8688204,5890555,5474849,6339641,8079306,7249711,5503227,3639347,4471398,4721606,2622927,2315361,10118162,5957811
10,000014,2017-09-21,-0.016705069124423932,-0.005760368663594306,0.6878916743920913,17210.0,72037.70928103825,636,15930964,7886662,544235,565394,3581710,2132318,3673262,2570656,4306337,900670,649955,460374,1076565,310500,430500,430750,1668400,516000
11,000016,2017-09-21,0.00670016750418756,0.011725293132328396,0.190327929466519,8344.0,103286.53888730332,984,21519206,18476505,1968637,476350,3036617,2598253,3714699,2809470,4577620,3275914,3465220,2326747,1355043,1604570,496100,499730,2905270,4885471
12,000017,2017-09-21,-0.003759398496240629,0.0,0.3980544832004129,8020.0,46659.042751297246,401,5110847,4329283,587776,358028,2139284,1451416,1017739,854770,1125748,521396,240300,483727,0,0,0,0,0,659946
13,000018,2017-09-21,-0.012578616352201366,-0.0037735849056603765,0.19101424666836309,17512.0,111854.71152069303,1733,49050860,43928257,1568458,1338104,8423206,7473096,8546094,7435008,9808312,8998565,4988102,5599363,5209557,5376883,3838442,2264275,6668689,5442963
14,000020,2017-09-21,-0.005104645227156812,-0.006125574272588086,0.932958091843553,11700.0,42481.4695510804,440,6747771,3808616,523628,544740,2610081,1669677,1876597,587032,716559,242916,680356,248031,340550,0,0,0,0,516220
15,000021,2017-09-21,0.010638297872340496,0.005319148936170137,0.17009128140111807,36442.0,285384.61264743895,3061,176762024,158925756,2118245,1099548,16055888,12503015,18501902,16538570,24725758,25499609,18732810,17552237,15980193,9363233,11103955,7370789,69543273,68998755
16,000022,2017-09-21,-0.005323193916349833,-0.001520912547528508,0.9877718507412493,18441.5,211818.24865311407,708,24472934,8894470,445012,423945,4402661,3077768,4017707,1999896,4032653,1411768,3899698,542713,2388043,0,0,0,5287160,1438380
17,000023,2017-09-21,0.003683995088006542,0.0032746623004502595,1.2405187712023653,14628.0,50766.84771404342,387,5979380,5366888,323201,386828,2075268,1618687,1781853,872150,1100848,1129387,698210,453080,0,399996,0,0,0,506760
18,000025,2017-09-21,0.00460223537146609,0.00832785448170048,1.0451252049680015,22942.5,124155.46949545195,1906,53319917,54586216,1864053,1655954,10425586,8823460,9845080,8380937,10201213,8370479,5398700,4320703,4247955,3063194,3932990,4949640,7404340,15021849
19,000026,2017-09-21,0.003341687552213868,0.0025062656641603454,0.3680871382139591,8435.0,59698.49706542429,1057,14303491,13890752,1481860,915957,4222221,3673264,3051517,2827851,2394825,2298909,1272424,1698981,340166,984050,0,889240,1540478,602500
20,000027,2017-09-21,-0.001529051987767538,-0.001529051987767538,0.20690487196404747,8528.0,70504.05393134685,999,14127142,14247980,2043971,662953,3433264,2994592,2272888,1586402,2989477,1485831,990127,2384758,2397415,1385783,0,911916,0,2835745
21,000028,2017-09-21,-0.00721649484536091,-0.004860088365243209,2.489496303384386,13526.0,90885.26245196865,743,17233617,9830361,1007813,926213,4099779,2771224,2801246,1122898,3529370,1380385,2382313,1096731,1646066,325440,873390,0,893640,2207470
22,000030,2017-09-21,-0.0033370411568408587,-0.0022246941045606095,0.2343313206581064,4505.0,37626.19762740168,1472,9238445,9975519,931365,3156504,2906030,3029115,1545717,1409969,2193779,1576631,224250,0,362792,352800,450000,450500,624512,0
23,000032,2017-09-21,0.008005822416302655,0.0014556040756914523,0.46114917189379584,13810.0,56111.57440303815,887,16126473,12629181,788241,770519,4615363,4386345,2759991,2938306,3915919,2494980,1160077,1204379,1440973,0,414000,834652,1031909,0
24,000034,2017-09-21,-0.012500000000000178,-0.011111111111111183,0.5822872438199096,10650.0,128857.61655423055,1377,20033957,21432625,1062405,2145985,5296125,7221190,2257046,3277776,2822711,2898248,958494,1341924,725068,389151,933165,404271,5978943,3754080
25,000036,2017-09-21,-0.04092071611253201,-0.026427962489343648,0.22388202538307994,41616.0,320062.4328483923,2747,216998090,115294413,987006,1159083,13334793,11369102,17494939,14963001,31250424,24630393,22481487,13153675,19004991,13142779,13844369,5396779,98600081,31479601
26,000037,2017-09-21,-0.01013513513513531,-0.013513513513513598,0.40810800517554785,10572.0,100710.43329225044,473,9952149,5453177,508365,436469,2336262,1349319,1506178,1163131,1140318,1094791,702575,695620,388080,713847,876500,0,2493871,0
27,000039,2017-09-21,-0.021069692058346856,-0.01620745542949764,0.4246339423713682,14824.0,166721.59019948423,1900,79545525,41764309,1699622,1675211,8609006,7323120,8205542,5400229,11131339,6820748,8125921,3988343,6055923,3234335,4395384,3516569,31322788,9805754
28,000040,2017-09-21,0.008904109589041198,0.00136986301369868,0.415145951145219,7290.0,426400.1785416616,1238,17067797,35342674,357478,2117360,2034596,5197494,2587135,4192409,5143613,4177828,2128781,407467,1908594,957914,1749300,0,1158300,18292202
29,000042,2017-09-21,0.0017411491584446992,0.006964596633778353,0.6271132165408789,5205.0,18330.99971647446,755,3010829,5251050,257857,2129828,1531694,1892116,910960,776034,103439,239914,206879,213158,0,0,0,0,0,0
30,000043,2017-09-21,-0.024299065420560706,-0.015887850467289688,0.3980759218261722,14938.0,200261.27887348252,722,33133311,13182570,611956,390759,3543797,2149044,3702056,2212296,3811015,2580311,2562776,1535248,2162724,700637,3048922,0,13690065,3614275
31,000045,2017-09-21,-0.005872483221476488,0.005872483221476488,0.3553533618426024,17955.0,105308.42977625238,1125,31073012,25368366,745119,717920,6248106,5469499,4734530,3437449,5860207,5206150,2466270,3857391,1759305,2534588,1693092,1862566,7566383,2282803
32,000046,2017-09-21,-0.014268727705113116,-0.014268727705113116,0.2679346259762955,8310.0,80103.4091688364,985,19205580,11958962,587055,1548929,3055469,3773239,3302780,2367633,2991760,2366057,1767071,932027,1047517,971077,1352197,0,5101731,0
33,000048,2017-09-21,-0.0018875047187616456,-0.003397508493771184,1.921931596920169,7950.0,38391.45230154546,189,2726370,1349462,253742,145474,822111,518176,398914,330932,752328,354880,499275,0,0,0,0,0,0,0
34,000049,2017-09-21,-0.0025048169556839417,-0.003468208092485492,1.1155269641661967,31047.0,123549.38615200546,2164,81836403,63581224,509802,768184,9874565,13174188,15627350,13174306,16665568,13238711,10259224,8660217,5979943,4053036,4064457,2738728,18855494,7773854
35,000050,2017-09-21,-0.009945750452079682,0.0022603978300181904,0.4477532534929451,44380.0,300241.5410807694,2441,156643994,160148597,1138110,902350,10792847,10842228,14096714,13342214,23127975,20695743,18842718,19787244,14409390,10564174,9849054,15855728,64387186,68158916
36,000055,2017-09-21,0.006297229219143663,0.011335012594458238,0.15583065223041395,28210.0,132384.46166969946,2600,94784721,96089909,1489807,1711581,14792017,11942757,13832916,14592882,17820950,17534379,10589141,14253738,5045309,9932617,7979921,9434275,23234660,16687680
37,000056,2017-09-21,-0.014399999999999968,-0.009599999999999942,0.5672105573295085,7416.0,30326.153373845624,485,5468763,3230852,526970,496733,2285879,1088338,906200,1385345,1454310,260436,295404,0,0,0,0,0,0,0
38,000058,2017-09-21,-0.01129234629861986,-0.005018820577164407,0.28310619209440413,14702.5,47374.51407932333,792,16668684,6921009,907132,653561,6021650,2391237,2492068,2286307,3869634,1335980,2033122,253924,770293,0,0,0,574785,0
39,000059,2017-09-21,-0.018308631211857107,-0.008718395815170088,0.2491994653888323,22940.0,167627.55230692122,2119,107285499,44284226,1050730,783939,15461244,8424875,12763144,6602624,22544371,11591705,9609365,5613016,6850835,1968448,6389081,2251853,32616729,7047766
40,000060,2017-09-21,-0.032006245120999255,-0.024199843871975046,0.22810307453025738,21522.0,326701.5876224638,3157,202496671,111867701,2637535,1213361,14617454,9971995,14631647,13169051,26101379,15542622,16752574,10916414,13688043,8168019,9326740,9708499,104741299,43177740
41,000062,2017-09-21,0.010383100608664542,0.0032223415682062218,0.584739599394001,33804.0,258791.22958630946,2282,108202096,134084720,1023679,1121534,9289837,12029389,12937801,12325921,19110421,19356206,12651579,15112973,8840718,9963789,8900870,6654677,35447191,57520231
42,000063,2017-09-21,0.006043513295729275,-0.006849315068493178,0.4697879750089626,54461.0,410587.64587482775,2792,237499012,224040762,804751,1126365,11469237,12152614,15561008,24089793,26493028,28875182,21418825,22552237,15416215,15624552,16230442,13732464,130105506,105887555
43,000065,2017-09-21,-0.007488986784140894,-0.004845814977973539,0.7319404471078366,15862.0,76215.6630172869,961,21947527,15344396,701681,844949,5051466,5275890,3781146,3311603,4741855,2132565,2875180,1194954,624178,1722435,900655,862000,3271366,0
44,000066,2017-09-21,-0.009060022650056676,-0.0022650056625140857,0.17927863520072007,32948.5,313576.00942678185,2428,161879418,135516302,1701844,1768125,10123999,10060162,12388223,13074941,21627340,18573378,13124088,14206978,8416258,10963891,14010321,8591216,80487345,58277611
45,000068,2017-09-21,-0.005633802816901401,-0.00422535211267594,0.21344201695059592,14100.0,72878.87897423345,1107,22638117,14225229,817260,1164401,5466568,4807869,3750748,3767032,4451293,2516763,2900208,718410,1049512,682754,989820,0,3212708,568000
46,000069,2017-09-21,-0.005470459518599591,-0.007658643326039383,0.18390827674739768,26361.0,231975.9484233738,2473,120824946,85767917,988428,1809329,11740703,14501935,15439076,10452735,13440677,8229154,9669813,7329265,7287049,13354568,8021696,4815118,54237504,25275813
47,000070,2017-09-21,0.012138188608776801,0.0037348272642390157,0.29956394431907085,16237.5,99079.30383188676,1278,29319724,30413307,1125064,660418,6410750,5134338,4728860,5554496,6178759,5361146,3205125,4220635,1716008,3398397,404088,2201465,5551070,3882412
48,000078,2017-09-21,0.0,0.0016233766233766378,0.13069871070781172,12380.0,118312.08688153535,2225,59475411,43119456,2729321,967845,13159425,5339639,8179452,5183901,10241402,9379053,4712225,4900087,3768496,4564839,2754365,1844804,13930725,10939288
49,000088,2017-09-21,0.0010928961748633004,0.005464480874316724,0.2623621109281836,17036.0,131954.81489188832,1216,34922387,41302833,1697592,827066,6372930,3475729,5079216,4585796,4568543,9515469,4942069,5493586,3599499,4183216,4116944,5778546,4545594,7443425
50,000089,2017-09-21,0.009280742459396807,0.0046403712296985145,0.1926034691543574,6055.0,82793.45807185574,2004,23122136,25764449,837505,3529557,4449395,8537084,2924041,3516145,2929241,3770261,1538847,1657478,685544,1359780,1763385,854358,7994178,2539786
51,000090,2017-09-21,-0.0025553662691651935,0.0,0.3259614017324446,23440.0,143948.69274401604,1297,48266403,32199878,895085,605267,7877092,5335880,6157961,4130291,9237409,6631001,5726128,1924213,4255554,2443422,2230495,1822554,11886679,9307250
52,000096,2017-09-21,-0.011756569847856224,-0.006224066390041583,0.7865900367533099,10087.0,38434.43497707917,337,4884157,1549209,389039,217818,2581363,658608,827500,282512,508655,390271,0,0,0,0,0,0,577600,0
53,000100,2017-09-21,0.008310249307479367,0.011080332409972415,0.06220420807523809,32532.5,551509.1462703985,3408,238866552,370592874,1920301,1638986,13546783,14042647,14511239,16866665,20740625,23697322,14443890,22276452,15247488,20457224,13488109,20404689,144968117,251208889
54,000150,2017-09-21,0.02916816708678427,0.02556715880446525,0.8589749229847582,22736.0,196795.1849901948,1047,47643471,48475186,833798,478819,5770119,3256081,4263636,3109428,7388754,5989559,8348463,9612360,4004174,3239117,1731601,3524949,15302926,19264873
55,000151,2017-09-21,-0.013143483023001168,-0.004928806133625452,0.6145840743860626,20047.5,117827.79809242599,882,28295650,22325778,644206,784705,4367369,4084033,4423996,4802177,5376595,4441305,3231478,1651017,2051579,1843420,896503,1346239,7303924,3372882
56,000153,2017-09-21,-0.007699711260827691,-0.0009624639076034613,0.33283392006079865,14111.5,54075.03061653029,974,17505113,15562420,718050,829255,5397792,3837662,5569059,2476479,2987050,4586157,1639098,1602496,326550,1757723,867514,472648,0,0
57,000156,2017-09-21,-0.012211668928086783,-0.004070556309362261,0.5326430551545432,14750.0,123705.77333045551,765,25801364,15190037,500727,557087,3717302,3353416,2688933,3342499,2647285,3774388,2849887,1210933,2429479,1976739,1759154,442500,9208597,532475
58,000157,2017-09-21,-0.0065789473684209065,0.0,0.10719602669097858,10943.0,149938.65013790436,1815,52520199,29546791,1708228,1257783,11155051,5518208,5533681,3824856,7730900,3337527,3380260,1475722,2842138,2453318,3157002,1393981,17012939,10285396
59,000158,2017-09-21,-0.022242817423540173,-0.013901760889712511,0.27391827510577327,18198.5,183714.0296884275,1552,56911917,29870268,1159367,1088688,8351753,6501386,8203199,4986854,8760271,5601400,5739729,2900459,1377457,707623,2837458,902239,20482683,7181619
60,000159,2017-09-21,-0.028885832187070193,-0.024759284731774356,0.17169788763107205,18486.0,142479.65851266187,1795,61404019,38611837,1195261,1617248,8259927,8989330,8069886,8330751,9179385,6669276,7726022,3312701,4850128,2628911,1353515,1801091,20769895,5262529
61,000166,2017-09-21,-0.008361204013378032,-0.0033444816053512794,0.12218148220946226,12000.0,276670.54429010063,2402,89625403,89119725,1606653,2708058,7680274,9902957,7391109,8335858,11805604,12837538,4254088,6090879,2111960,7716214,4384477,2644526,50391238,38883695
62,000333,2017-09-21,-0.006454587367450415,0.0016136468418626038,0.72961861341591,126440.0,738239.0872477457,3535,572586856,538442354,357112,627410,10080149,9977963,23201359,23519662,50866631,50162367,51585599,39720876,41102722,32278907,43409102,29551752,351984182,352603417
63,000338,2017-09-21,-0.014608233731739695,-0.005312084993359889,0.1426335052866934,28576.0,171135.67091309497,2794,97201417,91955243,1626045,1966040,12139697,13378589,20573008,11652338,21702555,21858130,10917101,7368572,6089244,5589530,3460460,3974353,20693307,26167691
64,000400,2017-09-21,-0.007497116493656253,-0.006343713956170616,0.4381259623322877,17280.0,105183.66011106117,1566,49347827,29933942,1375970,1128721,7473192,6288129,7478936,6154984,10127405,7989055,3200397,3335017,7469916,1704473,3552249,1271714,8669762,2061849
65,000401,2017-09-21,-0.022413793103448154,-0.0045977011494251485,0.3175741098888523,62719.0,358598.14326066937,3003,263914530,267075822,933436,980893,11667765,12301438,17466517,20644132,36947810,28071423,29757674,21096261,20455308,25368100,17490645,16446941,129195375,142166634
66,000402,2017-09-21,-0.026033690658499253,-0.01761102603369069,0.24533280240684635,25820.0,208630.64046675252,2837,157856473,74075551,2152875,1278447,17071621,9437739,18593990,9018155,21729862,15238525,18640852,8540939,7793587,7254430,7059447,3922210,64814239,19385106
67,000403,2017-09-21,0.0,0.0,2.54398147230741,19990.5,3526663.9936740818,162,72666101,0,327962,0,1326147,0,1531612,0,1959834,0,1260221,0,1372602,0,837982,0,64049741,0
68,000404,2017-09-21,0.008905852417302684,0.006361323155216203,0.195218309204113,24784.5,216855.94037264286,1622,73178488,85161233,1086125,1206008,6697394,8016406,6873178,7247682,10872895,13438959,7402280,10508518,6530411,7257123,5819118,4873820,27897087,32612717
69,000407,2017-09-21,-0.012210012210012167,-0.009768009768009733,0.3316642114483549,16219.0,103860.47679909448,609,20313621,6130123,540445,566157,3846367,2662643,2119675,949834,3058061,1696207,2228206,255282,703190,0,2701325,0,5116352,0
70,000408,2017-09-21,-0.06009852216748779,-0.04975369458128087,0.3851601780531569,60329.0,354073.7956534537,2784,289035514,195385905,883158,1419366,10493479,10903535,16541281,15251202,29973196,25130971,26616860,22239820,22113840,16249490,21044149,17004441,161369551,87187080
71,000409,2017-09-21,-0.01534526854219953,-0.01278772378516635,0.256247783323855,11715.0,72998.28015269572,931,22985262,10307433,961065,891762,4405755,3383729,3736771,2136673,3415274,2179717,2855651,298697,3083178,947655,2722940,469200,1804628,0
72,000410,2017-09-21,-0.004390779363336872,-0.002195389681668436,0.325017669826145,10010.0,93437.93773144559,785,16244935,11134582,706935,1011103,3513644,2990275,1929706,2539654,2621073,2329159,2021608,843004,1082526,302364,908500,467855,3460943,651168
73,000411,2017-09-21,0.010953902327704101,0.011410314924692022,0.9830049051608364,11057.5,32498.88213219584,498,6205713,4379705,499819,405518,2343031,1983756,1585276,1122943,1085114,867488,692473,0,0,0,0,0,0,0
74,000413,2017-09-21,-0.028699551569506765,-0.019730941704035887,0.1894338772108883,110093.5,691303.6453645588,3468,597475600,471018752,525116,536034,9231428,8704133,30288210,23325649,50653444,40930293,37231722,39610736,31612838,24285279,25982775,22147359,411950067,311479269
75,000415,2017-09-21,-0.008784773060029338,-0.004392386530014725,0.15996380243573194,4746.0,98239.72572030347,1825,24692609,21440058,1219407,2047874,5309809,5723361,2665784,3417672,3061899,1898034,2370808,2080132,341537,961964,972328,415480,8751037,4895541
76,000416,2017-09-21,-0.014796547472256338,-0.012330456226880337,0.3745932431284654,12120.0,120088.05246108572,468,14597813,5399833,378280,561207,2105649,2186646,1731747,627410,2191575,923065,951707,449328,1286010,0,1283699,0,4669146,652177
77,000417,2017-09-21,0.033482142857142794,0.0379464285714286,0.1899878367887434,27570.0,220427.876127567,2229,84158374,111860940,1766272,1350817,9685398,8136634,11067177,11434782,15864629,21582711,11634258,11182524,5465584,11240290,3623740,7678427,25051316,39254755
78,000418,2017-09-21,0.02334013142986624,0.02084749603444358,1.194147230497087,13380.0,150968.09007372952,1367,27149477,29079926,1493135,2158852,7676369,4299527,3792337,3479784,2216936,5457339,955741,3763191,999285,953188,1713847,2138199,8301827,6829846
79,000419,2017-09-21,-0.012379642365887178,-0.01375515818431905,0.1526211076522765,1448.0,57231.856072700124,2271,28122510,8620691,3192651,528547,6583931,2664913,5265928,1672680,4771171,2672550,1352599,703237,2145118,378764,1436228,0,3374884,0
80,000420,2017-09-21,-0.017241379310344862,-0.011494252873563204,0.1130808641028496,4164.0,58880.751015918555,949,11655444,4184369,1023308,801050,3171035,1486487,2122851,470373,1943011,590225,560970,490234,740288,346000,0,0,2093981,0
81,000421,2017-09-21,-0.0013774104683195176,0.0027548209366392573,0.2758560315975213,13176.0,61114.62487456859,692,12716588,12237376,683581,613479,3388593,2704118,2636808,2731067,4508344,2059008,281472,1210239,315952,2919465,901838,0,0,0
82,000422,2017-09-21,-0.0062893081761006275,0.004716981132075304,0.17248758778246578,19170.0,211580.4522852089,1360,62806592,52865015,1214399,620357,8027944,4077553,7213760,3721669,8988927,5309904,5971435,4100305,5458809,4800307,2730323,2157147,23200995,28077773
83,000423,2017-09-21,0.003024514485832519,0.003502069404648145,1.2861692157904585,31495.0,145658.62869682844,2385,83951910,112053890,1156792,913412,7397531,16688948,12565199,15845264,19633867,28501710,9359365,14399503,8519779,11347008,2570573,5030834,22748804,19327211
84,000425,2017-09-21,-0.0053050397877983935,0.0,0.07399238258961877,4888.0,99509.7444136382,2616,39316615,26643605,1422650,3356844,8159911,8449952,5175215,4170162,6145644,3895681,2919207,1380512,4797028,1903959,416608,921765,10280352,2564730
85,000426,2017-09-21,-0.03535353535353536,-0.03451178451178449,0.24442266766891838,16212.0,141031.08638541622,2365,94721302,46423879,1883934,953309,13926959,7165226,12168120,6725013,14589926,10590568,8227188,6096688,8274558,4092282,6142539,3140649,29508078,7660144
86,000428,2017-09-21,-0.008016032064128265,-0.004008016032064243,0.24561171088200714,7477.5,127560.36580316958,412,8362625,5828028,492448,498043,1647160,1369663,1356932,665055,1345034,621754,1705343,0,309756,0,0,496755,1505952,2176758
87,000429,2017-09-21,-0.012850467289719725,-0.007009345794392607,0.25486881026254593,7654.5,103542.65334854308,1128,20788021,9988796,1435295,800278,4627310,3274004,1986708,1991413,1978949,776792,1696172,250160,1518179,1098025,426499,484862,7118909,1313262
88,000430,2017-09-21,-0.017674418604651132,-0.0009302325581395099,0.4001192908084111,11847.0,44234.495799142576,721,11103661,8821480,627957,581958,3615906,3511136,2806402,1822898,1979104,1924108,1549692,656780,0,324600,0,0,524600,0
89,000488,2017-09-21,0.012486427795873833,0.01628664495113985,0.32894715569403143,62469.0,418761.0465093113,3139,306877978,334451869,1509097,885176,13202892,9538163,19355563,13529435,36771478,27257611,25932768,30070373,27316905,21108754,20972455,13960973,161816820,218101384
90,000498,2017-09-21,-0.01501154734411092,0.002309468822170757,0.19741150784972772,7848.0,67118.24170961724,1927,24454092,18721047,2653154,1613712,8235676,6131522,4097922,2875887,2338507,4003005,1724912,2146693,1305736,388912,406757,449236,3691428,1112080
91,000501,2017-09-21,-0.0039259674705550696,0.002243409983174516,0.5081569310946227,14263.0,91381.53707186991,1231,23756886,19149964,1066116,1294019,7326915,4743829,3526537,5288327,4649827,3766852,2562755,723421,392480,683073,481680,415905,3750576,2234538
92,000502,2017-09-21,-0.015447154471544766,-0.011382113821138296,0.4504755469151927,10998.0,58271.90545052414,745,12925971,8122513,789548,706723,3556012,2316046,2562604,1885541,2805837,1959410,1241520,218559,702591,0,0,499776,1267859,536458
93,000505,2017-09-21,0.009090909090909038,-0.0036363636363635488,0.3626958736826067,16417.5,225779.91634346909,920,31698062,25368089,791792,602679,4776397,3857530,3900017,3655827,3049675,4210473,3198853,2114665,1380492,323615,2191629,1834836,12409207,8768464
94,000507,2017-09-21,-0.017657992565055736,-0.013011152416356975,0.23705298528812133,16035.0,106752.79979385769,2061,61489368,33904061,1496662,1355919,11510071,8793237,9736176,7082030,11186632,9891526,7539760,2568227,5421284,1077763,1306355,859828,13292428,2275531
95,000510,2017-09-21,0.0019230769230769162,0.004807692307692291,0.25014644716931106,20820.0,161059.2693265227,1729,44288288,41022203,1143016,1001594,8661056,8955702,8424264,7372531,11130075,8287590,6361903,2866486,2277024,0,1725425,2219661,4565525,10318639
96,000513,2017-09-21,0.020470829068577334,0.01821903787103385,1.1805133296203218,24890.0,201847.54666675028,1712,47180433,81308823,1894410,984102,11221605,8378919,7442091,6253187,7211265,8616860,5246887,8919599,2443623,4640384,1917326,6284441,9803226,37231331
97,000514,2017-09-21,-0.01813784764207982,-0.01813784764207982,0.18639313668087865,16280.0,136709.8395473833,1970,53452585,31791259,1705491,1978284,10570713,9314697,8234671,6802151,12243239,5388535,4913315,1820034,2697823,1038399,4021124,1231825,9066209,4217334
98,000516,2017-09-21,0.001890359168241984,-0.001890359168241873,0.17635640680798137,10732.0,83754.52733764065,900,23663546,11701740,679855,721713,3551068,2861162,4216983,2480014,5598983,2068765,3569900,1544543,1421596,0,897600,0,3727561,2025543
99,000517,2017-09-21,-0.01777777777777778,-0.015555555555555656,0.12458618503418141,9812.0,69738.64886355003,1307,26291531,11900586,2032273,749438,7072895,4025661,3400235,2649187,5127613,1747150,2493024,1279891,669924,352683,1343856,0,4151711,1096576
100,000518,2017-09-21,-0.01726427622841964,-0.013280212483399834,0.2886319565781508,7460.0,48174.47996405135,680,10156901,5076962,770625,1003876,2659401,1826236,1917942,1204807,1648568,454547,1235368,283128,1476365,304368,448632,0,0,0
101,000519,2017-09-21,-0.011596788581623607,-0.007136485280999083,0.27962951552707477,15624.0,129511.42406510771,1607,43028079,24910653,1099724,1141632,8821314,6811506,6744783,5971560,7811870,4604469,5099768,1777320,1650028,1064349,0,947895,11800592,2591922
102,000520,2017-09-21,-0.016759776536312776,-0.009310986964618184,0.16196764700916647,10710.0,113541.01456021379,1100,34055030,16224081,839726,1063444,4956769,3519724,3610607,3186457,5154385,3844204,4434482,2024054,1854665,1078765,866924,432016,12337472,1075417
103,000521,2017-09-21,-0.010033444816053616,-0.0033444816053512794,0.21476037862913216,5960.0,54001.44554201246,775,11223885,6725268,687131,948294,2522271,2064143,2126076,1291418,2459300,1613075,1941789,271038,358200,0,406385,0,722733,537300
104,000523,2017-09-21,-0.0010351966873706209,0.0020703933747412417,0.4050191940024752,13622.0,83200.84546581293,568,11486070,10614070,651620,614608,2872291,3208004,1993020,2138796,1304113,1066962,1490281,733506,0,1394695,968999,487500,2205746,969999
105,000524,2017-09-21,-0.018587360594795488,-0.009665427509293556,0.3538551072233987,2704.0,42292.66590516515,1445,17635880,9683233,1671825,645547,3665422,3942973,4689764,2405826,4104982,2258913,1627189,429974,727646,0,402900,0,746152,0
106,000525,2017-09-21,-0.037927844588344084,-0.02266419981498624,0.5982422146391421,17140.0,123759.13587081949,1306,46158362,22718457,425157,1641820,5719278,6329598,4720726,3309042,9925361,5393183,6809901,3369366,4682080,750726,2172286,1294772,11703573,629950
107,000526,2017-09-21,-0.01819215463331436,-0.0022740193291642674,1.5912533655098549,17602.5,45456.229937962526,488,9008576,5687878,314799,275768,2902191,2672676,1930593,1513994,1836904,1225440,1055864,0,968225,0,0,0,0,0
108,000528,2017-09-21,-0.00221483942414169,0.0033222591362127574,0.17928622910445838,10872.0,126543.32823653486,2542,43422963,55124928,1970085,3236062,11318618,9009796,6583534,5416460,7132121,6367839,2809218,3315876,2729371,1992940,3249309,2735611,7630707,23050344
109,000529,2017-09-21,0.011737089201877993,0.010563380281690016,0.30303415419056745,8680.0,103491.87917914373,790,16141667,13591894,1634713,569883,2976228,3284667,2091092,1501190,1549772,2749135,503440,675935,1101949,311971,2535478,2593789,3748995,1905324
110,000530,2017-09-21,-0.02467532467532474,-0.012987012987013102,0.2795888412439722,15370.0,155941.1239525462,758,24801290,17381668,564121,633113,3803997,3482952,3339427,2099187,3461384,1913325,1464665,1755130,2392635,1030012,2232455,441090,7542606,6026859
111,000531,2017-09-21,-0.0033821871476887866,0.0,0.2181996417118625,886.0,23829.019169266157,1654,4958424,6337465,368094,1922354,2179074,2285551,915092,593582,421049,619737,415251,474241,659864,0,0,442000,0,0
112,000532,2017-09-21,0.0014792899408284654,0.0036982248520711636,0.45687991380757415,15059.0,63105.52533268719,875,14465610,17658661,551939,751971,4669491,4493443,2584382,4693828,3612571,3400989,852212,2072276,773095,1031776,902840,0,519080,1214378
113,000533,2017-09-21,-0.006585136406397019,-0.012229539040451654,0.47183628102564024,13819.0,230458.66185046383,507,20053753,11226185,419001,352444,3212427,1369723,3011039,1035467,1760098,913941,1653199,791636,1035300,321300,493271,0,8469418,6441674
114,000534,2017-09-21,-0.04458598726114649,-0.059235668789808904,0.43240889095671997,19422.0,190076.8051626582,1320,46972747,27417423,869103,989802,5935256,5842882,6708523,5074737,9687201,6941842,7945632,3478362,3117326,1749003,1837113,0,10872593,3340795
115,000536,2017-09-21,0.0480274442538593,0.037735849056603765,0.13596526057227262,22807.0,174649.11746754084,1842,50917917,92038557,1311533,1198804,7559066,8347492,6452058,10496924,10117314,13074878,4533682,10237251,6992350,11339777,2182270,6010847,11769644,31332584
116,000537,2017-09-21,-0.029720279720279685,-0.018356643356643332,0.2277657380071289,42698.0,347565.6496992014,2531,200626819,135379221,1277886,742561,11590318,9046489,14130649,12175722,27776747,21899055,19977099,17164612,15062187,13658300,9316381,12725811,101495552,47966671
117,000538,2017-09-21,0.0009302325581395099,0.0022093023255813637,2.0624735741172757,25866.0,126923.25956599202,1738,54297043,62542477,1522988,1303865,12689827,7215673,7965127,11571778,8984936,9830707,5587256,5584353,2828592,2354742,5269403,8345593,9448914,16335766
118,000539,2017-09-21,-0.0018867924528301883,-0.0018867924528301883,0.22630898281086803,9504.0,48064.75868171808,548,6242043,3080914,1328930,309906,1793732,594464,1069881,767883,234156,814001,685504,202990,339504,391670,0,0,790336,0
119,000541,2017-09-21,-0.005428881650380135,-0.005428881650380135,0.27840710370292443,9255.0,115306.4663976114,1094,31204749,17634593,932542,1375854,4098206,3309280,4370167,3409214,5728736,3289619,1646020,2257312,2058927,727802,2545213,1326372,9824938,1939140
120,000543,2017-09-21,-0.006980802792321161,-0.006980802792321161,0.16368735390113207,11460.0,144588.1491318552,1226,40351798,17036422,1365336,615514,7723874,2695443,5999860,2560319,4915442,2549990,2016266,1147795,3114223,741487,2206705,1857093,13010092,4868781
121,000544,2017-09-21,-0.0005803830528149367,0.002321532211259303,0.6444331524893546,17200.0,76650.36063074174,714,14857824,13569165,596412,774079,3126450,3288282,2493779,3619527,3704527,2377814,1861601,227172,344000,2145698,1836655,495505,894400,641088
122,000545,2017-09-21,-0.021538461538461506,-0.020000000000000018,0.13873731819281435,16250.0,183939.94415084377,2199,82497762,50569645,1245237,2126411,9210916,9834964,10482795,8570678,12611773,11089279,8014789,4184602,4750024,1368174,2331345,2783134,33850883,10612403
123,000546,2017-09-21,-0.02022315202231517,-0.0034867503486750717,0.36331607557232953,14305.0,98219.90153265446,1562,35728168,35398375,998360,1629893,6879073,5758915,6644615,4084093,9255826,4764922,3993322,3887217,1783971,3262174,1793953,3642417,4379048,8368744
124,000547,2017-09-21,-0.006908462867012077,-0.007772020725388629,0.27860712942952875,19660.5,118212.17569887642,1728,60068321,33859110,1179198,978583,9996473,6804999,9250532,6066819,11949441,8681815,6676474,3514656,6297269,2440077,3650186,1441239,11068748,3930922
125,000548,2017-09-21,-0.016009852216748666,-0.009852216748768461,0.2602666129381652,9647.0,77857.81866382757,973,21595951,9118307,1333380,770401,5451752,2360464,4274072,1558583,3147060,1184795,1202447,1056191,2014650,1079043,834356,405000,3338234,703830
126,000550,2017-09-21,-0.012206572769953072,-0.008450704225352101,0.5281920903007696,23265.0,97422.88908041283,1626,51083708,35473989,847833,740567,12005930,8305422,7934585,6396397,10572605,7177970,6455634,4134264,3943172,2639950,3509910,1311979,5814039,4767440
127,000551,2017-09-21,-0.018595041322314043,-0.01342975206611563,0.3707506684891381,19180.0,71570.5219600888,681,20481718,9045313,618790,735133,3959232,3016393,4131791,2347085,4998369,2182811,1250242,437095,2055543,326796,2317327,0,1150424,0
128,000552,2017-09-21,-0.016949152542372947,-0.012106537530266248,0.1064031492580556,3304.0,85366.05142215721,1511,29067308,11184777,1559834,857697,4770162,2502413,3480915,1787292,4616276,2305252,3290055,1362637,2424836,666204,2582233,0,6342997,1703282
129,000553,2017-09-21,-0.002177068214804012,0.002902757619738905,0.5108076606778253,12447.0,61829.66074867573,727,11144189,9927337,596851,816279,2967839,3053338,2327290,1689738,3481057,1321753,206365,917920,0,0,860275,920520,704512,1207789
130,000554,2017-09-21,0.016000000000000014,0.02100000000000013,0.20303298059552427,33112.0,181717.45172869266,2428,96889383,122133972,969528,1139134,11199822,10761709,13525338,14363305,21486610,22329166,16733379,13184926,8027439,10420836,6629534,7307763,18317733,42627133
131,000557,2017-09-21,0.003502626970227851,0.010507880910682887,0.15867266521581558,12381.0,97621.46844437902,1296,24369458,31477364,1035861,1130815,5467713,5566916,4290958,4724873,4592652,6948470,2359603,4257098,1292525,2129576,0,1796527,5330146,4923089
132,000558,2017-09-21,-0.0131386861313868,-0.0029197080291970545,0.19104530657066102,10944.0,65589.33746468104,1286,25583155,13323451,1531172,1034705,7808534,3770768,5055701,2367033,4751743,1846278,1093319,2490952,1958536,693055,430236,415110,2953914,705550
133,000559,2017-09-21,-0.01649305555555547,-0.01822916666666663,0.218718924790192,40968.0,419578.9713264555,2777,216207144,170396349,1022355,1165115,11727325,12914539,16158293,17817711,26437053,23807124,19558753,17586273,18539050,14355949,11681886,8690942,111082429,74058696
134,000560,2017-09-21,0.011009174311926495,0.026605504587155826,0.23256375820886496,24850.0,188458.1635502105,2200,86843792,93318268,1121279,1374918,10106239,10481820,10240889,10737517,14128800,15777021,7884029,11831386,6607773,7832740,5420392,6106334,31334391,29176532
135,000561,2017-09-21,-0.008687258687258725,-0.007722007722007707,0.2596168657666332,15554.0,113254.59134567174,1593,39688878,38718164,1262973,925266,7461819,7336821,7021763,5620895,8266068,6554075,3309842,5321098,2360482,2576387,2269036,492288,7736895,9891334
136,000563,2017-09-21,0.00540540540540535,0.01441441441441449,0.12224219734538967,18727.5,257542.9894968907,2066,83208674,94266140,1570412,1299688,9108689,8204861,7707775,9156580,7841699,13479147,9485547,8959844,7918651,7812812,4098244,3628682,35477657,41724526
137,000564,2017-09-21,0.006069802731411222,0.01062215477996964,0.18402028975681733,9366.0,67463.56584948192,1283,15009609,20068507,1051340,1284548,6317655,4058487,3954402,3627085,2132878,4231747,221108,2184162,642850,0,0,922478,689376,3760000
138,000565,2017-09-21,-0.016393442622950838,-0.01127049180327866,0.3429988302887578,11616.0,74689.77334538616,809,17709390,11382531,810268,1297610,3705201,2542912,3688930,1782516,3263123,3342194,2573067,1097843,1009629,389200,896563,930256,1762609,0
139,000567,2017-09-21,-0.02079999999999993,-0.017919999999999936,0.7466513974245427,27648.0,307679.7765835348,1753,101747958,53746606,1351828,1101598,9572787,6353334,10862459,7729856,11627090,10392284,9240967,6352531,8061151,4083987,1730828,1343515,49300848,16389501
140,000568,2017-09-21,-0.008453237410071868,0.0016187050359710575,1.092158786459992,27570.0,215509.3671539641,2593,121117038,97112280,868700,830030,20094204,10473687,15701416,9895336,15865373,17125213,12931582,9631119,9156684,7279589,7057019,3442622,39442060,38434684
141,000570,2017-09-21,-0.009803921568627416,-0.0028011204481792618,0.31020990934635817,19278.0,126604.89694829294,529,15725356,16733492,178461,646404,1182076,3267425,1656855,3137568,3418311,2131831,2333948,2409036,1409891,4157336,0,442680,5545814,541212
142,000571,2017-09-21,-0.0279627163781625,-0.0026631158455392434,0.20118204499050163,15000.0,114468.68107933272,1394,33046394,36630771,1145221,1460514,5728960,5698186,5393520,5076082,5921213,6972479,5255182,5646854,3907912,2377326,1855012,2247953,3839374,7151377
143,000572,2017-09-21,-0.016981132075471694,-0.011320754716981019,0.1308506932135459,15960.0,178218.1603051456,1643,52966724,45630330,1322087,900293,7501043,6421185,6337329,6460570,9356167,10116028,7349884,5904783,4208466,2467910,1417498,418968,15474250,12940593
144,000573,2017-09-21,-0.03240740740740755,-0.026234567901234684,0.1632719739410664,11484.0,77628.72884556444,1577,35656253,19818584,1284675,1690740,7181723,5523122,7409020,4273719,7893006,4552118,2228691,1361804,2246273,315098,922650,818535,6490215,1283448
145,000576,2017-09-21,0.0036385688295939023,-0.004851425106124796,0.744212955655345,11536.0,84888.28863103739,490,11404321,7290596,754839,283395,3405865,1073597,1872838,347438,2843747,767698,1213443,203732,328400,328600,428212,842859,556977,3443277
146,000581,2017-09-21,-0.010195758564437218,-0.006525285481239762,0.5222730396080418,21996.0,143701.0610998555,2204,77516863,69411216,1764339,1118072,13473704,10855668,8641299,7782294,12293336,9102254,12449849,11777002,6707501,4853866,1813514,7298700,20373321,16623360
147,000582,2017-09-21,-0.020458265139116194,-0.014729950900163824,0.35733185186970634,16912.0,93607.82378730833,1169,32868471,17363463,865829,827282,6725239,5551342,6174879,3229303,5910335,4985868,3445730,1330174,1406569,363600,1337813,443064,7002077,632830
148,000584,2017-09-21,0.0028149190710766714,0.002111189303307448,0.5916272809008835,20617.5,124880.92905697982,576,15469639,15850546,410930,489178,2741601,2801280,3169667,1694175,4466202,3186561,2599919,2898648,304094,0,455040,427500,1322186,4353204
149,000586,2017-09-21,-0.02030456852791873,-0.0050761421319796,1.18410872117305,19745.0,88703.69642909092,276,8221624,4014436,205177,283833,1192045,1375658,1627769,929684,2379315,394167,1036226,666078,750132,365016,0,0,1030960,0
150,000587,2017-09-21,0.002590673575129543,-0.006476683937823857,0.2555029944101886,7650.0,91260.10776022336,913,20715342,12155276,777943,1105509,3720574,2471077,2891108,1290290,2626507,1976438,2630619,1827803,2919606,1885109,0,832050,5148985,767000
151,000589,2017-09-21,-0.0070796460176991705,-0.005309734513274433,0.2373647919880305,8445.0,69319.40859900531,566,10852158,6331996,440069,642964,2144333,1386935,2643761,880486,2524995,1799217,2032324,718994,0,338400,0,0,1066676,565000
152,000590,2017-09-21,-0.007499999999999951,0.0012499999999999734,0.8275227996861839,8000.0,81945.50374412679,373,6015559,6043779,241362,448793,1005851,1776018,785177,783554,1030742,1180944,0,500513,319000,316206,1835927,0,797500,1037751
153,000591,2017-09-21,-0.02672955974842761,-0.012578616352201255,0.1368921199694454,27771.0,152637.39738404233,2164,92332207,69253072,1338272,1364037,11310135,9129409,12385800,11362605,17571301,13354499,11282051,6694798,8782029,8580926,8085068,3120715,21577551,15646083
154,000593,2017-09-21,0.022665457842248493,0.010879419764279419,0.4348392248796059,21128.0,93009.8440102429,643,17254578,16354630,488021,338402,2942930,2447724,3120991,2351819,2689960,4470027,2683280,2232654,2331485,1733884,1342256,1374735,1655655,1405385
155,000595,2017-09-21,-0.00941619585687381,-0.0018832391713746732,0.1730400726360482,8520.0,49266.902290435384,942,14280320,8517570,871017,837163,3799720,2885249,3611644,2223403,2185084,1817876,2225875,753879,385310,0,414090,0,787580,0
156,000596,2017-09-21,-0.0067252974650802155,-0.0010346611484739476,1.1804781784603149,40565.0,243380.62606620774,2419,122112668,127842337,1457910,652444,11227736,9495064,15974814,16127912,24222137,16721720,12820258,14277067,10021351,11827937,3290739,6398193,43097723,52342000
157,000597,2017-09-21,-0.010517090271691565,-0.007887817703768563,0.3180523397130067,10350.0,103195.53332408283,1287,29839677,16862108,1465978,670803,6090235,4141306,3994083,2627799,5563522,2576830,2873399,1778747,2033655,1733025,939464,856156,6879341,2477442
158,000598,2017-09-21,-0.003472222222222099,0.0,0.14419870096996862,10944.0,202438.93145720667,1598,50404632,31769087,2331317,947587,5850933,5099752,7666425,4140744,5529202,5196177,4990129,4590268,2040141,1736653,478975,1395246,21517510,8662660
159,000599,2017-09-21,-0.007552870090634434,-0.004531722054380682,0.2426010733213672,13220.0,88717.62079510576,744,16620219,15364697,717384,678810,3467113,2942715,3520391,2969263,3354865,2603896,1683480,1990329,2386241,307365,888419,0,602326,3872319
160,000600,2017-09-21,-0.022589052997393555,-0.008688097306689846,0.24887002992333798,18352.0,146832.46975435072,2140,77354507,39597030,1605078,1196326,11206373,9501154,11742867,7836968,13772616,9929481,5818490,3060532,6517978,3412272,1863002,1757689,24828103,2902608
161,000601,2017-09-21,-0.013140604467805628,-0.013140604467805628,0.26097677818979464,8338.0,92027.23121635997,850,16203232,7737846,1133307,578075,2859376,3055544,2941375,1989285,3109267,1416109,1462192,698833,1063419,0,869256,0,2765040,0
162,000603,2017-09-21,-0.017591339648173165,-0.017591339648173165,0.38152440883573424,7410.0,107043.7690172175,1502,28052136,24046091,769604,2324992,4324085,6526454,3346452,4703401,5112909,4322126,2766952,1229592,3136170,0,1381182,931358,7214782,4008168
163,000605,2017-09-21,-0.0037636432066240344,0.006398193451260692,0.5369664473975613,40110.0,177795.8386479631,2449,113909683,108612990,808350,1086133,11183141,10732019,17940726,14720077,29086420,20888889,15371406,14685731,10113988,7942519,5344396,2615764,24061256,35941858
164,000607,2017-09-21,-0.020000000000000018,-0.008750000000000036,0.24616557525500568,12320.5,100957.93965428084,1056,30370701,12406286,1054680,877575,4941390,3702885,4650944,3496917,6211370,2540032,3399059,965110,1955880,309255,1284942,0,6872436,514512
165,000608,2017-09-21,-0.0484076433121019,-0.04076433121019096,0.22244725846953928,12384.0,141617.78922626135,1247,33906516,20126056,1008472,1227779,5560194,4385015,5131862,4581080,5832584,4268708,3577642,1653263,3554229,2233178,2245631,464913,6995902,1312120
166,000609,2017-09-21,-0.01890482398956972,-0.014993481095176064,0.4967370214038279,18312.0,75140.43241689683,953,27691372,14636818,721105,662967,5620506,3741366,6184622,3088214,7271249,2197756,3564059,3018606,2022513,335478,469960,452331,1837358,1140100
167,000610,2017-09-21,-0.006933744221879756,-0.0023112480739599928,0.44045208022100696,13030.0,70125.6037330471,868,16659205,14206299,718824,540591,4193546,3791055,4594020,3320273,3558467,2684384,1038244,1146527,353535,1169494,0,426072,2202569,1127903
168,000611,2017-09-21,-0.023076923076922995,-0.015384615384615219,0.34137899166354163,10914.0,89184.33833138434,710,20002870,5438670,874816,515013,4728231,1865790,2900417,1557818,3166751,667610,971348,457848,1800130,374591,1323053,0,4238124,0
169,000612,2017-09-21,-0.028243601059135037,-0.018534863195057483,0.24096425104474153,36828.0,250128.8746765304,2213,108690456,96968102,899112,945562,9019355,16223326,10922574,11993046,17758048,15662529,12046385,8765388,8377177,4556919,7229374,5355030,42438431,33466302
170,000613,2017-09-21,-0.0019860973187685316,0.0009930486593843213,0.3326272878834303,11137.5,68797.07605778062,916,18204245,13379052,836290,491754,5122789,3130558,3148592,2548240,4248871,2613716,2023813,922259,300600,2320955,0,809200,2523290,542370
171,000616,2017-09-21,-0.017204301075268824,-0.008602150537634468,0.15485397926125047,13830.0,125878.86001446555,902,29237499,14524447,1127798,475248,5309993,2959334,3375461,1829537,4298903,1829566,3993464,3425777,711480,654219,1763824,497729,8656576,2853037
172,000617,2017-09-21,-0.008172796263864579,-0.0011675423234092097,0.6443604081955322,5136.0,33166.60766128652,706,6540885,5170254,899802,347359,2840995,1951008,835595,1449093,1702098,618430,262395,490644,0,313720,0,0,0,0
173,000619,2017-09-21,0.008171603677221695,0.005107252298263587,0.2595460071048239,9880.0,120250.85349214729,1423,26103448,37654669,1351836,1697968,5115661,5342448,3747006,4323326,4682869,4540347,3855285,5215586,757438,1934546,1419974,6817400,5173379,7783048
174,000620,2017-09-21,-0.00652741514360311,0.0,0.23021981778923203,5348.0,35792.95972419596,1109,7371400,8116395,953748,2048743,2684435,2124369,1903890,909157,362024,1460871,783211,0,684092,713972,0,859283,0,0
175,000622,2017-09-21,0.009756097560975618,0.01300813008130075,0.23790375971526348,12520.0,82913.15509298621,668,11882470,14214449,439651,577652,2322141,3540212,2626692,2780547,2778310,3014685,450651,2107941,317138,312500,469710,0,2478177,1880912
176,000623,2017-09-21,-0.0061619718309859906,0.0008802816901407606,0.5419509263750675,23712.0,214302.55649602524,1757,67791915,77115660,1044785,1145267,7877989,8830063,7094773,8362067,12447753,12767751,9567526,9845057,3967186,6475220,4990104,2826096,20801799,26864139
177,000625,2017-09-21,-0.008522727272727182,-0.006392045454545414,0.28034131117393873,36764.0,299596.821272003,2523,161572987,109272909,1223835,1177255,13201127,12262016,16682605,14742081,25891594,20437184,15401887,9507699,11280854,9339029,9147887,5750824,68743198,36056821
178,000626,2017-09-21,-0.02033096926713951,-0.001891252955082745,0.5485470290506449,23320.0,332764.0509809503,1487,54798181,91683518,718638,1019513,5510754,7869260,6299351,8515654,8859238,8506103,7053141,5830758,3270301,5787764,4349966,4851403,18736792,49303063
179,000627,2017-09-21,-0.0010869565217390686,0.005434782608695787,0.18419252377672932,27780.0,186716.4998485286,2497,86557362,89750350,1731706,1632260,12991921,14742427,12330046,14618469,15756244,16788480,9575958,7027550,6707287,8496897,5567771,5517952,21896429,20926315
180,000628,2017-09-21,-0.021355617455896092,-0.00835654596100277,0.37373171135765476,10730.0,49665.65894902866,830,15058147,9705734,874132,527275,4135221,2888465,4568904,2101521,2606400,2080544,1852275,853245,1021215,362780,0,891904,0,0
181,000630,2017-09-21,-0.012944983818770184,-0.006472491909385147,0.062144062191039774,15300.0,289383.2493133874,2497,118940403,69477322,2057004,1748648,12825336,9169037,9768611,8298819,14890418,7164858,5871315,4555563,5008001,3731038,2681552,3067969,65838166,31741390
182,000631,2017-09-21,-0.02132701421800942,-0.018957345971563955,0.13528964621295458,8400.0,102507.54093778357,974,27429914,8340150,1114765,574917,4988150,2748628,3501373,1880582,3683410,1424517,3837567,669205,1043014,634106,2176315,408195,7085320,0
183,000632,2017-09-21,0.07090103397341219,0.06942392909896622,0.13775587093956104,21120.0,152282.85894370254,2427,75445856,90310642,1907392,1478111,11801895,9064689,11384265,11740605,14319134,15876850,7165310,11948816,8462203,9958727,3019525,5178572,17386132,25064272
184,000635,2017-09-21,-0.0058448459086077875,0.0058448459086077875,0.5184958739457349,18920.0,69183.59909670711,1317,24346564,25890694,1358151,1153750,6956179,5873372,6492392,5386127,5018116,7637812,2381936,2242054,969941,950441,0,415338,1169849,2231800
185,000636,2017-09-21,-0.009164969450101812,-0.009164969450101812,0.19289620756466822,30442.0,251907.1520177723,2595,134685713,107556844,1548727,1861775,13186550,11851820,14907382,14201489,20155873,20560103,16846121,15651492,8285741,7296118,8120029,6103791,51635290,30030256
186,000637,2017-09-21,-0.008426966292134908,-0.001404494382022392,0.25261412207103673,7120.0,61324.440120151965,794,10245137,11629305,677833,904585,2490479,2735483,2285751,1455568,1832860,2364256,1138229,2482283,0,1033106,1819985,0,0,654024
187,000639,2017-09-21,-0.01011029411764719,-0.005055147058823706,0.6525076055680341,6498.0,49623.55363081686,1112,12134391,12573596,407137,1733885,3996094,4615221,2284397,2352326,3300986,2803318,679126,719476,0,349370,413151,0,1053500,0
188,000650,2017-09-21,-0.006756756756756799,-0.0033783783783782884,0.19260828472614336,5910.0,212461.1128634372,945,22319553,10651120,899091,1228503,3548091,1800939,2964332,1712427,2907166,1462712,1226807,1210207,947394,311984,414400,1307596,9412272,1616752
189,000651,2017-09-21,0.0007903055848261786,0.0018440463645943428,0.6372624714503276,167068.0,729610.5577150552,3548,561678009,682225005,170964,303798,7108271,8422109,19780666,20978340,49496982,57565743,56913384,61881331,46573490,46981789,40358433,37591424,341275819,448500471
190,000652,2017-09-21,-0.001890359168241873,0.001890359168241984,0.16969562688833792,9522.0,85234.64485698601,972,15374635,14963514,1064258,617937,3691640,2881940,3541147,2504483,2518732,3757734,1136860,442852,361760,1376760,0,427114,3060238,2954694
191,000655,2017-09-21,-0.023655913978494647,-0.013978494623655968,0.23672971387939673,18400.0,115086.49676180053,1544,51402106,29650884,1087203,1145622,7650411,6812135,8693402,5752471,11362344,5729675,7976016,2595875,2978850,2119110,3176978,957348,8476902,4538648
192,000656,2017-09-21,-0.03266787658802173,-0.041742286751361046,0.09953962886293934,40575.0,538228.6738385186,3077,291852132,174738619,1293846,1382439,12552294,14787763,16720663,18308681,29501126,28869496,20745694,22736148,17159379,9929976,13262629,8362198,180616501,70361918
193,000657,2017-09-21,-0.019620253164556956,-0.0075949367088608,0.31775670379880505,37908.0,280349.350650007,2478,168273062,102467798,1119697,1244115,12331606,11061799,15245946,11171296,27514927,20320858,17270138,8188970,20881054,8894193,12792298,8038192,61117396,33548375
194,000659,2017-09-21,0.0025062656641603454,0.005012531328320691,0.15819747642428306,11895.0,95435.6315053203,636,13161401,12879770,433919,489556,2522421,2479598,2796574,1747767,2316536,1909807,1223079,1716682,2475596,799600,1393276,0,0,3736760
195,000661,2017-09-21,0.003088586269830218,-0.0025972202723572035,3.815328002724266,28638.0,271013.03158968507,1394,72567033,80810328,9967,143,5492716,12580359,4485498,8378852,8040788,9411343,4972304,8327458,3962054,6080294,4605908,1318202,40997798,34713677
196,000663,2017-09-21,-0.007333333333333303,-0.006666666666666599,0.5441867858074292,14880.0,67560.36167055297,759,17357408,9830363,1032251,387561,4234009,2762842,3655694,1831676,3862087,3404664,2494403,797596,0,646024,403920,0,1675044,0
197,000665,2017-09-21,-0.00817661488143906,-0.003270645952575757,0.4416777742695486,8529.5,148245.64705625206,766,14471383,11553215,560997,1209374,2319747,2980299,2094987,2227064,3032274,2090827,487940,714326,349279,632745,480320,0,5145839,1698580
198,000666,2017-09-21,-0.002912621359223433,0.0,0.5332014042916086,18504.0,150115.5752293843,1492,46565885,35748837,1394267,890508,8383158,6516968,5565699,4244060,7541043,6894497,4330459,2921898,3734676,1349001,1684120,434910,13932463,12496995
199,000667,2017-09-21,-0.022471910112359605,-0.014044943820224809,0.07982158712627305,7060.0,187162.447253863,2001,57844677,25995714,2161975,1839812,7076509,5403904,5863970,3278368,6670247,3499851,5959501,1712376,3859645,1355921,2259556,1329161,23993274,7576321
200,000668,2017-09-21,0.0,-0.003456221198156584,1.0548296659378997,14723.5,49052.126499551174,270,4598304,4026501,295599,133335,1502578,904776,836977,790873,1281090,1487508,682060,710009,0,0,0,0,0,0
201,000669,2017-09-21,-0.004892966360856343,-0.004281345565749217,0.4718413704719934,13092.0,124653.38653404955,1200,33202608,13831998,2557915,678067,6750237,3654909,5475878,2791312,4367462,3521236,1440575,749585,3710906,949001,814977,846512,8084658,641376
202,000670,2017-09-21,-0.04155844155844157,-0.023376623376623495,0.13318395711497524,55616.0,256646.64425037513,3354,204872083,199036111,1255650,1311180,14316397,13834462,23932554,20817509,37511976,45519984,26341836,28828810,22905810,16145622,14616283,13965288,63991577,58613256
203,000671,2017-09-21,-0.03567035670356711,-0.03075030750307517,0.14870977794089424,37766.0,336525.8563600052,3001,231569965,167758579,1841181,1425822,13404439,11219412,17142524,14991483,29694480,20476476,23230958,14987726,14733486,14480899,16971619,9825011,114551278,80351750
204,000672,2017-09-21,0.0019230769230769162,0.01057692307692304,0.21270997989516552,29722.0,139750.0317782391,2392,88364094,95504550,1210972,1181554,13287975,10156420,14619137,11441035,16905721,18598295,11193193,13397534,6579092,10427402,8174431,11692785,16393573,18609525
205,000673,2017-09-21,-0.02892561983471076,-0.014049586776859524,0.4404740937920845,12020.0,145662.04295837643,754,30850895,11256248,817159,553168,3251421,2807521,3364589,1651228,3944619,1581539,1182325,1658528,3046914,379516,1354652,424708,13889216,2200040
206,000676,2017-09-21,-0.010344827586206917,-0.010344827586206917,0.4068629325766748,12978.0,62579.41685198692,1270,27182874,11368107,1155065,706574,8101004,3500417,4153704,3508101,6253867,1996706,2333650,1119809,1150175,0,1308303,0,2727106,536500
207,000677,2017-09-21,-0.010330578512396604,-0.006198347107438051,0.23403955457449985,11040.0,106473.74493946318,427,10806612,6129494,392590,449343,1845377,2022856,1017096,1108934,1443775,636119,1650669,462759,315228,0,3372278,0,769599,1449483
208,000679,2017-09-21,-0.02016985138004246,-0.005307855626327074,0.4664139497098979,11304.0,46352.39367314803,407,8048147,3032373,614672,353202,2811367,1308894,1864366,740137,1316975,630140,562800,0,0,0,877967,0,0,0
209,000680,2017-09-21,-0.02341137123745829,-0.0050167224080267525,0.1634065532945738,11950.0,128640.36556830151,1340,39131687,21766263,1320301,1016039,6193503,4971735,3946740,4041147,5789293,3380853,3026213,1995391,2971840,1613110,1265907,448500,14617890,4299488
210,000681,2017-09-21,-0.015300546448087537,-0.006010928961748596,0.42730032935687134,10980.0,63989.736625820864,1838,30361986,21448782,2903085,1176235,9457951,6029294,3800128,4543919,5524124,5063387,2448068,1012051,1038751,1844523,2199477,469302,2990402,1310071
211,000682,2017-09-21,-0.0073260073260073,-0.001831501831501825,0.17198777536536128,11000.0,67554.13068983424,1008,18498894,15678533,941638,776467,3887062,4102431,3361741,3084353,4533260,3162524,2298106,2048208,982792,1567215,0,409773,2494295,527562
212,000683,2017-09-21,-0.00911854103343468,-0.006079027355623157,0.06825315447302255,18867.0,177631.93548746512,2341,88584082,57032847,1403060,1868402,11256004,11571545,11348697,9757180,13915165,10162974,7418931,4925127,7667021,4100098,4759440,2743652,30815764,11903869
213,000685,2017-09-21,-0.008174386920980936,0.0,0.3186974360821954,11030.0,98572.5674113305,1193,25454826,23691089,806505,1635699,4495542,4147314,3852809,3164011,4463107,4393535,3548659,2982769,2400553,1701964,1335578,446420,4552073,5219377
214,000686,2017-09-21,-0.005649717514124131,0.0009416195856875031,0.24541581419194686,16049.0,181757.52916562743,1873,52974942,76679092,754119,1210443,6424072,8353648,5513407,7957957,9045254,12709535,8177558,8151894,6515446,6896022,2522076,5571816,14023010,25827777
215,000687,2017-09-21,-0.012518409425625876,-0.011045655375552355,0.37980842033109025,18991.0,103436.18940098827,1278,39329749,25345511,889844,902370,7352531,5319917,6192716,4554926,8905132,7080721,4259840,3170596,2032115,1069368,1784091,1262460,7913480,1985153
216,000690,2017-09-21,-0.019300361881785078,-0.010856453558504175,0.23479465783130765,16400.0,127323.46076295408,1247,41643502,26668553,990268,1375427,5608913,4604129,6316009,4055124,7634196,6456103,5124142,2844754,2425037,1773309,3088232,1352885,10456705,4206822
217,000691,2017-09-21,-0.03164556962025311,-0.015189873417721489,0.43110866521187197,12512.0,63466.02080195987,335,7672441,3172079,207451,295776,1881537,973854,1655132,377423,1645911,1056684,908198,468342,630340,0,0,0,743872,0
218,000692,2017-09-21,-0.0014204545454544748,-0.0028409090909091717,0.3025074163482358,10560.0,55857.45787263207,541,9357093,5671447,333395,571274,2700213,1830133,2158692,617574,1649598,1110314,1208366,739355,676535,393997,0,408800,630294,0
219,000695,2017-09-21,-0.014261744966442946,0.010067114093959662,0.5029786524531373,9616.0,42772.07455384735,561,5342134,7824654,524293,646033,2612538,2013652,973930,1780904,756579,2048291,474794,203660,0,692354,0,439760,0,0
220,000697,2017-09-21,-0.06000000000000005,-0.04888888888888887,0.5007116400706018,58894.0,344894.23886084097,2911,252458464,185427011,672901,831280,10726951,12396394,17680591,19773140,34165476,31005908,28732331,24396014,21874877,14760483,14967464,10875757,123637873,71388035
221,000698,2017-09-21,-0.017518248175182327,-0.008759124087591164,0.23841958492469897,13580.0,81935.85507133159,825,20418856,11596685,568647,864316,3879704,3455227,2723360,2285935,4022261,2303143,2155408,790076,2544169,675480,1863249,0,2662058,1222508
222,000700,2017-09-21,-0.013831258644536715,-0.0027662517289074318,0.27314840811753394,14400.0,91058.90714352496,700,18316139,13652463,626920,559380,3463724,2851998,2616819,2456965,3382269,3644565,3097009,1364226,1457713,367200,824147,866880,2847538,1541249
223,000701,2017-09-21,-0.0070202808112324044,0.0015600624024960652,0.4068937267613394,15504.0,78806.06913722066,992,20097679,24554236,751049,651826,4663287,4690392,3384880,4401632,4226542,7417708,1950991,4203571,1628380,2181891,1297525,412160,2195025,595056
224,000702,2017-09-21,-0.018398268398268414,-0.010822510822510734,0.26494832488819975,10980.0,87453.52714157612,1216,25288691,10325135,1829790,860570,7626273,3131384,4630913,3045279,4400489,2375748,1188729,431646,1367923,0,899376,480508,3345198,0
225,000703,2017-09-21,-0.0012262415695891704,-0.003065603923972815,0.43415473920704534,8162.0,50568.458920973804,1412,18751224,14355811,2369660,1041974,6950031,5032957,3609479,2202045,3063705,2577267,1703681,1229208,652799,676110,401869,451750,0,1144500
226,000705,2017-09-21,0.017823639774859235,-0.007504690431519689,0.23427765901575037,4240.0,50399.47597114287,2071,24338781,10533902,3303307,724688,6594729,2926874,4532166,1911717,4190121,2687201,1452347,695635,722416,684038,1366978,0,2176717,903749
227,000707,2017-09-21,-0.019230769230769273,-0.016483516483516536,0.2892432018952151,14380.0,122841.55788008239,633,22944089,7849127,611709,476123,2870411,2359115,2307836,1600932,2777768,3101932,2828596,0,1829650,311025,871909,0,8846210,0
228,000708,2017-09-21,-0.015827338129496438,-0.004316546762589968,0.35742044177097915,19376.0,152907.41778137817,1513,54019211,36795381,1087268,962610,7596909,6226514,6463025,6015609,12188063,8096543,5735102,4458449,1840758,1967347,3546897,1391226,15561189,7677083
229,000709,2017-09-21,-0.010893246187363759,-0.002178649237472685,0.08297307127770388,39029.5,469630.79015784635,3078,203000788,235712382,1502604,1729991,13429921,13780990,17922729,18628142,25888647,22497551,19997163,20811061,15203090,15141977,15364373,17276663,93692261,125846007
230,000710,2017-09-21,0.0034389952153111025,0.007476076555023914,1.3959795622184177,47390.0,203885.14595099937,2297,125378667,116446030,772216,1056480,9687269,10315153,14032855,14921128,22156987,24368786,21655215,13787073,11093794,12937709,8792466,6303455,37187865,32756246
231,000711,2017-09-21,-0.03370786516853941,-0.022471910112359605,0.4346923597119623,13383.0,66983.90763186631,1211,25343265,14152869,1222212,933562,7178365,4019243,4724699,2416008,5302877,3522026,2239913,1428668,1057822,643762,1341675,443100,2275702,746500
232,000712,2017-09-21,0.042120911793855464,0.049554013875123815,0.3731186079098182,57347.0,378788.33548390435,2929,195256706,303749595,752661,1119071,9949598,11892586,13784790,15450819,28543029,31341519,24082173,22710054,21510191,23350742,13242687,20953629,83391577,176931175
233,000713,2017-09-21,-0.008206330597889666,-0.009378663540445475,0.3248008610054943,11900.0,58978.39953664563,689,12992267,8403198,645862,656255,3427047,2064622,4294026,1823969,2950173,2151766,989079,219300,686080,0,0,0,0,1487286
234,000715,2017-09-21,-0.01754385964912286,-0.016666666666666607,0.47105099724396,11340.0,44659.14249626994,585,9651719,4638990,491460,341946,3581389,1908786,1833033,1018619,1968621,929853,529134,439786,371250,0,876832,0,0,0
235,000716,2017-09-21,-0.01341281669150518,-0.005961251862891204,0.19484760395990108,10704.0,76141.47405200238,1186,25198195,13824772,1045963,1204767,6087085,3719905,4458350,3404285,4807826,1447396,2837668,982976,1936242,1734750,901139,428881,3123922,901812
236,000717,2017-09-21,-0.023086269744836074,-0.009720534629404587,0.14577938570832638,62947.5,523089.12772847124,3194,296890807,321093934,842877,1220913,13806836,13281224,19541269,21948904,33524608,34704871,28126884,25982303,22938034,19480775,21070540,22077453,157039759,182397491
237,000718,2017-09-21,-0.028813559322033888,-0.023728813559322104,0.12663626289331495,12096.0,183264.73794747904,2176,72902209,41717564,1283825,2209565,9537221,7384016,7585290,7699894,10972034,6738777,6165158,4999514,2468915,2126125,2194470,1284217,32695296,9275456
238,000719,2017-09-21,-0.016468435498627643,-0.010978956999085021,0.41840073388165766,10905.0,94258.36132613773,682,12532028,8479998,472117,587200,3323533,3256685,1894069,1462357,1433697,1243516,960912,738322,1701842,0,0,0,2745858,1191918
239,000721,2017-09-21,-0.01820546163849157,-0.007802340702210753,0.23819786782541616,12224.0,66419.36518203963,1042,23579236,10129211,1203151,996148,5817435,2992885,4644757,2130006,4930109,3002500,1059809,1007672,1275268,0,1341309,0,3307398,0
240,000722,2017-09-21,-0.004149377593361092,-0.010788381742738662,0.48875917981594125,13152.0,99306.5036478508,607,19494277,8158210,384305,601027,2691725,2782062,2459487,1186123,4466991,751186,3061845,445808,1661042,366588,845965,0,3922917,2025416
241,000723,2017-09-21,-0.018823529411764683,-0.01764705882352946,0.20753599589088034,24776.0,160921.6365557017,1680,65338683,55151313,662113,1725760,7498429,7439188,9224981,8265074,11039970,11844031,8450271,5902588,5437837,2460082,5270959,4028573,17754123,13486017
242,000725,2017-09-21,-0.010000000000000009,-0.0050000000000000044,0.068633282789837,40198.0,890716.3671146664,3427,419850278,246782267,2036223,1479262,20536387,12413019,24676231,14370108,37260871,23304546,21304098,15297788,15823844,12027126,20457780,11152637,277754844,156737781
243,000726,2017-09-21,-0.006514657980456029,-0.004071661237784907,0.34519696274450457,9752.0,65196.76198542207,1266,22804475,12429965,1249833,982002,4799856,5238102,4487569,1818470,3734525,1911971,2993130,1723640,1344252,0,454065,0,3741245,755780
244,000727,2017-09-21,-0.013937282229965153,-0.010452961672474004,0.06424789315437723,7410.0,205797.93066100887,2011,74695965,26804613,2690665,818947,7953820,4213292,6513692,3176935,6091190,4058080,3436807,4406543,2446169,2338277,423160,1798526,45140462,5994013
245,000728,2017-09-21,-0.01939058171745145,-0.009002770083102463,0.2710724986448204,47784.0,293017.29134529585,2839,199052030,186409626,679100,1736792,11551749,12445671,19654831,15713771,32021044,29487184,18755974,20914892,13390057,17996066,8192470,10023791,94806805,78091459
246,000729,2017-09-21,-0.009188361408882129,-0.007656967840734996,0.17016974648232652,4543.0,82924.37645326657,1474,21463386,9408824,1492084,1034635,6685862,2353698,3283393,1556049,2048726,1051100,1388131,488984,1778968,1473794,408804,0,4377418,1450564
247,000731,2017-09-21,0.003424657534246478,0.007990867579908745,0.2162263778192413,23023.0,135779.58193516798,1642,52394954,64058799,1389895,1304292,8381204,7234985,7950075,7969830,10204386,11300178,5762866,8067247,5294781,7336341,2571344,7784652,10840403,13061274
248,000732,2017-09-21,-0.02646310432569976,-0.023409669211195805,0.47651163207674296,15552.0,96697.43368910546,1703,46432706,24461504,2108473,1052948,10445119,6177040,8467827,4886222,10394115,4103408,2562246,2863284,2848641,1826884,862448,474240,8743837,3077478
249,000733,2017-09-21,-0.014475969889982676,-0.005790387955992959,0.3885264290093277,34820.0,162093.69026471218,1976,95602031,88041089,819786,920756,9910037,8926131,14075385,9815710,17545531,16691769,13926188,9257260,8626259,7255706,5847835,9379051,24851010,25794706
250,000735,2017-09-21,-0.0026954177897573484,-0.0026954177897573484,0.19352428168726887,14860.0,142523.63513761747,1471,45326739,30686738,1576320,898229,7975095,5025108,6208104,6042961,7402556,5163265,3400485,4104775,3606731,3281756,1300721,1279769,13856727,4890875
251,000736,2017-09-21,-0.04450261780104714,-0.02041884816753925,0.3812315032193842,28410.0,212590.31687548658,2515,114367795,81384411,1739162,1135421,12880515,11156301,16359848,13065449,22903372,14396777,12282945,11283521,7657043,5841383,8174044,5277186,32370866,19228373
252,000737,2017-09-21,-0.03571428571428581,-0.015109890109890167,0.1468496001212487,22382.0,146899.89277835374,2465,95154110,63545715,1435980,1801867,13194349,10487972,13733254,10231243,18212494,14601333,10651926,8271412,11019381,4686376,4471430,2195315,22435296,11270197
253,000738,2017-09-21,-0.005497251374313006,0.0004997501249375258,0.5056175245464846,18040.5,183316.09931936386,1566,52477720,34513869,1381806,662407,7642585,6618515,6618630,5352230,8465947,5862942,6286030,3070644,3535153,682570,2655977,1802700,15891592,10461861
254,000739,2017-09-21,0.0,0.0,0.293285138532659,9072.0,60792.08419772617,655,10492071,9300122,419718,974066,3370777,2098562,2291662,1229044,2068302,1621482,1124846,1135452,302400,377500,914366,1321247,0,542769
255,000750,2017-09-21,-0.004983388704318803,0.0016611295681063787,0.13284805748358325,7248.0,109875.81719354798,2058,33591642,42798392,1773622,2893622,6243693,6101399,5743841,6396552,5244542,8768388,2904289,3232467,2462112,3998390,1386297,2191246,7833246,9216328
256,000751,2017-09-21,-0.034161490683229934,-0.02329192546583858,0.12117918907130085,32538.0,284537.7384462617,2831,166473258,123882683,1166173,1757555,11992218,15596514,16347686,19001572,22012773,21210894,13386629,15010210,11187802,6698663,6690769,6520367,83689208,38086908
257,000752,2017-09-21,-0.02042205582028589,-0.012253233492171556,0.3616463197231926,17730.0,76581.84917860357,1650,46873200,25237509,1240136,1129516,10193804,7175670,8804126,5265876,13288465,6025577,5061702,2375861,2327905,607755,2811855,939640,3145207,1717614
258,000753,2017-09-21,0.00210526315789461,0.008421052631578885,0.15826625471297695,14250.0,105604.02540653115,901,23204788,22493845,887835,850988,4682653,3773788,3730507,2330991,4290691,4603128,1130097,3983171,779250,2172664,3716943,1755736,3986812,3023379
259,000756,2017-09-21,-0.0012658227848102444,-0.0006329113924051777,0.5048538762658703,6332.0,52575.377581652465,980,9399882,8966534,805630,2484343,2579819,2311384,1593839,1716904,1636374,1189187,715791,248845,317600,1015871,0,0,1750829,0
260,000757,2017-09-21,-0.0013966480446927498,0.0027932960893854997,0.2589591606925867,13005.0,77732.1492547541,764,13564828,13785276,759007,710073,3319229,3619008,1940148,2909959,2570175,2653246,1687994,649688,1100307,634200,482296,404234,1705672,2204868
261,000758,2017-09-21,-0.018844221105527637,-0.018844221105527637,0.16610415670521622,22120.0,267476.29605907423,2299,113509541,62496302,1218970,2217540,9605064,13076212,11113504,11673355,13486142,11812545,7467182,8710535,8410581,2970342,5920137,4522663,56287961,7513110
262,000759,2017-09-21,-0.012320328542094527,-0.015400410677618104,0.22873882139573845,11508.0,75010.21498387148,1815,38252895,21412770,2514624,1369056,9363059,5236453,9122315,7181706,5799571,2508593,3518649,1663960,1689627,398400,487830,417099,5757220,2637503
263,000760,2017-09-21,0.006000000000000005,0.007000000000000117,0.24547224325463937,19980.0,152432.4353975864,1661,61632675,49394100,1044633,1598592,6417553,6788094,6283578,7516903,9294358,9880219,9221494,5380363,7307201,4915960,5880178,1750123,16183680,11563846
264,000761,2017-09-21,-0.01883830455259028,-0.0015698587127158659,0.1332522118207773,21054.0,538708.0786096127,2291,122775206,145713307,1460557,1959371,8212113,11085375,8838407,11137930,12018163,12627452,10746316,10250332,7784609,8611044,4816018,6208888,68899023,83832915
265,000762,2017-09-21,-0.06817213463996585,-0.06263314870046865,0.3926639632744647,259692.0,1628811.699382604,3581,1076803433,1132068306,109549,190561,4017738,6118724,14729748,16885937,37610203,47202394,43094151,57460495,42377742,51349666,45684421,47054584,889179881,905805945
266,000767,2017-09-21,-0.008333333333333415,-0.005555555555555536,0.14059576419606343,4660.5,77995.85978813135,656,8212380,8265717,540119,398479,1813145,2463555,1296204,1086424,2140320,669636,957975,520550,390617,961172,0,462600,1074000,1703301
267,000768,2017-09-21,-0.010074231177094273,-0.006892895015906619,0.3736358853938451,28207.0,212116.9579283686,2548,129007086,78902916,2981746,1269472,13847241,9323923,16460458,12171521,23671260,17614989,18943424,8357242,7369795,8274447,5749492,3026920,39983670,18864402
268,000777,2017-09-21,-0.006121313299944364,0.0033388981636062187,0.4498731883483141,21684.0,97651.26777321962,1595,38939586,45314990,1208847,1085951,8101761,8378258,8000229,10348976,9465972,10884920,3699455,4548338,2705655,2081812,1773361,1739434,3984306,6247301
269,000778,2017-09-21,-0.0030864197530865445,0.004629629629629539,0.1298875387611574,18326.0,221908.69696049075,2494,76594229,81951888,2283642,1856240,11638369,11590058,11720750,11615292,12453116,9649582,7134923,6654880,5467094,6820388,1818854,5888378,24077481,27877070
270,000779,2017-09-21,-0.014211886304909549,-0.01033591731266148,0.38852641141505456,6200.0,44262.56416297846,1588,22342011,11450417,2463577,532500,6688975,3436166,4421934,2756296,5242871,2604673,1742294,571650,1317360,1549132,465000,0,0,0
271,000780,2017-09-21,-0.020599250936329527,-0.014981273408239737,0.2379401115447671,10620.0,138692.40851211705,503,13689238,8421904,370420,502594,2008769,1720690,1713163,2031683,1335213,1347353,1811659,241434,2115082,688444,458304,1290024,3876628,599682
272,000782,2017-09-21,-0.023711340206185483,-0.01546391752577303,0.3311307240152928,12428.0,115673.2451023524,858,26232785,13014608,743246,1193320,3811945,3199014,3712684,2052939,5322926,2533415,2335196,953350,1777896,339132,3195988,451715,5332904,2291723
273,000783,2017-09-21,0.002002002002001957,0.005005005005005003,0.1927635211241388,30165.0,343070.95831805165,2688,107024726,234139027,507313,2733538,8069716,13587525,9434504,14932990,15104552,28199608,12188815,17116133,9053679,15899350,8269519,16273331,44396628,125396552
274,000785,2017-09-21,0.0008756567425569628,0.004378283712784592,0.48192163731566684,11460.0,192232.49293514478,561,15093301,11774678,495260,559885,2451578,2248332,1850079,1397941,2166167,2807704,1132635,521975,775946,613099,0,408542,6221636,3217200
275,000786,2017-09-21,-0.025593008739076217,-0.016853932584269593,0.31430098958834507,34694.0,173588.21972682967,2600,134944681,80864220,1756714,914069,17004044,9194057,18133160,12176011,28449188,22457606,13891790,9485324,9814439,4641908,7666411,4890462,38228935,17104783
276,000788,2017-09-21,-0.009737098344693274,-0.006815968841285325,0.4678412861987948,10240.0,53137.71380164121,481,8698511,5539799,308924,347678,1886493,1783892,1938731,1324064,1545808,1401021,718005,683144,2300550,0,0,0,0,0
277,000789,2017-09-21,0.02721893491124261,0.031952662721893565,0.17066224076544045,35520.0,419116.91357271426,2461,130187039,230543142,1700834,1453106,8323063,8858402,11453020,12855154,19032823,22043651,12330045,12257706,11381668,14169747,10104808,14994922,55860778,143910454
278,000790,2017-09-21,-0.021674876847290747,-0.017733990147783207,0.5554902031198737,14955.0,92044.29140612358,333,8772964,4069461,335585,168699,1803021,1128946,1737936,549269,1828026,917547,800390,300000,1268006,0,0,0,1000000,1005000
279,000791,2017-09-21,-0.009685230024213065,-0.008474576271186529,0.2230806375822813,8230.0,87690.05896432116,1371,31084566,12907922,1371015,1257160,6834818,4139419,5672117,2219857,3947603,2581222,2795972,737022,1308228,363000,2251397,403602,6903416,1206640
280,000792,2017-09-21,-0.03781297904956571,-0.05518650996423102,0.32709629960286396,448260.0,3610373.398293592,3595,2190011422,1855782494,95873,114433,2133835,3639992,6679611,12194136,28204003,38078936,37180562,51461298,35240006,53904323,47671089,46287111,2032806443,1650102265
281,000793,2017-09-21,-0.014354066985645786,-0.009569377990430561,0.32647664568739176,17629.0,187059.884237533,1024,45120517,26213354,692429,489840,4710383,3963621,2572632,4897796,5994733,5865510,4504604,3278320,4414929,2092110,1796822,1761281,20433985,3864876
282,000795,2017-09-21,-0.04176610978520301,-0.02505966587112185,0.15095173501146392,38110.5,243106.1621495259,3088,183966107,114783431,1458842,1742223,15186713,16902501,16736902,18999071,31480257,28360011,19854426,14626731,11535888,8444010,13218197,9769987,74494882,15938897
283,000798,2017-09-21,-0.015321756894790428,-0.006128702757916105,0.40730126345151535,10703.0,37241.86091294118,577,8097064,4550641,697191,681730,3527889,2302668,1295207,1195915,612260,108225,1293753,262103,670764,0,0,0,0,0
284,000799,2017-09-21,-0.033715676051442434,-0.019464720194647178,0.525424156267,39410.0,208612.28992792778,3000,172626954,126279541,1709902,1151377,14371832,12105836,19603006,18062249,26685382,25592667,25156864,15562671,16332674,11731978,10653269,7717004,58114025,34355759
285,000800,2017-09-21,0.02763385146804831,0.03886010362694292,0.21528419573957713,56165.0,396494.1665637599,2899,206360829,290969113,921769,1340755,11175656,11415394,12964370,15368517,30085836,34208159,28999604,24260676,15754951,18948722,9824971,18472604,96633672,166954286
286,000801,2017-09-21,-0.00974421437271622,-0.006090133982947665,0.249690286786862,12285.0,109522.87758577106,1081,32273596,13992961,1279141,1121088,5701691,3607457,4470237,2679940,4589893,2953414,2552797,259939,3160462,1280153,3050351,829018,7469024,1261952
287,000802,2017-09-21,0.013150029886431547,0.016138673042438656,0.32708002162408806,39606.0,204763.35125094448,2617,137223837,146240983,1269693,1282692,10571292,11745164,14340139,15659783,21574765,24365016,19395944,20042068,13014713,16021155,13471404,8645734,43585887,48479371
288,000807,2017-09-21,-0.04024767801857576,-0.038390092879256876,0.273898835944815,156604.0,1061976.858226465,3485,797816605,701831018,323028,546675,8530083,8545246,18399155,19228372,47931923,45195216,36074973,49424039,32171810,35024249,33320553,32197014,621065080,511670207
289,000809,2017-09-21,0.014669926650366927,0.017114914425427896,0.13311127220927474,15503.0,138653.0248331003,945,17885871,31246476,635273,793410,3877003,3958889,2505595,4446277,4547698,6038645,1772460,5258684,958109,2415856,1711570,2232090,1878163,6102625
290,000810,2017-09-21,-0.013973799126637543,-0.008733624454148492,0.3331200414638022,13662.0,138388.26430291653,1182,31764654,24261207,945389,853548,6424106,4988011,4113078,2930026,6657883,3559729,3417210,789032,1435361,1054418,3637050,1827862,5134577,8258581
291,000811,2017-09-21,0.0020263424518744966,-0.010131712259371817,0.28196942845621287,20622.0,223805.27532972177,1225,40961948,27033333,751289,1580164,9758935,6912210,4330912,4304947,2646949,4160702,1799638,2039581,2800198,1444993,1402182,2402044,17471845,4188692
292,000812,2017-09-21,-0.019015659955257225,-0.016778523489932917,0.2971137872023273,14063.0,128873.54332893048,905,26368305,13271360,964942,1050600,4104675,3825301,4684286,2635191,3386152,1547965,2496848,1476858,3180635,1001335,886647,444500,6664120,1289610
293,000813,2017-09-21,-0.008433734939759074,-0.001204819277108582,0.28723041656820303,3320.0,32097.842780475403,835,6475025,4927861,595799,1187789,2382040,2132031,1221749,957013,1401241,651028,0,0,317625,0,0,0,556571,0
294,000815,2017-09-21,-0.02695763799743256,-0.021181001283697043,0.4873844323227975,18360.0,78554.96431431564,1022,23293727,17894031,727717,848400,5534725,5070219,5470767,5784825,5137231,1928371,1720745,1636986,2744916,337176,840026,430375,1117600,1857679
295,000816,2017-09-21,-0.0028776978417266452,-0.0028776978417266452,0.17497757975230838,21030.0,177897.37281066834,1579,59027387,49191120,718521,729944,12037273,5476519,9885183,6365738,6427682,7720842,4929168,5511948,4234861,6663442,2634006,4358139,18160693,12364548
296,000818,2017-09-21,-0.01660839160839156,-0.013986013986013957,0.33878745115869335,13620.0,110178.44986506205,1141,34267015,20530286,918538,870056,5635165,5169870,4722231,2873988,5396528,3677075,3710345,2009996,4189669,1774005,2572019,1782246,7122520,2373050
297,000819,2017-09-21,-0.009476031215161718,-0.0016722408026756952,0.6890897940599486,14488.0,46881.69408760383,677,12247332,7354785,441297,743296,4253949,2822499,2624631,1805095,2665848,1099399,1388607,534394,360000,350102,0,0,513000,0
298,000821,2017-09-21,0.008941877794336861,0.015648286140089507,0.3546575257402541,20227.5,125424.21526035432,1432,42088216,45867542,1159805,766511,7135005,6385403,7135268,6264415,9347944,7743349,4642073,5384600,3107249,4375859,2139496,4328968,7421376,10618437
299,000822,2017-09-21,-0.03950617283950619,-0.032098765432098775,0.23843867830872045,32643.0,255159.81344918752,2600,148960309,109365522,1030939,1357956,10686568,15156051,12886665,16248900,18049761,20997138,17193209,12217550,13566976,6178143,7750386,5509971,67795805,31699813
300,000823,2017-09-21,-0.00068493150684934,-0.019863013698630083,0.3173899897331451,29480.0,133049.7235975427,2117,87095196,69242601,1491729,938857,11373045,6281776,19345378,9745443,14120362,12934198,8468638,13203497,5599875,8595242,7094171,1374843,19601998,16168745
301,000825,2017-09-21,-0.009596928982725461,-0.0038387715930900956,0.10130626046371313,25750.0,426192.5079231335,2655,154665000,166649146,1430891,1530617,10455732,12077562,12804787,13144740,18221213,15271216,12024071,9310871,7585025,8797265,8614242,5650945,83529039,100865930
302,000826,2017-09-21,-0.01317633865993828,-0.008130081300812941,0.7973579061341385,39050.0,233668.41009102107,2001,120524880,90544454,843145,544992,11275211,9281203,11227223,10551545,21463583,19393243,15057205,10821169,10088716,9839320,5560732,4812943,45009065,25300039
303,000828,2017-09-21,0.012658227848101333,0.015031645569620222,0.3491060176979522,25920.0,268106.92577468103,1311,63483621,69681125,560755,605142,5533738,6293798,5928205,6823453,9719169,10361061,8311592,5350497,3481687,3453521,2271823,6311397,27676652,30482256
304,000829,2017-09-21,-0.009310986964618184,-0.004655493482309203,0.3318576031098555,7476.0,67274.42948673914,1047,17165680,10302557,1097161,965642,3779617,3098638,3386911,2889591,2691939,1649741,919616,0,988912,684800,1325516,459885,2976008,554260
305,000830,2017-09-21,-0.01011122345803861,0.006066734074822833,0.1802525070150564,51918.0,361943.8659062561,3015,219440074,253424211,940207,1299250,11009744,12971478,14767890,18209750,28563323,35315226,30432241,28876369,15116211,22616849,13813922,14137031,104796536,119998258
306,000831,2017-09-21,-0.03614457831325313,-0.034337349397590367,0.29533589036832114,60605.0,375045.7921341106,3163,303197069,233917600,867922,1499115,10546973,14695187,18684527,21476427,36748996,32645687,34000045,22933294,20147788,22780743,14442022,10908612,167758796,106978535
307,000833,2017-09-21,-0.02211874272409775,-0.013969732246798539,0.24142813737290403,17000.0,99596.9989945463,1266,32918146,22324446,991929,1384091,5672282,6205049,6894101,5016888,6390543,5482458,3038116,2363316,1380331,0,829143,438404,7721701,1434240
308,000835,2017-09-21,-0.01621073961499475,-0.00405268490374866,0.3492376429729131,11784.0,57996.45027991993,798,13935436,10017540,955523,915201,3658877,2917059,3271014,2571143,1880121,2124519,1887657,238853,645766,302764,949078,416232,687400,531769
309,000837,2017-09-21,-0.015544041450777257,-0.005181347150259086,0.2806605515121551,13374.5,72764.94962051969,756,15713664,12032296,773400,691017,3282844,2873363,3472239,2725231,3244657,2254875,1511711,1432860,1299450,2054950,411180,0,1718183,0
310,000839,2017-09-21,-0.044166666666666576,-0.032500000000000084,0.202676603509986,157680.0,1139927.4498748777,3510,862574492,701219676,423712,468780,7973379,9149586,17902776,19450177,45747519,45325492,42519601,51689148,40626587,40685678,45038774,43778204,662342144,490672611
311,000848,2017-09-21,-0.007345225603357708,-0.0041972717733472775,0.24830499307833204,9530.0,113690.97316481917,1473,34833102,21396777,1868216,1065238,6480208,4953429,4856399,3745256,5349567,4217838,2939609,2545366,1376928,1053729,1413642,444584,10548533,3371337
312,000850,2017-09-21,-0.005504587155963359,-0.0018348623853210455,0.24959727466422368,10364.5,95374.14160262803,476,11232968,8596454,639161,313176,1484455,1397618,2003297,1496152,1887154,1884602,1425579,1701980,380800,350980,442272,928746,2970250,523200
313,000851,2017-09-21,-0.026050420168067245,-0.01680672268907568,0.2768733176926751,17625.0,174643.4703923145,1848,84928044,45363778,1117412,753429,12404666,6027076,8696408,5434108,12478824,10650256,8351281,5858926,7293898,3787959,3526801,3481730,31058754,9370294
314,000852,2017-09-21,0.03131524008350728,0.0347947112038971,0.28258184019456317,43470.0,302368.5911977441,2588,137215435,202922478,1046283,1068317,12107559,11915589,16165777,15343684,22820115,21246701,16597531,15746441,10053589,14470345,6573971,14112215,51850610,109019186
315,000856,2017-09-21,-0.007775524002704426,0.005747126436781658,0.522461100102144,89910.0,582607.7761326154,3210,371205109,401632834,676130,1040351,8500096,13448126,13255956,20182329,34428333,35374973,25877866,34784213,30491480,24659618,26610109,26963363,231365139,245179861
316,000858,2017-09-21,-0.014503006720905542,-0.011142553944110456,0.9781955800859832,67116.0,413044.9322032208,3342,350079526,276948340,281948,324255,15682520,12199835,27218158,18001674,46518652,31526426,26206089,29731849,22987758,21760548,17678676,15089147,193505725,148314606
317,000859,2017-09-21,-0.015151515151515138,-0.011363636363636465,0.1778975175132162,13676.0,111048.14360686015,881,28929018,13001437,596472,580818,3447056,3895047,2710049,3682151,5241931,2384524,2511369,960789,2795762,1075708,1263115,422400,10363264,0
318,000860,2017-09-21,-0.017928286852589626,-0.01245019920318724,0.4373417625338451,23760.0,125501.74157277765,2108,77327978,52384726,2606801,1278492,8490626,11609736,11621156,8256081,16953468,11307400,9626155,5563577,5608062,4523180,5802123,4011816,16619587,5834444
319,000861,2017-09-21,-0.007751937984496138,-0.0051679586563307955,0.124711800389064,8912.5,61513.3036861541,964,16971789,12655380,915766,832694,4688250,3016310,3058113,1797779,4365909,2716381,1395722,2056816,1043952,1728284,846177,0,657900,507116
320,000863,2017-09-21,-0.010958904109588996,-0.006849315068493178,0.3389705354973553,9451.0,51842.90215363167,463,7710960,4220871,424510,568443,2200281,1316010,1510608,1158949,1938377,959369,230142,218100,312180,0,455102,0,639760,0
321,000869,2017-09-21,0.005069370330843315,-0.0026680896478120664,0.9640012799851725,30004.0,158282.90117473685,1512,66891979,48365947,939192,697330,8767136,7438115,7937625,7298448,12081437,9684113,7531378,7322765,6666267,4667165,2632418,3098553,20336526,8159458
322,000875,2017-09-21,-0.007920792079207928,-0.003960396039603853,0.18487799246291728,10080.0,129386.30650424756,746,15838923,8808651,741608,396754,3558532,3788892,2053913,655507,2387279,1058785,1891571,803916,345240,607413,0,0,4860780,1497384
323,000876,2017-09-21,0.0026990553306343035,0.005398110661268607,0.19080332950322154,14840.0,183493.54162752358,1509,35816019,47676373,1191435,1434899,6282598,7137744,6586127,6853710,4756317,5691292,4224733,3739211,2079115,3898946,3201681,2320609,7494013,16599962
324,000877,2017-09-21,-0.010333863275039823,-0.0031796502384738856,0.2445141422666279,25400.0,148526.8953644414,2648,100375344,101083690,1328566,1418698,13644217,12564830,11505200,12749506,21528540,20214780,12926345,13445756,8092810,12334581,4419252,7585256,26930414,20770283
325,000878,2017-09-21,-0.029054054054054146,-0.020270270270270285,0.2870008375911033,42282.0,408951.6392665028,2661,211920239,150628668,1039125,1101176,12588886,12601834,13931130,14127381,33459702,22456170,15162677,15542024,13867300,11862138,11482242,9049332,110389177,63888613
326,000880,2017-09-21,-0.016593886462882068,-0.008733624454148492,0.4481521698021278,7983.5,86343.30575173287,652,11951739,7073325,1148537,405908,2446158,2603766,2037460,1164805,2999729,626975,704435,421994,339600,665612,0,0,2275820,1184265
327,000881,2017-09-21,-0.007897934386391414,-0.005467800729040073,0.44895887533852646,3276.0,44677.37623822915,1344,15919218,8925458,1449611,938664,4670735,3919662,2347623,1422661,3418729,1460875,1219637,211689,1690587,971907,0,0,1122296,0
328,000882,2017-09-21,-0.008130081300812941,-0.0027100271002709064,0.13363087161281056,11010.0,146179.89071949435,763,20917095,11362289,701246,645670,3702002,3053334,2744717,1439590,3848885,1338970,1628116,754338,1049886,611939,0,0,7242243,3518448
329,000883,2017-09-21,0.0,-0.0019762845849802257,0.14826332623909919,5577.0,156724.00805092935,1166,27221944,10303972,679068,1641667,4119633,2155665,3293806,1829922,1812264,1544752,2337198,1186054,2013880,0,2839692,0,10126403,1945912
330,000885,2017-09-21,0.004948045522018774,0.010885700148441257,0.4050865719075699,36864.0,177755.08701492185,2490,122877068,112983594,914481,982201,12959348,11074124,12996874,12632875,23555515,21167819,18650575,15537477,10194173,13518182,7546192,9460211,36059910,28610705
331,000886,2017-09-21,-0.004511278195488799,0.0,0.2045880145023386,15284.0,168016.98157398376,1057,31050693,25180946,932494,837016,4416056,4002641,4980185,4132428,5967999,4815996,2586120,2446487,2396361,1634277,1270149,1233921,8501329,6078180
332,000887,2017-09-21,-0.0163018164881229,-0.012109920819748377,0.524907189216021,25428.0,229304.75396153762,1673,95005538,50952830,805801,878457,9700056,7750935,10417519,6163725,12348416,7305551,11592866,6294889,2782234,2499112,6057525,3880613,41301121,16179548
333,000888,2017-09-21,-0.0025706940874035134,-0.001713796058269046,0.3577043309797776,13998.0,127974.14621026952,1064,29156314,18400149,943986,569031,5552684,4096057,3143192,2255332,5006973,4245971,3252613,1227848,1759903,1742445,1714957,882914,7782006,3380551
334,000890,2017-09-21,-0.01597051597051602,-0.012285012285012442,0.2475422240123215,8855.0,74155.51732650364,1081,19670186,8671615,1167307,1118528,5184810,3492026,3733888,2102778,3013838,976026,1621027,283031,378683,0,818912,0,3751721,699226
335,000892,2017-09-21,-0.006188118811881305,-0.0024752475247524774,0.3540427777282549,11277.0,115808.54028600984,520,12970733,8429082,518048,541395,2346486,2372347,1396742,1885686,1957644,883333,1252323,1251771,347386,688745,480791,0,4671313,805805
336,000893,2017-09-21,-0.036310107948969494,-0.023552502453385693,0.23728953059662825,16957.5,115153.36121825442,1846,45617521,34476923,1737379,1746128,9309590,8276020,8373780,6292702,10391653,8687021,3797770,1992997,2001271,1069931,2670197,473619,7335881,5938505
337,000895,2017-09-21,0.0021177467174926523,0.0016941973739941218,0.4880593322436555,16453.5,129373.00741269717,2342,52472182,61671832,1511761,2636174,10632543,10349891,12857289,9016597,9004781,8982613,3861327,6804715,1776313,3994272,2189517,914080,10638651,18973490
338,000897,2017-09-21,-0.017857142857142905,-0.008928571428571397,0.1292189242350337,10212.0,96629.95175322288,1204,27593755,15754551,1378706,1037929,6025207,4056218,4297281,3435857,3537038,2393788,3436632,1763073,1415115,332286,1260118,457905,6243658,2277495
339,000898,2017-09-21,-0.020467836257309857,-0.01023391812865504,0.13935273755709623,20430.0,267497.22944209253,2414,130499845,87919839,1824904,1122271,9280362,6748330,13223926,15335356,14311091,13365930,8921397,9523130,12158711,5111562,9048955,6745960,61730499,29967300
340,000899,2017-09-21,-0.004048582995951455,-0.0013495276653171517,0.3321147983191008,11175.0,60722.073690841564,497,7767431,7635123,397786,619259,2060318,2964343,2020237,1653101,1041475,1263748,739994,250728,300510,384648,430375,499296,776736,0
341,000900,2017-09-21,-0.0016313213703099683,-0.0016313213703099683,0.20975323515733468,6130.0,71264.71673141695,854,14607844,8687663,538641,1914490,2875979,2248178,1936990,1408168,2362416,1428102,1508639,454233,306000,615580,980000,0,4099179,618912
342,000901,2017-09-21,-0.018803418803418848,-0.009914529914529902,0.8012214582714094,18902.5,151960.01028625647,1332,44089402,25278610,970388,1061714,7725143,5445294,6025860,4564559,10391243,6293977,3305092,3189425,2340564,1876082,2268506,482064,11062606,2365495
343,000902,2017-09-21,0.010060362173038184,0.006036217303823088,0.2642248863099729,10978.0,147170.3562654529,1415,38613330,33329336,2101301,495870,7196026,3761551,6121202,3388956,7366800,4020961,3969592,4420161,2090364,1546313,999000,2921920,8769045,12773604
344,000903,2017-09-21,-0.01225490196078427,-0.004901960784313819,0.09941582065812193,6901.0,141822.46408505572,1689,34185093,14153871,2647451,882091,8606802,3159102,4807179,1874332,5160201,2018979,2972539,1312168,1414589,0,1271790,0,7304542,4907199
345,000905,2017-09-21,0.00216294160057684,0.008651766402307137,0.33432733628587347,20880.0,128523.90073925254,1721,40949260,53231852,1315815,1363786,9126098,9406875,7201444,7408119,9977934,8141936,3739517,6008580,2505078,3043445,2168436,4265163,4914938,13593948
346,000906,2017-09-21,-0.008421052631578996,-0.001052631578947305,0.3623106505450452,9480.0,64958.79406433334,687,11372027,7591676,403146,1599268,2129152,2649804,2041950,1250685,1919527,1458247,570090,282384,1429289,351288,943184,0,1935689,0
347,000908,2017-09-21,-0.007936507936507908,0.0,0.3564452969753766,12048.0,173598.26618491573,449,8764563,9616592,421246,361176,2932507,1583398,1517031,892819,1158334,252330,976911,250040,668745,0,0,1383241,1089789,4893588
348,000909,2017-09-21,-0.008082292432035176,-0.004408523144746379,0.4040960834385323,14982.0,60534.71929496662,1134,22203032,17081482,968360,897001,6982788,5157818,4774970,3300817,4993242,3006922,2124955,2477441,743875,1042227,456578,441920,1158264,757336
349,000910,2017-09-21,-0.007012622720897754,-0.006077606358111165,0.5078099366259657,8512.0,102553.92013636773,1777,28811533,15505553,3376990,1504517,7570889,3863737,2569311,1218645,2959644,696261,4011349,1263975,321630,1048114,2145334,0,5856386,5910304
350,000911,2017-09-21,-0.01794453507340954,-0.011419249592169667,0.36807953742679617,12250.0,105530.04970634698,1109,31452443,13918954,901297,1065400,5557062,5048324,4612803,3179308,4397751,1811404,3816938,1720418,1277745,365100,2700614,0,8188233,729000
351,000912,2017-09-21,-0.010309278350515427,-0.00412371134020606,0.22018968125817895,16405.0,78361.20483004463,1942,49332173,28558099,1963354,1858382,10446345,7726502,10526940,6664050,11317231,7612981,4339468,2082198,2853497,1088061,1861995,937260,6023343,588665
352,000915,2017-09-21,0.0008797653958945162,0.008211143695014744,1.0683553796456409,24683.5,180426.89452147108,1018,31648843,37186337,543401,451632,5448493,5217459,5327775,4554061,6322541,5124320,4623111,3561923,3372233,3190056,2684567,1325803,3326722,13761083
353,000917,2017-09-21,-0.020018198362147466,-0.010919017288444133,0.3148478025869721,17560.0,190985.27357687877,1218,56853611,24875601,888372,733057,5768762,5193023,5090365,4187817,9455578,4402872,6714371,3233280,2791109,732659,855524,944943,25289530,5447950
354,000918,2017-09-21,0.005633802816901401,-0.0028169014084505895,0.24178197865378162,11673.0,100071.68563663616,862,19442146,17064247,776921,800796,3731190,3105393,2876685,2660552,5120510,2870804,1763343,1900795,2146990,1037418,1293838,904960,1732669,3783529
355,000919,2017-09-21,-0.0018709073900841089,-0.004677268475210328,0.3787187088164056,10670.0,75677.18457961439,796,20077624,6810026,928610,381945,4498207,1577707,2437735,1675338,2894080,1578694,1910782,202920,2960101,313698,2745273,497688,1702836,582036
356,000920,2017-09-21,-0.011594202898550732,-0.0014492753623189802,0.25147892718858206,47530.0,2096326.3176997153,3017,338197116,423420073,2070423,1337900,10069873,13133871,13268584,18976130,20887471,31449908,19827487,25291359,14486044,17175929,18907943,20312796,238679291,295742180
357,000921,2017-09-21,0.013929618768328433,0.021994134897360684,0.28011837720936117,31153.0,239460.8466867859,2372,92292189,125769655,1518479,1051091,12975457,10065047,12633328,12335332,20930914,20247601,14446522,11992919,8883590,6619396,4755016,7965933,16148883,55492336
358,000922,2017-09-21,-0.02494061757719701,-0.019002375296912177,0.26816104961485965,19274.0,110097.38114031643,986,27666101,15911954,695305,739316,6453158,4348198,6826160,2896995,4165170,3582955,2031907,1523352,2086614,0,1819950,0,3587837,2821138
359,000923,2017-09-21,-0.019736842105263164,-0.012119113573407114,0.7251135858301306,23008.0,101703.98299236393,1586,48833834,33947171,918646,1151393,9088191,8749205,8599340,6867667,10627731,6314952,5884746,3823216,2076793,1737873,3139969,1734056,8498418,3568809
360,000925,2017-09-21,0.010989010989011172,0.011567379988432602,0.7067280126741761,12141.5,143216.6178614003,598,11656526,11762459,897979,319348,3394599,1661945,1565714,1074807,2589594,2595190,297733,1279850,661528,635995,499379,0,1750000,4195324
361,000926,2017-09-21,-0.023219814241486114,-0.01934984520123839,0.30532853275332,12840.0,212389.13258517213,1792,77585008,43704518,1169007,1919102,6297628,8267956,5993987,5066720,9678048,5721832,5448858,4906985,3530429,2142187,3119973,2147354,42347078,13532382
362,000928,2017-09-21,-0.02611534276387384,-0.02611534276387384,0.18455920046681862,35900.0,479231.38280283404,2484,168932920,171894221,1286990,1945666,8540084,12707537,12225640,14363066,18344802,18968489,11312305,17397201,12517278,14166042,7251809,13790712,97454012,78555508
363,000929,2017-09-21,-0.01187824795842618,-0.005939123979213035,0.63863750126887,8037.0,36593.04779109717,444,6019591,2416263,444427,427831,1888988,1332587,1050725,309669,1283791,346176,1037700,0,313960,0,0,0,0,0
364,000930,2017-09-21,-0.03561643835616435,-0.017123287671232834,0.2540309628091932,90468.0,558890.5068791304,3307,435563395,313356003,682696,697491,11484545,10974788,19849720,20325338,44037570,40095231,37116859,34419056,39039402,22802120,26904777,21303280,256447826,162738699
365,000931,2017-09-21,0.0013003901170349774,0.005201560468140354,0.21420852928104264,15480.0,73345.137993888,1289,23082930,24510708,1317064,1062022,6153367,6520485,5096846,3771732,4657953,4154414,2890864,2640979,1415688,1068280,908785,859510,642363,4433286
366,000932,2017-09-21,-0.03295454545454557,-0.005681818181818232,0.1617762143073597,33478.0,303770.5343610117,2969,154373445,131704927,2145653,935743,21490417,10187471,23930702,12800680,26618288,14138531,11674344,11570603,11538886,11082697,7944701,5790652,49030454,65198550
367,000933,2017-09-21,-0.04483007953723783,-0.03904555314533631,0.23942508575225055,71079.0,427177.75077475765,3342,365892401,270556360,886420,962918,11755743,13751744,20180750,21741656,43227220,38125080,32333202,35623406,21551682,22269595,23372851,19772161,212584533,118309800
368,000935,2017-09-21,-0.03564277132559068,-0.012414897877452868,0.43785563033592734,59304.0,211942.71415014754,3254,205445452,172048043,962632,1055051,13612711,14626585,23826434,24327947,43554327,39339007,31099980,25312293,21683703,15672833,10750343,14346618,59955322,37367709
369,000936,2017-09-21,-0.013586956521739246,-0.006793478260869623,0.3086163531785321,14680.0,113406.9626774612,568,14405130,4914361,551650,494759,4918919,1488478,2731085,1173550,1916658,1036077,717174,721497,1056254,0,0,0,2513390,0
370,000937,2017-09-21,-0.016973125884017004,-0.011315417256011373,0.15519088026035444,15422.0,171095.73993805383,2078,83395603,54152222,1484134,1738558,9494250,8352671,7986122,6338671,12861190,9985929,7867313,5142328,5561632,6112889,5669266,2208375,32471696,14272801
371,000938,2017-09-21,-0.020000000000000018,-0.021333333333333315,1.2497533067085855,41744.5,282921.1489658613,2306,162048393,113937389,1354354,556908,10586663,10377673,13378733,10096416,25098745,21841617,17734845,14338617,14227617,10851071,10634934,4452100,69032502,41422987
372,000939,2017-09-21,-0.01748251748251739,-0.022727272727272707,0.12276807824688646,22400.0,347399.4366381084,2177,92730342,112244917,954192,1583694,6075473,11117994,7394259,10991023,19430952,19355098,10506513,14944867,5423563,8850037,5316805,6344405,37628585,39057799
373,000948,2017-09-21,-0.016826923076923128,-0.0064102564102563875,0.35907939135773004,12435.0,76739.32084561241,1208,22099605,15362535,1735383,788216,5670340,4609477,4313434,2553508,3158599,3524284,1439843,1665695,1071033,1047745,942462,446590,3768511,727020
374,000949,2017-09-21,-0.008695652173913104,-0.008695652173913104,0.19192303106638112,10293.0,115522.52428073935,574,12423275,6592376,520494,549625,3193116,2033304,1977256,1015433,1023705,843709,1690521,251807,761547,0,433236,0,2823400,1898498
375,000951,2017-09-21,-0.007262569832402144,-0.0016759776536311444,0.43206707091299934,9045.0,82796.83341048194,1717,26537107,28342742,1501126,2392091,6564295,6458133,5673134,5608305,4970655,3122524,1836536,3275461,3415018,2121323,0,451000,2576343,4913905
376,000952,2017-09-21,0.010493827160493963,0.0160493827160495,0.3997998883010004,28475.0,185071.1106708818,1642,66121376,67272878,1379536,769746,9916368,5548384,11585707,6647688,14365479,12122495,7344018,6703381,7191138,6333686,3570215,3128888,10768915,26018610
377,000955,2017-09-21,-0.013595166163141936,-0.007552870090634434,0.32550569524343614,18396.0,54419.73045805564,413,9110336,4735424,343824,168828,2787757,2365112,1272491,669583,2238564,867301,1158447,265600,1309253,399000,0,0,0,0
378,000957,2017-09-21,-0.012499999999999956,-0.017105263157894735,0.267300863882749,77636.0,435627.4019635538,3244,300435139,295338425,877866,961740,12776577,10986912,19782457,20158319,37521167,40460259,33001126,25701541,31770582,26000937,15744009,20164902,148961355,150903815
379,000958,2017-09-21,-0.01985111662531014,-0.01488833746898266,0.16795987693248168,23258.0,151045.02157616895,2305,90342035,56860984,1957994,1640305,13479207,10435951,13270989,9408289,15505932,9510923,8423112,6578396,8901491,7000640,2776705,3935900,26026605,8350580
380,000959,2017-09-21,0.0028248587570620654,0.004237288135593209,0.17231900291653746,12070.0,81836.29008109732,1690,27707776,30742858,1540280,2146602,8473198,6324809,4815214,3635790,4245170,4358017,1856838,3870151,2681661,3104011,1416166,2615882,2679249,4687596
381,000960,2017-09-21,-0.03203074951953877,-0.024983984625240208,0.279103606068579,53620.0,393959.25189987116,3131,310446622,195748036,1467747,885861,14765430,11491846,22668964,14285810,33906073,29034975,25028002,19297137,24544358,15990026,22236780,17449490,165829268,87312891
382,000961,2017-09-21,-0.023357664233576547,-0.020437956204379493,0.13884759688109594,23835.0,293528.4603745979,2439,143886347,102019841,1160841,1677597,10042910,10098240,12029966,13221915,15891719,18593247,10946678,9870052,9469553,9822924,6565234,3936282,77779446,34799584
383,000962,2017-09-21,-0.056374674761491606,-0.046834345186470006,0.24086977215317154,38675.0,396990.47282538,2296,139396339,126381385,663214,1698223,6442790,10567371,11033836,14745542,21002390,21978288,17978954,13721038,13844608,11481305,9453108,8970395,58977439,43219223
384,000963,2017-09-21,0.004529767040552191,-0.0010785159620362306,1.323676605552448,23105.0,100276.28799514525,1226,34030160,23808748,1460654,1230049,7668980,5174996,5838709,4457255,5302210,4072993,3411284,2150821,1401047,729992,3660487,1369517,5286789,4623125
385,000965,2017-09-21,-0.021052631578947323,-0.014473684210526194,0.21245453888140067,15750.0,147920.5759946252,1280,48571002,23126032,1362734,1002317,6821326,4934326,5400197,4771273,6234202,4699669,5567735,2093720,3123427,1707946,1332699,1823330,18728682,2093451
386,000966,2017-09-21,0.0020618556701033075,0.004123711340206171,0.16222092204555363,10227.0,99352.03144769883,894,13409554,18361381,691919,1094717,3674371,3976951,2270299,2560668,2073020,3971483,1482953,3064140,646256,1375869,486000,0,2084736,2317553
387,000967,2017-09-21,-0.01120162932790214,-0.006109979633401319,0.3191778962475999,14692.0,103172.4529039046,946,23363123,16444025,1089450,1229377,4059630,4155045,4754643,4041178,2956604,3684458,1957528,1440947,309290,980809,870840,912211,7365138,0
388,000968,2017-09-21,-0.030618892508143203,-0.015635179153094425,0.5483614436486636,15330.0,84672.78106321784,783,17161011,13124110,664647,523363,2755336,6822639,3059562,2359577,2316008,1702232,1936625,1090346,1475065,0,459000,0,4494768,625953
