,code,date,pchange_whole,pchange,change_std,amount_median,amount_std,length,sumsell,sumbuy,sell_vol_0,buy_vol_0,sell_vol_1,buy_vol_1,sell_vol_2,buy_vol_2,sell_vol_3,buy_vol_3,sell_vol_4,buy_vol_4,sell_vol_5,buy_vol_5,sell_vol_6,buy_vol_6,sell_vol_7,buy_vol_7
0,000001,2018-01-19,0.0,0.0060810810810809635,0.2470541827931976,335552.0,1609759.0347965646,3597,1526141631,1512916485,58007,105518,4500683,4278260,12732458,12443858,46401399,38284769,50766353,44564444,50859835,42637580,49979197,42327040,1310843699,1328275016
1,000002,2018-01-19,-0.010790464240903352,0.0032622333751566313,0.6701473980842705,205479.0,975292.5940048846,3540,773425181,920484525,184442,421965,5734644,7354997,14480673,18338218,42777565,46279245,46022006,50736053,44481840,43562758,40646925,42552055,579097086,711239234
2,000004,2018-01-19,0.0,-0.004182156133828996,1.2772144581435996,10725.0,55727.73839058971,283,4190148,2992782,271142,155136,1319129,931585,757336,423188,1229931,545022,0,0,612610,331551,0,0,0,606300
3,000005,2018-01-19,-0.007075471698113289,-0.002358490566037652,0.18256319476711066,4260.0,28181.40128792277,539,3264592,3695097,615696,612387,1559926,1804073,423878,501993,391188,345958,273904,0,0,0,0,430686,0,0
4,000008,2018-01-19,-0.015531660692950866,-0.03345280764635594,0.21871331076660977,9031.0,96036.00228854646,1465,36410454,16831976,1139851,2090687,4475348,5581962,8411872,2743433,4572208,1936472,3703699,967878,4066578,377232,3097537,880886,6943361,2253426
5,000009,2018-01-19,0.0,0.001474926253687281,0.17323148992117648,10848.0,110638.15773798365,1533,36577523,25882686,1411142,1389352,6707946,5608319,5418291,3256480,5161407,3366455,3700365,2074651,2403048,1091439,2127920,3432343,9647404,5663647
6,000010,2018-01-19,-0.02007299270072993,-0.014598540145985384,0.15014820496903622,10910.0,113089.83041585391,1334,26680220,28461560,1186425,1042565,5930096,4483703,4291339,3136730,5103399,5124557,3053624,2636342,2363333,2022592,1753806,900658,2998198,9114413
7,000011,2018-01-19,-0.01327433628318575,-0.006637168141592764,0.416835535253997,17980.0,83537.68327288884,1882,44687299,34568486,1244295,1499555,9755806,8340028,10251557,7041946,10326783,7936198,2931346,3330494,4473948,2679868,1800699,1785077,3902865,1955320
8,000012,2018-01-19,0.006666666666666821,0.016666666666666607,0.17385744972601644,44550.0,542454.8771317261,2685,183830086,214495952,1630139,1449635,11830229,9974739,18331061,13467469,25487625,24999915,18668043,14300295,17256575,15665208,14694308,11057466,75932106,123581225
9,000014,2018-01-19,-0.04789135096497499,-0.02501786990707644,0.30764911657680444,19222.0,73350.89273914062,2071,49337397,41632633,1508295,1623566,10335986,9796731,10686103,8251865,12341832,10712188,6227568,3826529,3439616,3508684,3097997,2145503,1700000,1767567
10,000016,2018-01-19,-0.019145802650957222,-0.020618556701030855,0.16910897002911723,20190.0,250307.45866786528,1615,62387450,65176759,1259145,822997,8511998,5283250,9597266,5643352,11210362,7338877,6451297,5403282,6280529,5833658,3554080,3678061,15522773,31173282
11,000017,2018-01-19,0.0066006600660066805,0.0,0.36885979767099747,6060.0,30231.352125936017,269,2411019,1922111,299246,282724,1087165,572104,450607,598127,291605,469156,282396,0,0,0,0,0,0,0
12,000018,2018-01-19,-0.006399999999999961,-0.008000000000000007,0.20143226271591527,6240.0,67268.0157978855,963,16286061,10744423,918912,748581,3781479,1986472,4049967,2427462,2593427,2642649,1189168,2632251,311500,307008,0,0,3441608,0
13,000020,2018-01-19,-0.0021171489061396764,-0.0021171489061396764,0.7448496300914876,9919.0,31268.654814432703,361,4994876,2492250,331498,375249,1693689,1055931,1974830,529600,741753,531470,253106,0,0,0,0,0,0,0
14,000021,2018-01-19,0.0,0.005076142131979822,0.1754034596282654,53136.0,281584.9528424822,3159,206163484,218572373,1692928,1390564,12201115,13189315,18512337,21412891,33092817,33444988,28937700,24531439,24591264,21128331,11565037,17179906,75570286,86294939
15,000023,2018-01-19,-0.016674840608141284,-0.010789602746444249,0.9488330631878847,10045.0,33646.22128049129,461,4608518,4886704,416858,378347,2156513,1496406,1128467,1314802,441348,1242449,465332,454700,0,0,0,0,0,0
16,000026,2018-01-19,0.002830188679245449,0.002830188679245449,0.481908627643513,10730.0,62530.377639250255,483,7505157,7842771,256823,492739,1932796,2418103,1765408,1392486,815454,2186985,448320,715122,1260956,0,479532,0,545868,637336
17,000027,2018-01-19,0.0,0.0016366612111291534,0.18138964443685576,4888.0,77299.16625095277,1135,9997414,11570645,602303,1439882,3420326,3220897,790082,1882609,1652729,1743572,921084,514293,0,324441,0,0,2610890,2444951
18,000028,2018-01-19,-0.026874999999999982,-0.02718750000000003,1.5986452939655025,31625.0,375925.77241252334,1603,69904483,19341523,759876,1057465,14203297,6548478,15395681,4736688,12104693,4440027,2020712,1508041,3384266,643080,877392,407744,21158566,0
19,000030,2018-01-19,0.013630731102850069,0.0074349442379182396,0.28035061042524145,8189.0,51417.60720115189,828,10571672,11043063,1909744,564753,2892314,2251048,3153991,1931049,1640503,2649190,975120,1527945,0,1022111,0,0,0,1096967
20,000032,2018-01-19,-0.014598540145985495,-0.01147028154327423,0.46422745310386504,9430.0,49891.67184277392,426,4964765,4069872,469377,415006,1714261,1611745,1446105,940071,320450,154840,0,276560,316350,671650,0,0,698222,0
21,000036,2018-01-19,-0.021868787276342005,-0.007952286282306154,0.21291767747989948,32706.5,295406.90041809715,2234,135077615,90996532,933283,1158962,10297357,11277656,12866063,11638980,17629873,15799673,15413028,13382524,9686342,6496423,6795309,4167208,61456360,27075106
22,000037,2018-01-19,0.009077155824508187,0.01210287443267788,0.33742552932197584,4014.0,35806.79506296494,383,2398580,3442932,224155,515502,1062803,944677,188741,952240,251275,769168,0,261345,671606,0,0,0,0,0
23,000038,2018-01-19,-0.005623721881390598,0.004089979550102374,0.6890867002890436,13790.0,54521.32214512146,806,12448394,10680189,889887,751812,3889879,3288576,2731846,1911454,2817581,2447843,1100767,672618,0,0,496639,0,521795,1607886
24,000039,2018-01-19,-0.016933638443935917,-0.009153318077803285,0.4516273649962821,21690.0,180459.58942594382,2342,99693801,66547977,1394023,1332388,10622617,9196986,11312013,10992235,15745484,12477058,13841801,7303443,4232834,5866091,1757515,3920003,40787514,15459773
25,000040,2018-01-19,-0.0037369207772796065,-0.0037369207772796065,0.4414928549189296,10648.0,98949.46078979259,919,17129444,14731243,1044341,375027,3599489,3099365,1880168,3832332,5151646,1752424,1380437,1222774,1386694,636838,421544,410564,2265125,3401919
26,000042,2018-01-19,-0.028651685393258464,-0.01573033707865179,0.732739398126896,10629.0,58070.18256336853,590,9233109,5923406,540607,610331,2655473,2148117,1415013,1045297,2570801,1061472,452820,200592,311520,0,412895,857597,873980,0
27,000043,2018-01-19,-0.018018018018017945,0.0,0.39254814815884603,8973.0,80657.97090573133,647,13670297,7596252,500056,1097128,2601396,1836291,2464323,2008926,1962169,1203657,1007345,950250,682608,0,458000,500000,3994400,0
28,000045,2018-01-19,-0.010341261633919352,-0.0020682523267838704,0.4287084338385967,9650.0,63859.726809320324,508,8770022,5412740,531159,678536,2122605,1994935,1316006,1021489,2426880,610330,1312093,0,300167,336087,0,0,761112,771363
29,000048,2018-01-19,0.004385964912280604,-0.0004873294346977586,1.1699760175459564,6186.0,27346.772672558636,307,2950862,1536958,424050,163599,1231756,691986,695843,169455,599213,267730,0,244188,0,0,0,0,0,0
30,000049,2018-01-19,-0.018503620273531696,-0.01957629391257698,0.9013781901029934,18435.0,140855.16766930578,1711,61625329,35306043,931795,1277230,8936584,8647623,9286637,8203961,10371987,9058130,4322866,2723444,5646700,712139,3175173,1891226,18953587,2792290
31,000050,2018-01-19,0.014729089952656427,0.014203051025775792,0.3760203831778089,28994.0,205246.2506891113,2557,91638954,111934874,1300069,1609112,10953282,15692394,12792935,13554880,17823956,20353845,9621153,8049617,7074690,9962720,6293647,7590723,25779222,35121583
32,000055,2018-01-19,0.0015974440894568342,0.0031948881789138905,0.20438308755655046,8785.0,65371.03494439967,938,13272564,15236823,865704,992638,3529395,3275173,2108621,2588484,2607505,2864014,1936881,1591342,634399,2021410,400054,1279906,1190005,623856
33,000058,2018-01-19,-0.056831922611849994,-0.055622732769044725,0.17749672312639606,18663.0,323408.21382139006,2176,67349393,75768677,985641,2285060,7114528,11228054,8315225,11362177,14329353,13228305,8216115,7959136,6283222,4543143,3734285,3174766,18371024,21988036
34,000059,2018-01-19,-0.0320754716981132,-0.026415094339622636,0.21586616845486922,29540.0,266475.2671451464,2413,154503837,102480142,1640483,928754,8629851,10912457,12196433,11716508,21022930,15773742,15979884,11904699,17216919,8192056,7236236,5250779,70581101,37801147
35,000060,2018-01-19,0.015260323159784539,-0.0035906642728905647,0.21249638109257982,32393.0,210632.71501176694,2751,167013036,102063327,689439,756001,22866886,8684026,18273972,11989216,24251863,18279841,16634572,10766729,14793277,5774769,8225987,7401758,61277040,38410987
36,000061,2018-01-19,-0.010282776349614386,-0.006426735218509005,0.33898333048621376,6993.0,59773.27090965325,526,9877637,4578416,632193,474617,1356869,1596344,2514806,963204,1863004,735270,475606,472896,2019211,336085,419968,0,595980,0
37,000062,2018-01-19,0.0008752735229760056,0.004376367614879584,0.892286174309464,9236.0,65776.94725542534,655,10270340,9473501,563303,762961,2373100,2435231,2164468,1538109,2227175,1093086,1666662,1593269,703632,323031,0,0,572000,1727814
38,000063,2018-01-19,-0.0021875854525567062,-0.00027344818156949113,0.6109867092962115,360052.0,861172.7693634966,3583,1081270467,1075494625,54936,73406,2630753,3233963,10747272,10211422,45421924,38451546,51729792,54270409,66839290,59761206,52020964,51950382,851825536,857542291
39,000065,2018-01-19,-0.008143322475570147,-0.01140065146579805,0.4209748344903676,21852.0,114888.58698140166,1915,52909886,38423315,1469420,1391927,12958902,8174077,9057761,8858557,7464375,8274194,6216750,4630314,2261657,2118049,2174566,1318372,11306455,3657825
40,000066,2018-01-19,-0.0042613636363636465,-0.0014204545454544748,0.16756002426990424,18356.0,140182.96130549407,1767,65173033,53548630,1609558,1307326,7969882,7015841,7072466,7824753,10144250,10571670,6015263,9924354,4545180,6666483,5389373,4928131,22427061,5310072
41,000068,2018-01-19,-0.01098901098901095,-0.0073260073260073,0.29760837480863306,5460.0,56972.678770712446,336,3696927,4078460,236536,240925,1287016,1179154,732076,907075,432793,102206,689366,551100,319140,0,0,0,0,1098000
42,000069,2018-01-19,0.009891196834817206,0.014836795252225476,0.1745259907423443,121975.0,833977.4380108598,3371,636046851,761855987,781833,569173,9445081,8661394,15596384,15182506,31676319,31791312,33073584,35594959,33701742,30313328,30560043,32473088,481211865,607270227
43,000070,2018-01-19,-0.0010172939979653517,0.0,0.26503822057185644,9870.0,75553.57766983482,1376,25507672,19878439,1520022,1919825,5701743,4827579,4875980,4801617,4506837,2524061,2933970,2981375,1025306,1021492,442650,915450,4501164,887040
44,000078,2018-01-19,-0.011666666666666714,-0.015000000000000013,0.1420978311345176,11870.0,170900.9053253066,1786,52169603,21729888,1695681,1270432,9617947,5035268,5806689,3433259,4558821,1975269,3542439,2532623,2029055,2069461,2299996,1338542,22618975,4075034
45,000088,2018-01-19,-0.020334928229665095,-0.009569377990430672,0.24065844387661367,14127.0,84156.79194755605,1207,28287400,19459436,1518867,926490,6275888,4571447,4301606,3330130,5784000,5268326,2068257,4154880,2850324,306109,465068,902054,5023390,0
46,000089,2018-01-19,-0.012345679012345623,-0.011223344556677839,0.1870333446553354,10632.0,121773.6319178043,2271,69602479,31861966,3737495,682946,12386581,4908594,11609229,5477108,11050191,5110917,4742902,2244646,4536770,1450913,4472809,3534275,17066502,8452567
47,000090,2018-01-19,-0.021719457013574694,-0.01990950226244348,0.25075392460786533,17328.0,194546.7612974381,1945,83118686,43847529,1055067,987791,9370156,6754852,8236703,6556306,18767744,9375917,7809420,4836889,3415266,2452902,1821234,2711312,32643096,10171560
48,000096,2018-01-19,0.004497751124437732,0.0,0.7216589231620553,5336.0,78578.3577193924,341,5899082,6904153,191265,263713,734592,696405,895283,1361178,1319299,1076969,1863535,1910073,358308,1059415,0,0,536800,536400
49,000099,2018-01-19,0.017486338797814138,0.022950819672131084,0.24416178699739033,8505.0,64468.125007622315,1405,17147276,21049464,2201577,1227497,5019861,5050144,4233641,3683198,3091357,3805921,1343876,2198850,703280,369572,0,940106,553684,3774176
50,000100,2018-01-19,0.0,0.007712082262210762,0.06915749527495565,31280.0,426604.174441969,3191,206884253,255806662,1802024,1646003,14366642,16137601,13537295,17653248,18075551,23721346,18917584,20869712,10517537,17446488,7070183,13564159,122597437,144768105
51,000150,2018-01-19,0.02013888888888893,0.015277777777777724,1.559736742492897,11520.0,53040.94686586362,340,2903411,5106442,379023,340071,1429350,1377238,639518,715506,221920,466404,233600,286160,0,1039827,0,881236,0,0
52,000151,2018-01-19,0.007200000000000095,0.009599999999999831,0.4830349627298911,10176.0,47579.34298849218,669,8727309,8416501,553121,596094,2676720,2764118,1408943,1964525,2835478,947535,922857,911159,330190,747676,0,485394,0,0
53,000153,2018-01-19,-0.0012345679012345512,-0.0024691358024691024,0.35598372351117946,8109.0,55930.330429347094,517,6432705,5030732,401474,927261,1587442,2052950,1267070,1229972,1102251,576739,243299,243810,373758,0,0,0,1457411,0
54,000155,2018-01-19,-0.015463917525773141,-0.0068728522336769515,0.14113453271078824,15578.0,76653.78372782715,1703,44178461,23075373,1505632,1200920,9870337,6449679,9879015,4793161,7129200,4276640,4753981,2827765,4964933,1003269,447161,446020,5628202,2077919
55,000157,2018-01-19,-0.012847965738757905,-0.0064239828693790635,0.08793284829023663,26096.0,352198.37399080256,2837,127561958,150704417,2106110,1366962,11599302,12548520,15862006,16759884,19548800,18487735,12926259,11666077,9894204,9455509,8294973,5314286,47330304,75105444
56,000158,2018-01-19,0.0038022813688212143,0.0076045627376426506,0.2707278862306652,6392.0,67278.53186987466,849,11999984,10640467,682304,883171,3011001,2568959,1780777,2111044,1781106,1576587,887384,1306324,710612,639051,909062,928676,2237738,626655
57,000159,2018-01-19,0.0019230769230769162,0.0,0.2535210099662966,8059.0,41098.907532722624,420,4862874,4148175,361795,611481,1551611,1326458,1568536,1056799,860860,771757,0,0,0,381680,0,0,520072,0
58,000166,2018-01-19,0.023809523809523725,0.023809523809523725,0.10572764251532453,29093.5,263153.4961751842,2676,110511780,158105644,1504754,1197230,11283419,10756821,14230184,15688575,18137134,23407648,16164557,15809279,9010402,10007364,6244553,8059724,33936777,73179003
59,000301,2018-01-19,0.008532423208191142,0.005119453924914641,0.17368404405755372,13616.0,112261.59401419383,1139,28068257,21751031,1063515,830698,5216902,4375433,4334683,5023231,3783862,5593063,2428872,2130309,2064253,1329568,1766460,908815,7409710,1559914
60,000333,2018-01-19,-0.01323155216284988,-0.012383375742154423,0.9935629295429651,164850.0,1026578.7232860173,3524,792908742,688018117,169900,251661,7194747,6746941,21524758,22264290,42389779,50014024,45604219,51867214,39031234,54599622,34877493,40112515,602116612,462161850
61,000338,2018-01-19,-0.012087912087912045,-0.006593406593406681,0.15673229137456338,34561.0,268176.0316573611,3378,195158881,207487200,1524826,2142682,13777138,16447117,18324792,17622807,23369886,28845478,23780608,19766474,16991579,13510711,13154134,12938016,84235918,96213915
62,000400,2018-01-19,-0.0016207455429497752,-0.0016207455429497752,0.26100006176879637,11097.0,69766.82209949101,2237,39810440,27642404,4675833,1403622,9773221,6729042,6130576,5513373,6734141,6131315,2171982,2718770,3259350,1036785,2191542,895529,4873795,3213968
63,000401,2018-01-19,-0.015224913494809589,-0.01245674740484426,0.2678968478565066,37206.0,280124.47013874777,2911,174911968,121268901,1067053,1589843,14538592,12493567,20015082,17570859,29795359,21600608,20017508,17635750,15176832,9015876,9529592,6167175,64771950,35195223
64,000402,2018-01-19,-0.018092105263157965,-0.004934210526315819,0.23164017482942267,30200.0,228066.67541917993,2759,151060696,152463775,1339747,1542563,10048156,10852117,10530559,12934927,21395463,22142518,20877623,20660018,15493479,20328196,14698166,11744093,56677503,52259343
65,000403,2018-01-19,0.010136205258156394,0.016154577130186754,1.2165281008977218,22120.0,93879.7313411143,673,12971578,20731075,559019,491373,3286214,3294481,3316363,3344642,2719157,3821306,1478395,2483319,1612430,2655187,0,1360180,0,3280587
66,000404,2018-01-19,-0.011986301369863117,-0.006849315068493178,0.2260334096432416,5800.0,69107.99539159596,667,11882579,6686826,1105090,340309,2095643,1631985,2240363,1140325,2079387,882676,1426297,1004664,662917,689749,897450,485388,1375432,511730
67,000407,2018-01-19,-0.0026350461133068936,-0.0013175230566534468,0.2658111820036005,7600.0,206816.6168083156,815,11782931,15863071,1158733,705686,2931697,2411576,2244282,1885115,2640101,1085582,1420335,915169,312169,687999,0,0,1075614,8171944
68,000408,2018-01-19,0.0057405281285876075,-0.012055109070034487,0.520790295844933,18931.0,112704.94870877029,1119,41253987,25670847,853926,790698,6423637,3966015,7424180,3948651,6865139,5208378,3529609,2541458,5092369,3387908,1766624,2359955,9298503,3467784
69,000409,2018-01-19,0.014308426073131875,0.011128775834658322,0.1750397187188469,9667.5,59965.82442102335,1294,19955712,15491752,1421590,1038173,5963454,4445469,4457169,3755490,3761408,2577391,1210530,959313,1046972,1044928,0,478400,2094589,1192588
70,000410,2018-01-19,0.003988035892323216,0.007976071784645988,0.3335128022872438,10090.0,106673.48747444793,904,19614932,14290283,687769,714589,3435046,3579449,3065823,3103280,3621840,3293921,2274800,471744,1046205,373116,876622,0,4606827,2754184
71,000411,2018-01-19,-0.017891682785299845,-0.0014506769825919363,1.5815307780995362,10325.0,30914.843058901988,170,1726570,1517380,90944,144797,820426,690534,55782,456920,553218,225129,206200,0,0,0,0,0,0,0
72,000413,2018-01-19,-0.0033333333333332993,-0.0022222222222221255,0.1760451253128439,24761.5,157535.89140971552,2616,113083729,81647379,1929943,1851560,12963942,10677898,15356261,11097751,21867167,12331431,16559807,12136273,8723329,5538988,4639473,5364568,31043807,22648910
73,000416,2018-01-19,0.018005540166204925,0.0027700831024930483,0.31583187953980285,7936.5,54117.99904749566,522,8391051,4517044,485110,642926,1507566,2269301,1950678,649467,1706189,477828,931437,0,372123,0,427686,477522,1010262,0
74,000417,2018-01-19,-0.003722084367245748,-0.004962779156327701,0.2955721497113429,8020.0,55581.37424927768,743,12187883,6161986,1654838,403025,2821252,1936415,2226239,1399746,1373175,1976474,974937,446326,1033046,0,898828,0,1205568,0
75,000418,2018-01-19,-0.024930747922437657,-0.0270083102493075,1.6403241001319517,21450.0,110282.65078428327,1946,60045469,26425408,832106,1109465,19020771,7212306,9760476,5640185,8613383,5751496,4149412,2729611,4319041,1283157,864986,913663,12485294,1785525
76,000419,2018-01-19,0.03535353535353525,0.03535353535353525,0.20668697029708613,12340.0,81219.72701192953,826,14351130,20822406,691780,777786,2831333,3714218,2407133,3501866,2834278,4806645,2608967,2918447,641449,1326013,1268266,1268621,1067924,2508810
77,000420,2018-01-19,-0.003215434083601254,-0.003215434083601254,0.1206595214168448,4650.0,53727.66772961987,665,8976804,4115373,1118868,496103,1762336,1378750,1819511,787669,1756240,657631,942673,484220,642526,311000,0,0,934650,0
78,000421,2018-01-19,0.003273322422258529,0.004909983633387682,0.32758198753581536,3690.0,44221.01862969323,347,4038577,3084889,295896,288977,944145,800278,975392,653025,959034,826149,495710,210460,368400,306000,0,0,0,0
79,000422,2018-01-19,0.002421307506053294,0.004842615012106588,0.16238600086028174,4130.0,55082.387692149634,647,7350191,6905102,800399,590092,1649818,1889453,1317314,1068858,1134597,1483658,1176763,498164,328000,335356,409000,0,534300,1039521
80,000423,2018-01-19,0.005509641873278293,-0.005050505050504972,1.2625577049823609,58607.5,205238.08036719408,2678,176718321,125752406,624383,944535,10060384,12526290,27062671,16474894,29640578,23702245,22875649,15879117,17545666,13052212,10175150,6491710,58733840,36681403
81,000425,2018-01-19,-0.008565310492505307,-0.008565310492505307,0.08115367568974556,52895.0,469840.0588189295,3333,280790781,334952353,1149636,1415105,13952052,13843078,16418358,17815185,42050130,31696912,25855722,27087968,19686302,19580232,17469111,22647052,144209470,200866821
82,000426,2018-01-19,0.008238928939237722,0.005149330587023604,0.223318248611043,17280.0,185305.88208008467,1893,55174330,54388665,1012346,1815481,7200167,10132149,7057519,6347828,10734115,9396097,7153339,8230519,4939096,4102958,5491993,2494033,11585755,11869600
83,000428,2018-01-19,0.004807692307692291,0.0024038461538460343,0.24144381107441096,8340.0,83668.03021473641,296,5770696,4752438,291565,209423,1295778,861543,1030033,354646,1241728,1025826,220176,629000,734844,0,431570,836000,525002,836000
84,000429,2018-01-19,0.007371007371007154,0.006142506142505999,0.24045072817604587,9042.0,118623.41137642856,1146,22742951,29919369,1042573,1716916,1997571,5893235,2644456,4251812,3203363,4003429,2821992,3929534,2631717,712310,2873874,4219179,5527405,5192954
85,000430,2018-01-19,0.002331002331002363,0.002331002331002363,0.46066125748335507,7780.5,41267.73311969799,346,3931161,3827290,424432,299236,1229721,1209623,1176243,751412,762645,1228804,0,0,338120,338215,0,0,0,0
86,000488,2018-01-19,-0.012332439678284013,0.0037533512064342744,0.32193254493706125,102630.0,759338.1079261138,3361,513269819,537438886,917159,629260,12417057,9111608,18444294,18341103,41961880,36325071,33944998,29860656,31296443,34676356,27880301,25907940,346407687,382586892
87,000498,2018-01-19,0.013157894736842035,0.0029239766081872176,0.1989987340716415,10245.0,71573.99014346988,1182,18915476,19921876,949643,921655,4105776,5034660,3299757,4059231,3851434,3319615,4050737,2784161,719543,1789338,0,1332580,1938586,680636
88,000501,2018-01-19,0.0028409090909089496,0.003977272727272663,0.42813781199481565,23049.0,120233.94448031655,1691,44156871,46927670,1142698,713347,8185021,12420815,8544951,6712620,7242344,7184445,4403324,1890859,3141249,3475311,416304,2254532,11080980,12275741
89,000502,2018-01-19,0.016498625114573784,-0.016498625114573784,0.451396529018267,9711.0,78764.41209526589,584,9376264,4617585,563281,447060,2223539,2379776,1208870,992515,688201,798234,734445,0,650655,0,0,0,3307273,0
90,000503,2018-01-19,-0.016786570743405393,-0.00767386091127098,1.0690895841481225,41505.0,332794.11118644587,1522,98569880,82277991,912661,1050357,5497076,6121571,9755149,6330446,20269358,10233659,8590292,8235806,9397486,7097704,4492364,5722275,39655494,37486173
91,000504,2018-01-19,-0.002758077226162392,-0.010244286840031425,0.7570313355094423,18812.0,94707.39094243031,1125,29957124,22477833,801197,653887,6003309,4408062,6114938,3476008,6941603,3579051,3970562,4317750,3089859,1993552,500000,0,2535656,4049523
92,000505,2018-01-19,-0.012941176470588123,-0.003529411764705781,0.362258225328538,7645.5,40443.10852179064,550,5385058,6258318,436355,1153395,1659775,1906137,962334,1256033,1153879,1459672,751035,483081,0,0,421680,0,0,0
93,000506,2018-01-19,-0.0028208744710859213,0.0,0.37528752075668936,7100.0,65276.864349448166,356,4899676,3972992,289051,477488,1094607,832370,1064078,502168,739601,262700,215130,994402,1020718,374880,476491,0,0,528984
94,000507,2018-01-19,-0.01188118811881178,-0.007920792079207928,0.2396270081068142,18072.0,98546.92218873113,1777,45760411,29091756,1187020,1014890,9935216,7450026,9116825,6832100,8397408,7339485,5468923,2835854,2823536,1417365,2229247,0,6602236,2202036
95,000510,2018-01-19,-0.016887816646562026,-0.00603136308805774,0.30630051432587196,12360.0,44311.846158877845,732,11351290,9650477,858887,762999,3217394,3274192,3339895,2873617,2868599,2022553,509640,717116,0,0,0,0,556875,0
96,000513,2018-01-19,-0.01267973856209148,-0.012549019607843048,1.504834743956949,38002.5,159312.79005218114,2586,126623667,93082357,1472307,1799170,11932981,11241398,19495937,16789263,22200185,19182187,14499542,10664734,14352522,10358180,10891014,5337033,31779179,17710392
97,000514,2018-01-19,0.020771513353115667,0.029673590504451175,0.15902348262030785,15378.0,102073.10039410593,1800,36962388,48209398,1585764,1589368,8080092,7802903,7505589,6957492,8533567,9895213,4458084,3660102,2364819,6059089,3410541,933374,1023932,11311857
98,000517,2018-01-19,0.03079710144927561,0.05615942028985521,0.09459021420888823,73750.0,1004611.9376130137,3435,485376311,478153493,962792,1085422,11684990,12839444,17589283,21780720,37212649,34390609,29328794,33151160,28036181,28134571,24740370,30003636,335821252,316767931
99,000518,2018-01-19,-0.011461318051575908,-0.008595988538682042,0.30561566672313506,6950.0,47628.6436470741,521,7914526,3701713,694999,392279,2184042,1670313,1214469,1066780,915242,572341,1650716,0,671552,0,0,0,583506,0
100,000519,2018-01-19,0.03885714285714292,0.03314285714285714,0.16541140444641245,26431.5,155905.30352305144,2804,99050598,114451180,1531235,1691627,14206947,12687564,15089434,14443333,18234266,20504926,11032089,13782334,10443289,11445360,7704336,7032151,20809002,32863885
101,000520,2018-01-19,-0.007499999999999951,-0.0024999999999999467,0.15581077797510595,7581.0,67267.58223367327,659,10000137,6257407,611413,848397,2131850,2039237,1317893,1138573,2855768,997600,813613,444000,1072600,789600,0,0,1197000,0
102,000521,2018-01-19,-0.00391389432485334,-0.001956947162426781,0.21135595473999141,5632.0,51379.94780733598,584,7198622,6607054,294265,1002528,1528759,1755684,1152864,1148858,1250789,2105702,1772779,256000,319652,338282,879514,0,0,0
103,000523,2018-01-19,-0.014723926380368235,-0.007361963190184118,0.408092934341577,13770.0,73691.00852353478,398,7917773,5457731,350981,374752,1421385,2453275,1285084,1184081,2192021,556240,273090,477395,325200,0,0,411988,2070012,0
104,000524,2018-01-19,0.001779359430605032,0.005338078291815096,0.4196503670897868,3386.0,19209.10079372515,717,2807461,2774339,642208,982232,1262740,1446104,245153,190201,113300,155802,205660,0,338400,0,0,0,0,0
105,000525,2018-01-19,-0.011809363137916584,-0.011387600168705214,0.5628647349296412,25850.0,162363.90855360066,1775,83287657,42153938,1067750,934407,9936044,8886268,10055713,8217929,12821333,9155023,9869205,5710538,5650800,2488130,4350460,1818804,29536352,4942839
106,000526,2018-01-19,0.00599224532957332,0.00740218540712001,1.442530964580678,14295.0,116867.32078820003,386,10836995,6603596,474267,242082,1743221,1228439,1222325,1020704,3002547,1108212,1552557,1005872,0,0,818230,0,2023848,1998287
107,000528,2018-01-19,-0.001179245283018826,-0.004716981132075526,0.1681526597513791,16302.0,128120.43126525155,2547,65672178,64672635,1547975,2067838,11315817,11823618,9143608,10046840,12535845,10942462,8330286,8646693,6108150,5568485,834578,3513762,15855919,12062937
108,000529,2018-01-19,-0.015277777777777835,-0.005555555555555536,0.28057932023758253,7190.0,61902.176456914065,658,9192775,5814456,930099,563981,2840750,1679505,2147819,1089452,1667735,523193,994116,437394,0,366387,0,0,612256,1154544
109,000530,2018-01-19,-0.012544802867383575,-0.021505376344086002,0.20122845510594764,11000.0,110791.66769163228,769,21074412,14384770,596213,724961,2196750,3070688,2079106,2865316,4160991,2828129,777173,1829043,2483380,358438,2168012,0,6612787,2708195
110,000531,2018-01-19,0.013977128335451061,0.0025412960609909607,0.4339330446420302,15029.0,76154.4738583817,328,5017712,7441540,363973,292431,1669768,1234683,1191014,1806474,964769,1574300,0,512912,0,1377006,0,0,828188,643734
111,000532,2018-01-19,0.10330992978936804,0.0020060180541623396,0.4825869924857129,9965.0,44893.86308381455,426,6634488,3285524,372220,548570,1487960,1400355,1524505,405913,1850390,724264,902913,206422,0,0,496500,0,0,0
112,000533,2018-01-19,-0.0068359375,-0.002929687499999889,0.4905419437719376,6144.0,89929.76920333982,435,7527205,4088246,162609,1022791,1795737,687657,835279,686660,1292131,766228,408800,0,990650,0,0,0,2041999,924910
113,000534,2018-01-19,0.015748031496063186,0.011023622047244164,0.65022322411652,6425.0,32294.212942283244,381,2390066,2424413,288108,909623,520582,555502,421892,278600,903284,324488,256200,0,0,356200,0,0,0,0
114,000537,2018-01-19,-0.009615384615384692,-0.0027472527472528485,0.2888485029811495,60479.0,263423.2013358683,2554,160366110,178933499,650486,1118013,7502417,10925630,18198655,19240214,24945566,32198208,15128322,20706953,11649608,18883652,11787895,11227915,70503161,64632914
115,000538,2018-01-19,-0.007058131555729874,-0.0069601019507892214,2.2662710564892166,30450.0,265441.80196088634,2026,119585587,77819577,25302,2646,12533311,9621121,9668157,9929540,15083628,13598885,12799299,9356834,5532578,2766527,4874817,4601129,59068495,27942895
116,000539,2018-01-19,0.002053388090349051,0.002053388090349051,0.26978809304327905,4880.0,166895.1585848781,325,6643625,5022288,358482,268203,1066547,923598,801343,136640,520123,157290,488998,299632,0,341600,0,0,3408132,2895325
117,000541,2018-01-19,-0.0021074815595363283,-0.004214963119072768,0.21493294261294157,12324.0,117482.87415022282,1951,46118658,34249696,2867441,1246536,9263882,6817742,9344611,5846919,8383247,5432813,5368944,2673450,2646775,1419413,2160719,866450,6083039,9946373
118,000543,2018-01-19,0.0019723865877712132,0.0019723865877712132,0.1586985647827628,5080.0,101334.07448130801,1021,13185172,20184866,437431,1206417,1437210,4791954,1826817,3532180,1940516,2751393,1259778,757946,990916,1288532,877191,2255986,4415313,3600458
119,000544,2018-01-19,0.007649513212795611,0.004867872044506116,0.7940719974533779,12996.0,34287.17104078496,327,3794630,3494662,299985,289030,1599141,1620332,1184004,780933,144300,804367,236324,0,330876,0,0,0,0,0
120,000545,2018-01-19,0.0,0.0,0.1815719654843268,9980.0,62110.60411891504,752,13186182,8654090,961564,756603,3610842,2714576,2955420,1632328,2366051,1297096,914770,1754487,341130,0,0,499000,2036405,0
121,000546,2018-01-19,-0.039499670836076306,-0.01909150757077016,0.5491969072570868,13608.0,145430.09608434912,765,25466804,9640674,633182,757365,2731362,2955157,3137241,2013282,8331711,1819206,2046142,723422,1665185,304212,479226,454500,6442755,613530
122,000548,2018-01-19,-0.0046511627906976605,0.0015503875968991832,0.2882427338199525,9030.0,46496.5252611908,500,7926547,4434566,595690,495272,2275016,1449376,1241761,1133316,2330697,732383,718455,248184,361928,376035,403000,0,0,0
123,000550,2018-01-19,-0.008831168831168967,-0.005714285714285672,0.4134239527635294,22895.0,241841.99651369848,2169,90743677,72807558,1622481,1628217,11262301,10361255,9090826,9456676,13598011,13457765,9894475,7021599,7472719,6604575,8589455,3125965,29213409,21151506
124,000551,2018-01-19,0.0024721878862792313,0.0,0.3818780263238495,8100.0,75383.57953610331,448,5128062,5847967,264405,1096325,1467380,1106653,458410,877236,1221137,137700,489115,0,0,336182,420615,455840,807000,1838031
125,000552,2018-01-19,-0.0027932960893854997,0.0,0.09384124470672044,2506.0,82354.17841929432,1460,14553593,13860075,817363,1749462,2639450,3144498,1604886,1839041,3239101,1497230,1430881,488601,699606,1045542,1813774,466700,2308532,3629001
126,000553,2018-01-19,-0.006880733944954143,0.002293577981651307,0.3872379664252598,26302.5,153940.31599110324,2030,74147577,64196514,1219010,1201819,9962513,10886592,10488327,11654704,15282049,12771298,7090479,5813248,8135105,3252552,3144536,3505296,18825558,15111005
127,000554,2018-01-19,0.004968944099378758,-0.007453416149068359,0.2646406715808901,12105.0,124693.7341193004,925,25352263,10519345,912643,952073,5276791,3425186,3370518,2444246,2612459,1944625,1187226,1164835,1499236,0,896829,0,9596561,588380
128,000555,2018-01-19,0.0025684931506850806,0.0008561643835616195,0.35389426381131894,13932.0,69124.65291706246,1089,21866050,16036807,911824,926885,5202409,4626555,5549607,4730250,3760107,2638483,1261763,1245439,329978,1328635,1288369,0,3561993,540560
129,000558,2018-01-19,0.023300970873786353,0.007766990291262044,0.1520182095931931,10320.0,79075.38906892759,1149,15860886,19534629,1240955,836130,3996493,4131432,4058776,4457993,2381832,3745709,2467083,1974702,1715747,922222,0,964162,0,2502279
130,000559,2018-01-19,-0.004032258064516014,-0.004032258064516014,0.25799429176606253,11065.0,119147.4989239403,1479,34021179,28113089,1419787,1639745,6344901,5735741,7674427,3963921,6495465,5042315,2220942,1408610,2144213,975480,1281100,1401584,6440344,7945693
131,000560,2018-01-19,0.012793176972281328,-0.019189765458422325,0.28358799410981744,13867.5,69702.57861295233,1094,23578537,12824548,911354,1267538,5917018,4421046,4771870,2765219,5563979,2716715,1778320,1654030,1008312,0,469989,0,3157695,0
132,000561,2018-01-19,-0.018248175182481785,0.0024330900243307862,0.24704370441113643,6559.0,35467.2693094802,1107,10910817,8529331,2075678,886816,3768666,3011758,1911174,1444717,1441319,2025720,1250832,1160320,0,0,463148,0,0,0
133,000563,2018-01-19,0.04484304932735439,0.017937219730941756,0.08466127391544108,30305.5,179579.53750501774,2790,109758034,146412845,1557607,1706075,10484700,12514291,12693538,16201045,18969180,28246010,11995162,21312342,9928066,14666225,9390298,12551307,34739483,39215550
134,000565,2018-01-19,0.015172413793103523,0.012413793103448256,0.28715795411610373,8085.0,64036.35596514122,637,7440249,9109062,832715,651715,2460165,2356809,2205150,1566160,1121559,1229331,518000,713219,302660,0,0,408070,0,2183758
135,000567,2018-01-19,-0.0016038492381716951,0.001202886928628688,0.7895819239252914,15234.0,94696.82739352631,999,22507170,20142735,643463,1014085,4259324,4434920,4554393,2735406,6294729,4130891,2463032,1906881,935607,1348365,865692,1778161,2490930,2794026
136,000568,2018-01-19,-0.0329059829059829,-0.023076923076923106,1.2044853525164771,69580.0,557449.6788463724,3399,314489164,496060144,222626,1044534,6621606,25985205,11694769,28209706,29482015,47109105,17011566,31880266,13395407,28653691,13376376,24964397,222684799,308213240
137,000570,2018-01-19,0.001814882032667775,0.0,0.30111172005604125,9401.0,45713.32591193709,334,4638380,3733109,264314,298188,1248787,1512133,892318,693212,1062436,767170,744934,462406,0,0,425591,0,0,0
138,000571,2018-01-19,-0.0019193857965450478,0.0019193857965451588,0.2113871566968199,5200.0,42168.13282648418,607,6705981,5101282,634546,434554,1681970,1593769,2007748,940106,1491629,688641,526788,1002212,363300,0,0,442000,0,0
139,000572,2018-01-19,0.010775862068965747,0.012931034482758674,0.14835301519969843,6945.0,117766.3978388714,979,16452981,21218841,817105,1035706,2989549,3067639,2634415,2446039,3690602,2127051,1162575,1874327,957709,1363296,957911,2676460,3243115,6628323
140,000573,2018-01-19,-0.0038910505836574627,0.0,0.1621155429824912,6760.0,46790.837503997245,1006,11045374,11419525,967500,1078485,3595208,3082817,2601796,2104499,2286506,2768576,259500,1164150,349520,676038,470344,0,515000,544960
141,000576,2018-01-19,-0.004093567251462038,-0.008187134502923965,0.8209850174203737,8590.0,52373.04307770374,433,5491607,6410730,245701,663584,1461109,1590158,1340333,1623348,1254485,874641,832139,425586,357840,316758,0,916655,0,0
142,000584,2018-01-19,-0.0014164305949008194,-0.0014164305949008194,0.6506517191051354,28180.0,120005.104361058,470,16399800,10700592,261886,197513,3756261,1444808,4138538,1227439,3641916,1223417,1574930,1947346,675141,1110220,0,0,2351128,3549849
143,000585,2018-01-19,-0.007159904534606243,-0.007159904534606243,0.10876435108767145,6752.0,75109.77953680014,1488,22148059,12191449,1368386,1881952,5810559,5058087,3462832,2102982,2632870,1161381,2737090,1232109,1397850,754938,0,0,4738472,0
144,000586,2018-01-19,-0.0005678591709254999,-0.003975014196479276,1.3757816893963652,14119.0,48112.68849847454,163,2770756,2013029,156862,74036,786802,810531,807502,593518,475600,270194,207798,264750,336192,0,0,0,0,0
145,000587,2018-01-19,-0.005486968449931462,-0.005486968449931462,0.15392461944289187,36924.0,241254.53741503778,2252,87819638,85239043,972416,894168,15857941,13244328,20784104,8434382,13049831,14999540,4165972,4894539,4188604,6776944,3861441,1909665,24939329,34085477
146,000589,2018-01-19,0.0,0.0021834061135370675,0.22683667844790162,5038.0,82820.58385506312,407,5693008,5039402,358550,396141,1367768,1029937,1064363,1095068,990949,902117,290143,619191,0,0,0,0,1621235,996948
147,000591,2018-01-19,0.0,0.001779359430605032,0.1624864745118663,11280.0,87513.30432519151,1197,22858974,23211471,1204461,896194,4487263,4554747,4599012,4003807,4706347,5486907,3235455,2013802,1395792,1411891,406539,902964,2824105,3941159
148,000593,2018-01-19,-0.006703910614525022,-0.0011173184357541333,0.34770127620115315,8930.0,57159.284720942545,662,8711889,5512324,896551,645688,3799369,1919621,1610047,699632,607712,668728,289900,0,617820,0,890490,0,0,1578655
149,000595,2018-01-19,0.00588235294117645,0.0,0.21023296644551334,7657.0,41797.64368018153,588,7385310,5225661,549687,524623,2180828,1975853,2267065,743451,1247380,1004801,732350,207252,0,307622,408000,462059,0,0
150,000596,2018-01-19,-0.024793388429752095,-0.02359370834444141,1.5304755920574522,22192.5,218908.60578402266,2406,109342507,88921014,961098,3425287,9448878,12097802,10474580,12770761,16604691,12781405,11751464,7331485,9402445,7959118,4461157,5821709,46238194,26733447
151,000597,2018-01-19,-0.022026431718061623,-0.022026431718061623,0.35547931309956265,11280.0,133370.5363459183,1019,29201759,19215883,721145,1061403,3999861,4228124,2899194,3042932,4638677,2497673,2647725,1675581,1108525,2087182,1786874,1309422,11399758,3313566
152,000598,2018-01-19,-0.0037105751391465214,-0.0018552875695732052,0.14853262837548595,5380.0,126418.89535116752,1318,25772505,20868087,1012353,1329007,2599110,4184686,2871358,2859019,4015981,2860314,3210787,1756199,1003908,1931346,883639,1335028,10175369,4612488
153,000599,2018-01-19,0.0016393442622952836,0.003278688524590345,0.279954721619645,6120.0,107830.76887909953,474,10502768,7024609,446617,516459,1329845,1244169,1145153,1193306,1663817,1381135,1195923,1163040,678564,1526500,457500,0,3585349,0
154,000600,2018-01-19,0.007371007371007154,0.0036855036855036882,0.19236290881707482,12968.0,91394.1250865564,1792,36866218,33664827,1876680,1751994,9265268,6639991,6962105,6023631,6823277,4893050,4060159,4421048,3943995,1379849,1800885,1865277,2133849,6689987
155,000601,2018-01-19,0.0,0.0,0.37954010759759216,7210.0,46769.73588396739,359,4760634,5507348,732947,328064,1087102,957763,1443732,1580014,1281453,1409700,215400,542491,0,689316,0,0,0,0
156,000603,2018-01-19,0.005012531328320691,0.010025062656641603,0.4372974243937358,12120.0,65466.24046093548,749,10726675,16379222,753583,507867,3095771,2544102,2032764,3945512,3045220,4431206,1433937,1735841,365400,1428780,0,498543,0,1287371
157,000606,2018-01-19,-0.01562500000000011,-0.01081730769230771,0.4039590413174605,8685.5,93126.84875076398,424,9562960,4537015,474145,491001,1698467,1440988,1096300,1348122,1312666,121508,790850,464996,328400,670400,0,0,3862132,0
158,000607,2018-01-19,0.0,0.0,0.3231530869129263,6100.0,61989.17287369586,352,5700365,3524773,307562,538031,1182807,993416,695593,1010061,712072,428066,421898,244000,980084,311199,854049,0,546300,0
159,000608,2018-01-19,-0.009316770186335477,-0.0031055900621118626,0.19188287365842865,6280.0,59697.429591571774,1129,13711474,10329792,1216997,1375224,2495446,2848343,2111470,3084099,1880867,996281,1423405,1060830,1956032,389276,485625,0,2141632,575739
160,000609,2018-01-19,-0.008960573476702427,-0.0008960573476702871,0.4430322953397961,9990.0,40951.3574080847,634,9403493,5252921,574356,408056,2646988,2094154,1670323,1407373,2765864,876450,1095187,466888,650775,0,0,0,0,0
161,000610,2018-01-19,0.0036330608537693543,0.008174386920980936,0.48886792862050504,6684.0,53300.3712527187,508,5013822,7346335,405094,655802,1170924,1931944,853818,1363010,1099451,1492580,709636,519326,333300,1383673,441599,0,0,0
162,000611,2018-01-19,0.004207573632538653,0.007012622720897532,0.41953843110908107,7195.0,50332.51681168792,288,4082253,3496731,273848,197983,894406,1281690,874377,540488,691549,786002,992073,690568,356000,0,0,0,0,0
163,000612,2018-01-19,-0.011723329425556872,-0.007033997655333968,0.20929650592447324,6533.0,37130.333828814975,1663,16573579,12772180,1297213,2048885,6947800,4962468,3505066,2573561,2825863,1617502,791297,255000,739940,631565,466400,0,0,683199
164,000613,2018-01-19,-0.019680196801968197,-0.002460024600246191,0.4750265064060405,8135.0,34868.205990366325,292,3427047,2936319,401251,251437,1462144,817066,826316,1108724,413336,514592,0,244500,324000,0,0,0,0,0
165,000615,2018-01-19,0.0027002700270029045,0.013501350135013634,0.20669637744270636,35776.0,143500.92221031012,2893,102772283,114742110,1361356,1004847,14754966,13649953,20326931,16981088,25853276,27753396,15864302,16649645,11934402,9381517,5746835,5662114,6930215,23659550
166,000616,2018-01-19,-0.01388888888888895,-0.01388888888888895,0.1156360688737207,7854.0,166404.76537152933,971,29795581,13901643,711172,859989,4037892,3018140,2146997,2362002,3464136,3435708,1511208,962586,3430089,361080,1780683,870808,12713404,2031330
167,000617,2018-01-19,0.04508196721311486,0.03893442622950816,0.4029484181621843,15220.0,81149.981606388,1321,25578173,32308096,887949,835682,6155443,5243684,5418620,5497401,5582034,8095462,2893452,3841394,2307649,3603801,1784026,1801000,549000,3389672
168,000619,2018-01-19,0.0038461538461538325,0.00512820512820511,0.32775228605361795,15610.0,136676.65314468576,566,12935822,17143901,347201,559150,2330865,2348774,1357415,2757454,3180566,1483583,1604723,972018,1280832,0,847428,831120,1986792,8191802
169,000620,2018-01-19,0.0015552099533437946,0.010886469673405896,0.19797877383145335,1955.0,27206.90909021644,1055,3765909,7855320,580241,1430118,1200908,2886682,1341908,2119409,642852,856861,0,0,0,0,0,0,0,562250
170,000622,2018-01-19,0.054166666666666696,0.0,0.23185844166788785,2395.0,40396.76887754336,428,5603423,2109867,344708,280485,1140174,1070383,1200307,446741,1443536,312258,1136274,0,338424,0,0,0,0,0
171,000623,2018-01-19,0.0017248814144026348,0.004743423889607579,0.4646369105189295,46360.0,229961.55169545094,2491,151153455,157805806,1068254,1076393,11952943,10506893,12082427,13291284,23091801,24823187,20507018,22546941,17585920,14128157,12546565,11568373,52318527,59864578
172,000625,2018-01-19,0.00684410646387823,0.009125475285171047,0.2575371345225272,29161.0,246708.22308293747,2608,113725999,147779634,1560485,1332348,12240515,12371064,11746689,14229130,21861054,19726951,14308337,14547762,9326561,12776041,7851585,9616819,34830773,63179519
173,000626,2018-01-19,0.004870129870129913,0.005681818181818121,0.43435456283893636,12510.0,44724.94586441239,804,11694775,9312067,738353,565557,3906552,3627736,2640797,2549443,1782505,1511284,1270251,674600,1356317,383447,0,0,0,0
174,000627,2018-01-19,0.022352941176470464,0.010588235294117565,0.17965529687522244,19826.0,128743.31957826669,2241,73187876,65911313,1790545,1518993,10684357,9084086,11666545,8400860,13644388,13379781,10320565,9181018,5823131,2965231,3917208,6977397,15341137,14403947
175,000628,2018-01-19,-0.012761020881670415,-0.008120649651972012,0.36434548441832865,11076.0,33588.19333771274,559,8134852,5070914,685406,522489,2771786,2423759,2505656,1063052,1205890,1061614,966114,0,0,0,0,0,0,0
176,000630,2018-01-19,0.0,-0.003558718861210064,0.05604614878801637,4200.0,176290.40877310216,2551,56472345,45849567,1895829,1899510,6145311,6988606,6611628,4680617,5754368,3423592,6022378,4279145,4906494,1073139,1347279,1692576,23789058,21812382
177,000631,2018-01-19,0.0021739130434783593,0.008695652173912993,0.10834219537173077,9380.0,119115.48674267613,1809,32362518,48467418,1151983,2066772,4508044,10358984,3555193,7007872,4518777,7087405,4597025,5150659,3971810,3178028,2722666,4572155,7337020,9045543
178,000632,2018-01-19,0.0,0.00679117147707986,0.3412903799485907,4744.0,26474.885055963496,297,2343207,1860583,272179,222726,763342,760514,753702,178100,553984,699243,0,0,0,0,0,0,0,0
179,000633,2018-01-19,-0.018664047151277008,-0.018664047151277008,0.4968730710115657,10010.0,166009.45326596618,419,6981337,8870139,483724,380303,1747587,1323114,1944242,895142,1385073,698711,1420711,200200,0,300600,0,0,0,5072069
180,000635,2018-01-19,0.01299545159194282,0.008447043534762777,0.4673642380709372,15665.0,64277.4547652288,1084,18748282,16916386,909741,987315,5759551,6224218,4905249,4094720,3633152,4044595,935169,535448,624000,1030090,419420,0,1562000,0
181,000636,2018-01-19,0.007085916740478204,0.0026572187776794376,0.21849865268633772,33840.0,284099.65005541575,2673,143391025,130881363,1153004,1252297,11912730,13513593,14707256,15170790,21768998,22152333,14002500,15294966,10134233,13145067,7064710,8997492,62647594,41354825
182,000637,2018-01-19,-0.00830564784053156,-0.0033222591362125353,0.25469316655096147,12040.0,58829.83133814391,558,11003269,5021171,567487,500024,2610460,2203327,2291842,872850,3017096,840970,1054314,0,695724,0,0,0,766346,604000
183,000638,2018-01-19,-0.07843137254901966,-0.059640522875817004,0.2579509582624075,25047.0,315396.4490767535,2262,89115188,91796314,974105,1672934,8278641,12542939,8827476,12481419,14560257,17806385,9510388,11406796,8957968,4259020,7310201,5588807,30696152,26038014
184,000639,2018-01-19,-0.010816657652785278,0.0005408328826392861,0.6263115843937483,3728.0,42215.47185123298,871,7322436,7991840,847637,1093230,1796347,3065461,2081764,1908254,765693,996535,444000,206460,370400,721900,400545,0,616050,0
185,000650,2018-01-19,-0.0037664783427494575,-0.0037664783427494575,0.18433006088433718,5300.0,70892.9947225093,830,13326389,6720955,453495,1439984,1356735,1890726,1799683,1472206,1609652,1074358,1540381,459876,1789410,383805,1822985,0,2954048,0
186,000651,2018-01-19,-0.012286427337300787,-0.009598771357266278,0.8715109397986068,342225.0,1200275.4319910454,3573,1277779283,1167284058,62448,57245,3653083,4069585,13586632,14114101,36715984,36966220,45583638,47355172,49608218,51748141,45628255,51509837,1082941025,961463757
187,000652,2018-01-19,0.02857142857142847,0.00219780219780219,0.14547432323561513,4560.0,50344.204057690105,979,8495091,8123567,853914,1401174,1713223,2500911,730644,710614,1514784,793456,1445472,1648081,669135,1069331,453000,0,1114919,0
188,000655,2018-01-19,-0.01111111111111096,-0.007936507936507908,0.22653862695288374,8750.0,68694.60986620793,773,15919654,6760063,865362,659564,3427126,2196790,2266639,1533831,2630921,1086288,2142495,448816,1669184,388104,883052,446670,2034875,0
189,000656,2018-01-19,-0.017110266159695797,0.001901140684410496,0.13000767713847355,16928.0,216142.88380358857,1641,72622457,60314153,962175,1099070,6101430,5731491,8401006,5097743,10903610,8907492,7706642,7779145,6949830,4518629,3582358,2687045,28015406,24493538
190,000657,2018-01-19,-0.009917355371900749,-0.008264462809917328,0.49996623160131265,12030.0,53771.102066699095,585,9439655,7508320,492616,511309,2717318,2003365,2525717,1293978,1896057,1679455,484003,1279318,783044,316536,0,424359,540900,0
191,000659,2018-01-19,0.03740648379052369,0.032418952618453734,0.13541246706385976,14921.5,89253.10823545502,878,15765268,22240894,700302,614661,5368093,3875629,3030447,3916633,3564788,3987458,2035142,1634027,651496,1038275,415000,2208580,0,4965631
192,000661,2018-01-19,-0.012196393203377509,-0.018033983112686336,5.025433947142601,37976.0,211535.62496679678,1458,77578429,70240537,14408,6073,8671831,7463032,11754836,9131656,12595022,10021975,8432565,6173584,8863621,8373790,5269069,5008363,21977077,24062064
193,000662,2018-01-19,-0.0041180507892930596,-0.013040494166094652,0.6160870834616645,9996.0,53890.80730494216,559,8160167,7030189,461491,531495,2395546,2271658,2029107,1265323,2102355,1267071,809418,539142,362250,0,0,435000,0,720500
194,000663,2018-01-19,-0.009794319294809117,-0.0029382957884428462,0.7222276322597833,14182.0,64185.29822638833,799,15042258,13112843,517823,645164,3565840,3271391,3070816,3205848,2055871,3170325,2183765,870996,1774074,988958,817295,960161,1056774,0
195,000665,2018-01-19,0.007912957467853587,0.012858555885262302,0.380806662025463,10250.0,101102.16032766872,704,10264459,21315641,340350,454791,2250621,4339929,1316227,1999022,2762501,4839606,2072260,2748138,0,2210758,0,927670,1522500,3795727
196,000666,2018-01-19,-0.011928429423459397,-0.011431411530815172,0.5429486830233067,19930.0,132317.29163401359,1373,51301547,27349991,1052455,1265173,7250097,6338605,5772263,5910265,9125455,5349865,3620918,2935776,3104096,1015646,4450227,942472,16926036,3592189
197,000667,2018-01-19,-0.005970149253731294,-0.0029850746268657025,0.0747778870244968,10416.0,438480.2881765789,2022,70936790,68034439,1161190,1918723,6526353,7705646,6287650,7838350,9947644,8253302,5736518,6753643,5566908,4262104,1673523,4774378,34037004,26528293
198,000668,2018-01-19,0.0,0.001956947162426559,1.0336681499632518,12288.0,72619.6654837609,219,4693079,2970401,191741,153325,859720,1040296,642943,927922,821780,107870,511239,0,659200,740988,440726,0,565730,0
199,000669,2018-01-19,-0.004373177842565634,-0.004373177842565634,0.5132191771982487,13660.0,74876.94305336347,714,18058210,10336622,583865,519490,3459292,2431692,3475486,1498000,6148518,2058847,1556179,2112341,355743,317812,1662527,0,816600,1398440
200,000670,2018-01-19,-0.0016286644951140072,-0.0016286644951140072,0.13532780992558877,12340.0,57298.75376514798,2062,33390470,32754965,1915362,1840895,8990927,9524602,6886766,7295833,6951669,8024228,3946843,3108043,2490942,1074960,444108,1362504,1763853,523900
201,000672,2018-01-19,-0.006086956521739184,-0.006086956521739184,0.2070664418931293,44080.0,236585.84268855068,3090,177771933,160937914,1113363,1053032,15749141,13601394,22031087,17613938,34463250,29864677,22392882,19319623,14265947,13170591,8106218,8736755,59650045,57577904
202,000673,2018-01-19,-0.002123142250530896,-0.004953998584571906,0.45931018108469746,16836.0,160826.77825008373,947,28610855,31393441,1001606,549193,4815853,2600917,4542203,4063091,5183819,6050987,1808699,2287539,1335063,3460006,1425430,2273696,8498182,10108012
203,000676,2018-01-19,-0.010166358595193992,-0.004621072088724643,0.410615555447352,9729.0,39203.2498421415,694,6648401,6045660,653782,593665,2448854,2628440,933993,953942,936703,1099153,1675069,228960,0,0,0,0,0,541500
204,000677,2018-01-19,-0.0025380710659898,-0.005076142131979711,0.21041385071194474,3595.0,36105.09663106925,350,3157922,2009328,286114,375377,834518,1100091,578454,533860,453121,0,281316,0,724399,0,0,0,0,0
205,000678,2018-01-19,0.0066225165562914245,0.005298013245033095,0.2501114216815917,8338.0,60893.06116161373,911,14473465,8950471,1057875,1072981,3639797,3053028,3243540,2462400,865470,747164,2133957,517631,1122472,658964,422004,438303,1988350,0
206,000679,2018-01-19,0.008498583569405138,0.0056657223796034994,0.4153318840170747,9940.0,55898.12437938756,288,3396707,4354170,370313,288428,1223235,947038,985571,578899,817588,1034467,0,426900,0,0,0,0,0,1078438
207,000680,2018-01-19,-0.014084507042253391,-0.008048289738430636,0.13656298861272406,6888.0,116397.15307638764,1326,25647355,22956797,839420,1838136,4100661,5220454,2419687,3364049,2903634,3174790,2363715,2356063,2407945,1438050,1894565,0,8717728,5565255
208,000681,2018-01-19,0.017103153393907,0.016034206306787757,0.4701258475600218,17145.0,126077.52448949032,1586,34998921,41022002,1577489,1251437,7873521,7593672,8430775,5478468,6820411,5098762,3584202,2791556,763000,2522339,1303169,901300,4646354,15384468
209,000682,2018-01-19,0.004310344827586299,0.008620689655172376,0.16520310618066342,5148.0,85310.88528020411,789,7735020,10561850,956199,588586,2692242,2334230,1272832,1497366,1321554,1383835,513390,1885263,0,332052,0,0,978803,2540518
210,000683,2018-01-19,-0.010135135135135087,-0.010135135135135087,0.08174551088424416,7938.0,214841.00847990953,1319,43774952,23448477,818564,1535522,3681042,5625726,3652837,3268620,2858389,4020776,2886255,1636862,689309,940987,2191494,884190,26997062,5535794
211,000685,2018-01-19,0.006679389312977069,0.007633587786259444,0.28426084308276756,10580.0,146253.0672313806,1359,29669464,35374076,1135263,1047316,5330623,5394351,3645746,4146731,6092378,7155750,3338122,3072742,1995123,2339669,1315215,910111,6816994,11307406
212,000686,2018-01-19,0.036117381489842115,0.033860045146727025,0.17493070109851738,35236.5,328311.82256202196,2568,130391182,177874611,1572540,1583361,11385764,9623956,12906546,14672798,21939523,22643516,16030175,18111438,12117653,17642558,7765692,14840412,46673289,78756572
213,000687,2018-01-19,0.013565891472868241,0.014534883720930258,0.3318160648440315,11583.0,77933.98408416449,967,16102305,18431872,1003596,695770,4242920,3693959,3466208,4026977,2766422,3639460,2131868,2444275,324141,716742,491284,931839,1675866,2282850
214,000690,2018-01-19,0.0011123470522802492,0.0011123470522802492,0.2398999624761302,12698.0,178835.51487665554,1405,53480888,31449117,1204376,1302273,4605497,6678388,4748046,6467006,6531975,4965361,3598370,2730173,1754215,2452066,10797528,2719481,20240881,4134369
215,000691,2018-01-19,0.013661202185792254,-0.00819672131147553,0.3632332174497867,17060.0,25817.142265524075,406,5180434,2092444,198963,256327,4112861,1220055,332000,393504,134850,222558,0,0,0,0,401760,0,0,0
216,000692,2018-01-19,0.004464285714285587,0.0022321428571427937,0.23820022307955271,4939.0,52996.66030637382,353,4252986,3302243,347951,295946,1461517,1204973,665546,489221,418474,721764,0,247884,358650,342455,460701,0,540147,0
217,000695,2018-01-19,-0.0010416666666666075,0.002083333333333215,0.47030968086300484,9760.0,61217.31908169047,416,4734496,5780307,446481,393034,1711574,1740907,1278888,1087151,527044,464515,275595,0,0,0,494914,923500,0,1171200
218,000697,2018-01-19,-0.01371158392434979,-0.006146572104018921,0.6251942186863066,14934.0,91774.2161057297,1144,25293792,20292106,796511,759629,6142196,5421567,3900188,3799492,3899864,3616731,4028663,2941909,1764723,333939,0,0,4761647,3418839
219,000698,2018-01-19,-0.006779661016949157,-0.006779661016949157,0.2514357476704766,11219.5,68931.13151123491,550,11060764,6309890,570456,440110,2182093,2047272,1638153,1566531,1747873,1041816,2780784,828189,346920,385972,408870,0,1385615,0
220,000700,2018-01-19,0.001779359430605032,0.003558718861209842,0.25015584711496347,5650.0,46092.78263752081,504,5315889,7459822,323387,1022460,1325135,1852611,1444293,1444394,1111600,1605519,661074,1222946,0,311892,450400,0,0,0
221,000701,2018-01-19,0.006109979633401208,0.007128309572301372,0.36056841440190135,4950.0,46616.58023464696,741,7461946,8553174,695355,855355,2037787,2266285,1900794,1169498,2309186,1915106,518824,416283,0,1062408,0,868239,0,0
222,000702,2018-01-19,-0.017391304347826098,-0.011594202898550732,0.337159987564965,7562.5,54017.489067405804,418,6637107,3300122,437700,387898,2026543,1419389,777340,465923,1061164,688812,1000440,0,687240,338100,0,0,646680,0
223,000705,2018-01-19,0.0,0.0,0.41353265855950344,8085.0,62152.72058720797,380,5394476,5363645,374966,464521,1055847,1420338,1588993,1401012,577531,536120,0,526049,363506,1015605,408848,0,1024785,0
224,000707,2018-01-19,-0.010714285714285676,-0.008928571428571397,0.3121662931310988,5590.0,84012.27000242693,321,7213133,2299740,487330,204470,1104782,994820,823581,615372,1312844,485078,998811,0,346388,0,466732,0,1672665,0
225,000708,2018-01-19,0.002564102564102555,-0.0017094017094017033,0.35017271430562585,11790.0,91752.01442808482,1116,22864265,24671440,697609,985094,4619512,4746758,4822468,3358405,5627923,5354281,3455110,2411264,1965145,1777461,427780,1354146,1248718,4684031
226,000709,2018-01-19,0.002457002457002311,0.002457002457002311,0.07647282986475308,20653.5,448272.8071700783,2852,190783531,174221582,1859507,1748972,13443298,11624083,13302103,10429726,17090040,11606662,14663835,11836096,11752209,6668811,10352197,6756188,108320342,113551044
227,000710,2018-01-19,-0.01686991869918708,-0.007723577235772439,1.5723232788114627,14664.0,53285.660554052985,979,16513215,12873537,1309774,1439121,5009009,3939004,3195157,2796359,2984555,2364922,2184640,1406855,338100,343700,932890,0,559090,583576
228,000711,2018-01-19,0.021789883268482635,0.025680933852139987,0.338781483150448,19305.0,152715.60187646502,1440,31662187,66973872,995663,1176491,6925903,5677563,5504781,6466506,4125493,10633337,3858718,8925660,1089622,6555861,1323670,5494431,7838337,22044023
229,000712,2018-01-19,0.0518425983760149,0.036851967520299844,0.3670154676900723,29178.0,174544.37426307218,1904,64215910,96687973,1250560,1160177,7087769,8386710,9965973,10149592,12918460,15611011,8828229,11053694,5528482,12070149,3603071,9058478,15033366,29198162
230,000713,2018-01-19,-0.002941176470588225,-0.004411764705882337,0.39800273974358585,10155.0,43559.06302976414,291,4012295,3333469,274390,197006,908766,1414838,1072346,800315,942893,676552,407100,244758,0,0,406800,0,0,0
231,000715,2018-01-19,0.0010493179433368471,-0.0031479538300104304,0.7165075330643889,8071.0,25899.335484984134,176,2014273,794679,191832,227895,871041,452656,575130,114128,163305,0,212965,0,0,0,0,0,0,0
232,000716,2018-01-19,-0.0036496350364964014,0.0,0.20128022490997557,6006.0,39165.65753575317,741,8547520,5789043,664574,891115,2466151,2274164,2211731,1627647,1198037,996117,555111,0,1011916,0,440000,0,0,0
233,000717,2018-01-19,-0.013079667063020106,-0.00832342449464929,0.1448114318454449,57324.0,262592.9804382525,3379,233770621,236285188,939565,1424432,12697986,15565616,22442166,23224286,38150364,41126320,24505763,28729529,20825661,20487818,22465582,19012887,91743534,86714300
234,000718,2018-01-19,-0.00994035785288272,0.0,0.10366412953465007,25400.0,150160.76809268587,2363,81612002,89380610,1021478,1617943,7281407,9666719,14801204,12700099,16563117,18175460,9025494,9674541,5615181,5754712,4881675,5336460,22422446,26454676
235,000719,2018-01-19,-0.0021762785636560977,0.0032644178454843686,0.35833585273260676,5526.0,27703.426996731327,657,3610943,4105640,992446,1187785,1306681,1057782,720233,612690,591583,758193,0,0,0,0,0,489190,0,0
236,000720,2018-01-19,-0.009153318077803174,-0.006864988558352492,0.23777971510109766,6959.0,79734.27066398704,337,5053805,3071577,484396,277748,1306440,1014440,700360,629999,485249,552011,508884,252149,304234,345230,0,0,1264242,0
237,000721,2018-01-19,0.0018416206261511192,0.007366482504604033,0.24520810378282024,8205.0,72317.29001337713,490,4594747,6006657,476118,520081,1685328,2080576,965347,1788465,238602,465859,0,236177,0,0,0,0,1229352,915499
238,000722,2018-01-19,0.01664816870144281,0.01664816870144281,0.3261379553141597,9210.0,57343.79747792278,763,7906010,11116608,884583,750621,3317953,3685201,1970353,1491669,1092046,1389881,641075,935992,0,390575,0,481950,0,1990719
239,000723,2018-01-19,0.0015105740181269312,-0.004531722054380682,0.21264922535408878,7920.0,102446.40759904025,969,21488702,15691404,935331,841676,3267167,3539564,2375935,2051098,3578070,2606241,2822223,727060,3749885,1298196,904070,415736,3856021,4211833
240,000725,2018-01-19,0.042319749216300995,0.037617554858934144,0.1064815537914502,970756.5,4740744.485711267,3602,3381051805,4777470598,0,0,211334,252643,1687240,2085746,17877754,13557403,41874552,26862201,57806614,34374520,57151463,40420758,3204442848,4659917327
241,000726,2018-01-19,0.0026833631484795006,-0.0008944543828264262,0.3670670155024396,10107.0,96754.06102462929,927,16895471,17096808,900105,620006,3425128,3257057,2856438,2074081,2320746,3329230,2066845,3044327,1503167,1013437,490998,948202,3332044,2810468
242,000727,2018-01-19,0.0,0.0,0.06253556885857973,2700.5,76735.59325869968,1564,14143588,14898682,999011,1207164,3617019,3950566,2332944,2086903,1676519,2901652,754923,1508392,998624,653315,490000,945688,3274548,1645002
243,000728,2018-01-19,0.03912647861692453,0.02729754322111,0.20652524527917795,55400.0,303930.03712190705,2835,183661055,253298352,1046725,1141815,9372961,11416381,14269208,16776028,28600089,32195458,22194263,29564663,18511540,20760050,12249637,23914383,77416632,117529574
244,000729,2018-01-19,-0.008610086100861003,-0.008610086100861003,0.15728988698868443,17031.0,156960.78659730856,2679,97026047,68832863,2431205,1900459,12281285,9898790,13120999,10455587,16902918,11851934,12247800,6941573,5116496,4485999,6185498,1794892,28739846,21503629
245,000732,2018-01-19,0.030978260869565233,0.05978260869565233,0.6219426118313679,293722.5,2642517.337066919,3530,1396437728,1087721398,291666,191052,5175115,5385560,12500681,13718662,33464296,35348258,44873576,42580644,52338355,33955117,46310230,50194844,1201483809,906347261
246,000733,2018-01-19,0.0160349854227404,0.016763848396501357,0.3634321161470068,13810.0,60624.96463566573,1425,20933873,23242370,2069854,885230,5860306,6472609,4508445,4505727,4268714,4652379,1937129,2827308,704691,623442,938551,1363372,646183,1912303
247,000735,2018-01-19,-0.021403091557669396,-0.021403091557669396,0.17393990463169468,24839.0,218810.94071908007,2341,103898218,81002866,1662700,1768292,12090014,10436605,11756559,11188887,19753597,13651607,10008924,8499149,6248164,4387681,7767841,5748734,34610419,25321911
248,000736,2018-01-19,0.03477218225419665,0.033573141486810565,0.60019779099132,15462.0,75888.90640224847,773,13873292,16919776,594029,612532,3749104,2776875,3123413,2931304,2537731,4145421,1273729,2827965,1068286,1681408,0,866171,1527000,1078100
249,000737,2018-01-19,0.0,0.004545454545454408,0.20009496692977763,7565.0,50245.043881395446,483,5710069,4170856,453369,609178,1736359,1724094,1268130,857508,507873,980076,253266,0,680588,0,0,0,810484,0
250,000738,2018-01-19,0.007097232079488869,0.011355571327182457,0.3348310379028882,14300.0,95071.14201888499,1771,39604307,44103398,1816924,1131819,7785987,6677162,6501630,7430748,7673220,10064941,6407941,5625645,2389185,3249658,3553005,1769877,3476415,8153548
251,000739,2018-01-19,-0.021772939346811793,-0.009331259720062102,0.17671740971447836,1917.0,45236.67457919484,1324,13220762,3171285,2175426,475568,2573551,1355000,1785327,470444,2144253,367910,998698,502363,353280,0,817271,0,2372956,0
252,000750,2018-01-19,0.04347826086956541,0.03754940711462451,0.1010535472581118,25600.0,217780.2176287988,2517,81037298,146699860,1402513,1398018,10282611,10274486,11142642,12846630,15645044,18965974,10240401,20934901,7490202,10613210,2742527,9829633,22091358,61837008
253,000751,2018-01-19,0.009689922480620172,-0.0019379844961240345,0.13263268098570144,12937.5,110994.03872337204,1516,36796243,30659916,1173030,1332839,6562718,7045402,5716989,3240022,6177075,4358639,4312916,3543224,3647848,2835558,922449,1755064,8283218,6549168
254,000752,2018-01-19,0.0,0.0015503875968991832,0.6886688348412702,6425.0,28821.19161238276,350,2710710,1961559,307659,420495,1059482,801369,632209,308460,427200,172235,284160,259000,0,0,0,0,0,0
255,000753,2018-01-19,0.0026109660574411553,0.0,0.18500080114223402,7680.0,74524.96885119077,428,7017704,4987991,442475,450969,1374046,1515948,1207438,1043714,1016406,846141,579821,676650,394752,0,417408,454569,1585358,0
256,000755,2018-01-19,-0.012422360248447228,-0.010869565217391353,0.3111235824375606,7410.5,57003.10454781751,428,6517376,4299169,363190,433173,1515933,1443228,1228664,1518825,863689,585943,738682,0,640500,318000,470934,0,695784,0
257,000756,2018-01-19,-0.02336096458176329,-0.02788244159758846,0.3288602686656681,14487.0,125140.91416680312,1629,53402040,23539610,1252992,1078623,12062577,5230881,7285575,3090671,5908757,3684184,8791132,3894858,3300840,1303728,1778880,1320735,13021287,3935930
258,000758,2018-01-19,0.004702194357366851,0.0015673981191222097,0.15973587309398168,6400.0,102852.79894850646,1597,29108075,26078481,1186860,1929709,4990622,5489830,4067996,3789302,3859214,3974559,3536751,1687019,1693097,1350440,905463,1734545,8868072,6123077
259,000759,2018-01-19,0.0,0.0046136101499423265,0.23542056043207796,13140.0,78823.3595756708,1357,22291559,26409830,1197734,1671403,6281921,5846625,3930971,6042756,4877429,4365283,2614786,2650397,0,317880,1333027,1356384,2055691,4159102
260,000760,2018-01-19,0.008347245409014992,0.01001669449081799,0.19825915319992463,7320.0,55209.13876376633,913,10669980,12534010,801910,1018643,3130541,3037453,2360977,2466921,1555075,2548985,774349,963308,983760,1955310,0,0,1063368,543390
261,000761,2018-01-19,0.005376344086021501,0.007168458781362075,0.1073157622111885,22560.0,266344.813042946,2715,136442386,120724332,2091089,1232562,12727151,9008380,10475834,11812910,21935042,18550929,15770000,13612656,9294759,12369202,7915026,7535274,56233485,46602419
262,000762,2018-01-19,0.002020202020202033,0.0060606060606061,0.3475922215532411,14950.0,97902.47118887336,1826,41965382,35784438,1197354,1775047,8055392,8112852,6875112,5761541,7646899,8163172,5571281,4204172,2022444,2030858,3260855,1401056,7336045,4335740
263,000767,2018-01-19,-0.0033444816053512794,0.0033444816053511683,0.14981552252899766,5960.0,151741.23040447506,398,5194665,7636429,391600,291606,1547961,852693,653902,907028,685930,574428,269100,959500,0,0,0,1322500,1646172,2728674
264,000768,2018-01-19,0.0038387715930900956,0.0057581573896352545,0.3159023928837486,31580.0,203415.6928544553,2449,123113459,101558567,1106346,1670288,12487744,10560684,13883186,14008158,18172662,18481810,11050044,13546087,10535172,9701678,8508016,11036250,47370289,22553612
265,000776,2018-01-19,0.009037745879851178,0.011695906432748648,0.32363644263479713,138919.0,626628.2271172481,3381,546791253,624050025,651623,695837,9047059,8706873,16322294,16702679,41644980,40454468,34883122,38452049,38392318,37836740,36930609,28520491,368919248,452680888
266,000777,2018-01-19,-0.006900878293600976,-0.012547051442910906,0.5257624300638654,15830.0,153800.3130414694,919,32238518,25014447,725822,841820,3768163,3374895,4503881,2954414,4033397,3483683,4055992,1274406,3036404,3484802,915604,2141518,11199255,7458909
267,000778,2018-01-19,0.007393715341959428,0.01109057301293892,0.11001342676521757,12558.0,259744.424486022,2426,72404210,109822690,1519232,2080349,8171204,9597670,8354458,8811999,9920692,11799304,4579140,8489825,3506997,10423692,5316338,3846383,31036149,54773468
268,000779,2018-01-19,-0.001452432824981864,-0.002904865649963617,0.6965253204478524,12244.5,43024.74540667306,390,5994775,3261498,281763,279228,2318860,1109319,1299606,1075506,1514938,797445,0,0,0,0,0,0,579608,0
269,000780,2018-01-19,0.0040322580645162365,0.002016129032258007,0.2193049046001352,2485.0,42222.37350657075,511,4694499,3504280,341547,559277,1658948,1230466,1071249,466721,613237,472716,200788,0,380432,326000,428298,449100,0,0
270,000782,2018-01-19,-0.010709504685408322,-0.0053547523427041055,0.3863484709226457,5968.0,24359.504308722717,373,3712019,2138316,314220,324928,1575115,1041047,1439895,489225,382789,283116,0,0,0,0,0,0,0,0
271,000783,2018-01-19,0.033169533169533194,0.029484029484029506,0.15492168101460876,36885.5,386929.9258365299,2766,161450884,258259795,1689178,1483996,10680764,10753780,14344460,16543089,21290946,24397495,14288591,21287081,10272005,11755780,15072290,13394692,73812650,158643882
272,000785,2018-01-19,-0.012884043607532147,-0.0049554013875124925,0.319833957957265,12000.0,72476.57906962819,995,21345701,13802957,833953,1063841,4815606,4190753,4436394,2305845,3909570,2672942,2131269,1164566,1349773,301500,1249906,444000,2619230,1659510
273,000786,2018-01-19,-0.03216494845360829,-0.03298969072164948,0.42862854704018316,69455.0,282701.3551208812,3204,301865569,179634513,978921,1215896,10351214,11470803,16902747,17195362,50796740,38986867,40816163,29010156,24743006,20058043,24608102,15650318,132668676,46047068
274,000788,2018-01-19,0.0023809523809523725,-0.0011904761904761862,0.43674248550909106,8390.0,47936.89710797316,369,5132252,3811672,340490,584064,1570032,1732001,706666,575534,843744,266492,1277460,293650,393860,359931,0,0,0,0
275,000789,2018-01-19,-0.03032721468475652,-0.01755786113328006,0.2225281824539789,55352.0,353874.99633051775,3177,254729136,253487014,958022,1258343,11995755,14743205,17592346,18425472,35658233,30460689,24606038,28564659,26845614,18024437,15266911,17354526,121806217,124655683
276,000791,2018-01-19,0.00774193548387081,-0.002580645161290307,0.2449073848744475,9324.0,46337.58236318745,1001,12317438,12121572,1465545,1020070,4427621,4058193,2911286,2824386,2249962,1782169,479568,1240174,326206,0,457250,419580,0,777000
277,000792,2018-01-19,-0.05095541401273884,-0.04713375796178332,0.26492333062405443,170430.0,799879.6218862915,3519,725887906,600626724,270348,355699,7941752,8664089,18133422,19918375,42260948,47914010,47905704,53929496,49492638,45108365,37130385,39302217,522752709,385434473
278,000793,2018-01-19,0.0010395010395012338,-0.0031185031185030354,0.29712224104797585,20627.0,227325.76849413195,1048,52875365,43868716,846595,828606,4894990,3842488,5713780,3817545,10349756,5182580,6556110,2958037,4119343,4890498,3125810,4618389,17268981,17730573
279,000795,2018-01-19,-0.0050167224080267525,-0.0033444816053512794,0.17903056998856148,10764.0,69051.27260507992,1116,18921567,15466152,1120503,952138,5321798,3967126,3117714,3039571,3820697,2833598,1557994,751907,1044792,1698329,1243509,483003,1694560,1740480
280,000797,2018-01-19,0.0009199632014720294,0.004599816007359703,0.3545343696804926,10880.0,59511.56713323295,940,16729577,9709577,1060907,658383,3946378,3377965,3347188,1853125,4473665,2348505,839702,775201,1046260,696398,437600,0,1577877,0
281,000798,2018-01-19,-0.015300546448087537,-0.01857923497267755,0.30326861153549,9130.0,51138.14318959363,910,13315055,7391249,1067620,751227,4504584,3679392,3440267,1851300,1858364,833298,1240335,276032,0,0,0,0,1203885,0
282,000799,2018-01-19,-0.016961651917404175,-0.012536873156342221,0.5187203901866754,16110.0,142612.2440882975,2734,87868336,71332388,942835,3738177,9082857,12568618,12235766,12528510,14143417,14558648,12528475,7851812,8312412,4397337,6259294,3081302,24363280,12607984
283,000800,2018-01-19,-0.008488964346349714,-0.01018675721561968,0.24240571035783157,29375.0,153293.1664432417,2364,108295724,77055742,1251304,1039177,12734396,10000098,14931672,11286518,18370649,18362705,11152532,10822910,11600502,6898133,6610684,7050918,31643985,11595283
284,000801,2018-01-19,0.09430604982206403,0.09430604982206403,0.16856217754356967,7380.0,302452.17739599425,1112,70275126,8850000,2212074,126237,5981472,645295,4607339,1290398,6787061,1997941,3079125,1762063,3772089,0,4469805,0,39366161,3028066
285,000802,2018-01-19,-0.020000000000000018,-0.01851851851851849,0.4258168748309765,11997.0,116156.93149655426,1005,27454525,10077892,726015,1152180,4072165,4329931,4084139,1848539,3480857,1304036,1224923,1079843,1528114,363363,969615,0,11368697,0
286,000803,2018-01-19,0.019230769230769162,0.014423076923076872,1.5829615491507616,6361.5,29624.565377256433,172,1382932,1530916,110330,248748,553805,396775,129860,269255,588937,616138,0,0,0,0,0,0,0,0
287,000806,2018-01-19,-0.08793264733395689,-0.08793264733395689,0.18874345653951025,48803.0,293924.97436383594,3220,236031457,163146063,961852,1009426,17123401,13411829,24299835,17843566,39729300,29286899,26138873,19569498,18096862,17989781,10775441,7507725,98905893,56527339
288,000809,2018-01-19,0.0,0.002673796791443861,0.21783776937548316,15000.0,71447.13500877579,294,6889308,5356242,179652,215574,1774324,974716,1662768,787819,1506409,1285991,497582,1000234,707954,1091908,0,0,560619,0
289,000810,2018-01-19,-0.0028248587570621764,0.0014124293785311437,0.2730087438633352,7150.0,40548.98381960382,672,7346582,5740478,601426,1000991,2306839,2419605,1513389,1325191,1276624,618743,765768,0,312936,375948,0,0,569600,0
290,000811,2018-01-19,0.008827238335435084,0.0,0.3874640210353674,7940.0,108843.5657659982,418,9101959,5950108,534946,381263,1455734,1497024,1403161,624941,1127812,1896471,961636,927508,0,0,452670,0,3166000,622901
291,000813,2018-01-19,0.005714285714285783,0.005714285714285783,0.24799857364013178,4385.0,52858.51107402772,1245,11845975,11011754,750223,3307311,2836792,3598642,1989881,1298570,2051243,1250099,952012,251712,1040350,0,850963,425040,1374511,880380
292,000815,2018-01-19,0.0006064281382656134,0.008489993935718587,0.7607905024182359,14958.0,55231.100831292475,469,6128729,7825936,457292,420248,2222474,2083298,1754645,1800039,1274018,672106,420300,769382,0,1080017,0,465360,0,535486
293,000816,2018-01-19,0.003389830508474523,0.003389830508474523,0.07972897658913128,5346.0,64280.55525210611,1376,13981593,18497342,1282117,1436660,3530329,4045868,2405133,2429559,3190628,1891697,1896077,3376715,320665,2101631,855144,1327777,501500,1887435
294,000818,2018-01-19,-0.02255054432348358,-0.005443234836702948,0.43497669897025276,19350.0,133096.12533327678,874,23296323,23454521,490257,720072,3762347,6032140,2750898,2999985,4167040,3192887,4299732,2091376,2802941,2167685,1318912,894196,3704196,5356180
295,000819,2018-01-19,-0.002502085070892335,-0.00417014178482078,0.5373744796777914,9584.0,55912.40090958064,497,5993199,4422901,442269,681853,1713173,1987293,1374620,904199,954478,849556,437659,0,0,0,0,0,1071000,0
296,000820,2018-01-19,0.011842728564661398,0.03268593083846527,0.5196596216328453,110870.0,2337257.487259935,1662,145676290,722779747,26172,1088163,1072570,6953017,2171477,9873843,9298829,21758723,8951841,25036726,9613900,25142849,13055990,19102476,101485511,613823950
297,000821,2018-01-19,0.006227758007117501,0.003558718861209842,0.33085329182518813,11290.0,77427.02367492639,1154,16194732,19777809,609450,734785,6524767,4621883,2400931,2718087,3931132,3979381,999553,1963265,363599,2046045,0,469560,1365300,3244803
298,000822,2018-01-19,0.0031779661016950733,0.005296610169491567,0.18697120835986958,19439.5,134005.84963317844,2552,87068530,68023633,2350498,1297510,13211606,9802306,11683916,10462126,16387604,14168098,12520342,11851381,7117554,6850854,4142572,5621969,19654438,7969389
299,000823,2018-01-19,-0.00970149253731345,-0.00970149253731345,0.42161001006638543,13390.0,125507.51674609438,1010,29166840,19468601,594310,949835,4378502,4734503,2873598,3250291,4615010,3803544,2618691,3617929,2157049,1031682,877252,478737,11052428,1602080
300,000825,2018-01-19,0.011494252873563315,0.003831417624521105,0.09708766185903983,28930.0,273178.12733038823,2904,167628207,172360900,1492236,1370824,12068560,9556441,15303326,14037985,21790799,19429646,17503381,20115178,11926908,13371006,12008859,9873599,75534138,84606221
301,000826,2018-01-19,0.002235707441711865,-0.00031938677738729826,0.8000107355481421,21910.0,186914.4283289219,1531,66120196,54294952,1218244,1342956,6731707,6935574,7007561,6151590,9921561,8602190,4166094,4111214,6228583,5759716,1716259,4065065,29130187,17326647
302,000828,2018-01-19,0.01883408071748871,0.019730941704035665,0.3725761990021899,16815.0,130139.80509725811,895,17064759,32908119,692857,479206,3368853,4195180,3442753,3380553,3892007,7039116,2223414,3524309,643150,4119921,492048,3058902,2309677,7110932
303,000829,2018-01-19,-0.001103752759381904,0.002207505518763808,0.34956675135503146,9060.0,39097.12802783131,671,8638184,4971973,1080069,754179,2220139,2136146,1772790,1089778,2677901,509878,512777,0,374508,0,0,481992,0,0
304,000830,2018-01-19,0.0026001040041601087,-0.0010400416016640435,0.33350115193595015,57660.0,372886.5593166518,3327,301875703,258357277,1168926,1405978,13848763,13802290,18472715,19169301,34094302,35331726,31716203,28578635,21086071,24805157,15569695,16015053,165919028,119249137
305,000831,2018-01-19,-0.004230118443316444,-0.006768189509306244,0.29677530926757356,17257.0,85549.6884151691,1587,41596993,30336137,1169497,1018493,7934797,7465759,7967048,5440452,8127565,7621120,5286697,2623237,4549926,2392167,3503895,424860,3057568,3350049
306,000833,2018-01-19,0.018922852983988436,0.00727802037845704,0.2706342970259805,10327.5,60541.25598011857,644,9287850,8898855,563712,623549,2240454,2505584,2794788,1586100,1654342,1688380,715550,456782,345500,0,411600,873401,561904,1165059
307,000835,2018-01-19,-0.01773049645390079,-0.005910165484633634,0.30423573324919173,10920.0,75617.05434191643,773,16387840,10223499,951317,753561,3942477,2764768,2775874,1439809,2474380,1952562,494278,1197402,2212631,0,1832016,423000,1704867,1692397
308,000836,2018-01-19,-0.029585798816568087,-0.021696252465483346,0.10722505442094181,14028.0,112394.14030418573,2245,59884519,40386737,2379613,1478783,11468043,7131194,12054774,7314512,11342091,7295405,5396907,5103520,3686653,2449169,2559082,2197341,10997356,7416813
309,000837,2018-01-19,-0.0033057851239668423,-0.0033057851239668423,0.2508529912673991,10908.0,48916.502424814986,581,8211858,7106445,492083,636335,2208762,2519098,1628303,1429490,2763865,628445,512845,794006,606000,607000,0,492071,0,0
310,000838,2018-01-19,-0.006557377049180357,0.0,0.14757270936505829,12260.0,83067.12986026733,1711,31854701,29646705,1288294,1827706,7613262,8483728,5305334,6047232,6903768,5054091,2534405,2758529,1985887,702686,1741170,919855,4482581,3852878
311,000848,2018-01-19,0.00782013685239491,0.012707722385141729,0.20995775573039982,11176.0,127250.36678147088,2382,40427003,50437961,1201941,2407449,10175014,9705058,4839236,5074196,8822878,6800635,4320836,5923812,3184153,2768483,1298323,2164534,6584622,15593794
312,000850,2018-01-19,0.013215859030836885,0.013215859030836885,0.20751433996713137,9140.0,66551.00704484472,478,5393813,9191743,380126,516865,1375765,2026454,1328571,1589452,1452507,1759973,260144,1017489,0,761504,0,451130,596700,1068876
313,000851,2018-01-19,-0.010575793184488869,-0.005875440658049236,0.3243163012302114,10236.0,169314.02627693757,688,20110100,10872238,668361,642524,2647023,2912106,2104513,2143285,2405754,2716139,575146,781246,392544,302913,910136,0,10406623,1374025
314,000852,2018-01-19,-0.014112903225806495,-0.007056451612903247,0.3092189160653732,10857.0,58152.30993634683,1029,18053232,10382945,1338894,1100918,5681492,4411524,2607304,2326269,3235573,2237954,2780455,0,341848,306280,848226,0,1219440,0
315,000856,2018-01-19,0.0047147571900045815,0.01555869872701554,0.4078756910363148,32122.0,126321.46482802156,2706,89120673,96285611,1141443,1242296,15027262,13706886,17830319,17725353,19699938,20370933,11477478,12586393,8793257,9135400,3916570,5756678,11234406,15761672
316,000858,2018-01-19,-0.014236111111111116,-0.017476851851851882,1.4401555227203462,381892.5,1129323.1945598149,3600,1257440881,1191253570,34620,42811,1350979,1096655,9332725,9975395,36388797,50511510,47507452,61352904,56087186,55053749,56918703,57865337,1049820419,955355209
317,000859,2018-01-19,-0.0023866348448688957,0.0,0.21732246511340772,7560.0,67144.5408033982,371,5973867,3186396,478374,269256,1581823,979284,1122702,650043,1004996,867813,241603,420000,0,0,0,0,1544369,0
318,000860,2018-01-19,-0.019202363367799014,-0.015263417035942806,0.3774374082703537,8000.0,128199.93915107897,2898,50085199,60468707,1111446,6235901,6848460,11477095,5850012,5819063,6543493,7731759,5973435,6040869,3026698,3012702,3499719,1377757,17231936,18773561
319,000861,2018-01-19,-0.009554140127388644,-0.006369426751592355,0.1361438746909422,4095.0,82986.83712060377,532,8387166,3866508,560276,473454,1565836,1264097,922950,1092020,1515836,147110,799983,257827,313000,0,0,0,2709285,632000
320,000862,2018-01-19,-0.004016064257028162,0.00401606425702794,0.29253630662015945,7470.0,101536.31998602518,289,5105486,2869797,225236,357789,1401290,870375,582960,557519,569200,703144,299400,0,0,380970,496000,0,1531400,0
321,000863,2018-01-19,-0.022058823529411797,-0.012867647058823595,0.2261564252172417,11382.0,66907.56402038338,578,11602965,6116749,685964,372535,3192156,2268187,2552703,1700970,2350674,641856,687502,462993,0,0,0,0,2133966,670208
322,000868,2018-01-19,-0.03981797497155859,-0.010238907849829282,0.16091989492140102,35200.0,152192.33685803862,2990,127834897,115178310,1787750,1520521,15432474,14419800,19751001,17902985,25154212,22478748,17348100,16840543,13565717,9485749,7036544,8948088,27759099,23581876
323,000869,2018-01-19,-0.006518904823989535,-0.007822685788787642,0.9871951736126201,19085.0,113587.79829731998,1509,39255774,39387838,890369,1517892,6973347,8362726,6569580,6569324,6827530,7486321,3626008,5112188,4134022,1990273,1812809,2689723,8422109,5659391
324,000875,2018-01-19,-0.00536193029490617,-0.00536193029490617,0.10525825135621289,7440.0,59905.23409025084,1258,20736453,8298720,4249081,767455,3275849,2247574,7976334,1624268,2275194,1085890,730995,0,745000,1463394,0,450765,1484000,659374
325,000876,2018-01-19,-0.010739856801909475,-0.017899761336515607,0.15401511379628602,25792.0,248671.59588728967,2966,168051069,107591341,2309512,1611421,15270935,10912067,16714614,13406483,27217469,20133552,15435046,10305897,11544237,8358895,11098786,6956599,68460470,35906427
326,000877,2018-01-19,0.02282333051563823,0.021132713440405793,0.20335791272516815,69484.0,248556.8411657954,3390,239399873,270495646,959265,755955,15295719,12229271,24984664,21444583,40049245,42599807,33161411,32968362,18487455,25948116,24150222,18379773,82311892,116169779
327,000880,2018-01-19,0.015118790496760237,0.003239740820734305,0.5565395280878993,9753.0,36135.1136572034,276,3038734,3370793,244760,271885,949076,1296216,1322123,611426,522775,683712,0,507554,0,0,0,0,0,0
328,000881,2018-01-19,-0.01538461538461533,-0.012145748987854255,0.4617998115731491,9748.0,62382.24266066519,715,11234860,7360828,687659,816672,2569348,2947969,2093914,1308061,2013013,1337238,480475,246848,625672,704040,1250753,0,1514026,0
329,000882,2018-01-19,-0.0032573289902279035,-0.0032573289902279035,0.12067294591806073,4766.0,54823.82275653358,648,10028530,5001459,803453,437663,2072370,1306098,1326660,1025273,2607988,1645652,1104671,273537,1085552,313236,454360,0,573476,0
330,000883,2018-01-19,0.002136752136752351,0.00427350427350448,0.14608453738855395,4680.0,89031.9281421577,1027,13481062,16326790,555541,1160557,3046231,3288915,1561505,2631389,1654070,2362760,1205927,2269241,344646,365820,1870473,921455,3242669,3326653
331,000885,2018-01-19,-0.021864211737629424,-0.015535097813578758,0.3524536590322908,26025.0,85974.54612254885,2433,77930260,51352116,1307841,1261930,14364897,12363950,15350251,12978085,18456416,12422324,9278290,5836457,7245227,2016479,1798359,3106878,10128979,1366013
332,000886,2018-01-19,-0.018300653594771288,-0.019607843137254943,0.23457314748556457,15260.0,180333.27944149936,1064,49877870,16968098,904459,869772,4550156,3911520,5066120,4804048,5467937,3379533,2678267,2647906,3989776,701511,5178062,0,22043093,653808
333,000887,2018-01-19,0.005717552887364308,0.0034305317324185847,0.4610251295472893,10518.0,62585.122869994986,1439,22073710,19139928,1376025,1408093,6463486,5492706,3556917,4804752,3337559,5019873,1699432,803118,2680344,1025471,424035,0,2535912,585915
334,000888,2018-01-19,0.002887391722810273,0.005774783445620768,0.3505627164948558,10430.0,67604.12489685183,878,11882899,9554233,1408377,427361,4877900,2053849,1771990,1020139,2851781,1322182,209844,1099675,334558,620862,428449,0,0,3010165
335,000889,2018-01-19,0.002360346184106854,0.00472069236821393,0.6599892759825569,5092.0,37147.98489719568,370,3539032,1842877,182597,831327,935292,580426,701220,266907,777349,164217,444934,0,0,0,497640,0,0,0
336,000890,2018-01-19,0.02180685358255441,0.014018691588784993,0.3442126175374333,7812.0,43187.254750426924,347,4193901,3730189,329889,240154,1225535,1181894,931066,752656,1171507,1232485,535904,0,0,323000,0,0,0,0
337,000892,2018-01-19,-0.0025839793281654533,-0.0051679586563307955,0.5172561515153203,15360.0,39518.30175409467,223,3822560,1282717,201225,92784,1501902,796833,765515,277150,1060548,115950,293370,0,0,0,0,0,0,0
338,000893,2018-01-19,-0.005617977528090012,-0.011235955056179692,0.3846971192068796,4435.0,78896.9774315994,535,5856924,6665522,607791,412412,2099434,996641,832706,857644,1263032,1055421,251370,742245,0,309120,0,445500,802591,1846539
339,000895,2018-01-19,-0.009310344827586192,-0.0055172413793103114,0.5298179500644312,37401.0,241395.98908674167,2998,176205050,130865758,2614996,1049754,18286782,13594684,16033975,16313486,24235036,25472232,13014808,14537128,12615432,9665099,7916477,7459743,81487544,42773632
340,000897,2018-01-19,-0.01098901098901095,-0.008241758241758323,0.11119448724276913,7270.0,86606.84693550791,1074,15886458,9865722,1193102,993795,4211738,3710911,2688298,1294950,3134679,1962490,687776,474628,1040006,1428948,486528,0,2444331,0
341,000898,2018-01-19,0.015850144092218965,0.014409221902017322,0.12353971864401019,57072.0,534523.8761634432,3167,301700667,336781030,1360109,1237730,12058891,11309825,17958104,16665956,28000815,31126229,23726749,24894301,32666018,27284954,20902021,21148838,165027960,203113197
342,000899,2018-01-19,0.003502626970227851,0.008756567425569184,0.3431482086966141,5760.0,49876.240341639925,276,2106255,3450339,228013,305891,951223,1036604,179471,364140,487979,665704,259569,504000,0,0,0,0,0,574000
343,000901,2018-01-19,0.017857142857143016,0.022767857142857117,0.49726074489809463,22990.0,116982.34771068323,2030,62734594,66523949,2083412,1118550,8638734,8435206,10288700,8255099,14783037,14096004,8179924,9939499,2913293,8638096,4358088,4867961,11489406,11173534
344,000902,2018-01-19,-0.015952143569292088,-0.012961116650049731,0.31783308175356767,10000.0,97062.88862091916,996,19944294,9890590,713232,1278701,4050288,3075849,2763217,1877744,3781136,2057231,2251072,991467,633408,609598,457699,0,5294242,0
345,000903,2018-01-19,0.002915451895043608,0.002915451895043608,0.09072377837921448,1376.0,51848.20626167337,1433,7059085,10666890,354405,2045994,1236406,2245117,928548,1207132,1230531,1939721,486717,1491317,705923,673280,928796,490147,1187759,574182
346,000905,2018-01-19,0.013774104683195398,0.01469237832874204,0.32507763263447903,15547.0,102281.42625494068,1122,24036787,26439800,834790,754777,5714821,4648281,4658290,4643854,6753314,4456491,1604462,2428488,741740,2113922,877537,430680,2851833,6963307
347,000906,2018-01-19,0.014473684210526416,0.017105263157894735,0.3356534994801288,12914.5,60866.94579119626,512,6279476,9920493,475503,440030,2493186,2311473,1390995,1859366,1139114,1697055,780678,675525,0,1495402,0,823910,0,617732
348,000908,2018-01-19,-0.006514657980456029,0.0,0.2866806207319148,11590.0,98925.47596599678,458,11793419,6220484,303249,552050,2102357,1865226,1515414,718082,1753957,1414376,722452,1058250,1628779,612500,496371,0,3270840,0
349,000909,2018-01-19,-0.0009680542110358514,-0.0019361084220715918,0.5363999446843877,9324.0,42528.79540755064,370,4823455,2758236,230036,388736,1703544,1266755,403593,498502,826986,399313,1037726,204930,621570,0,0,0,0,0
350,000910,2018-01-19,-0.01165954139137193,-0.024873688301593533,0.613864354715636,22959.0,88707.97599847437,1760,53289203,34850434,1001738,978222,8628538,6316222,15357700,9065127,11327004,7481740,5975882,3962743,4894326,2406380,1301321,1731803,4802694,2908197
351,000911,2018-01-19,0.0022050716648289725,0.0,0.3763542534348164,9060.0,34640.840170321404,580,5370050,4751904,757368,709302,2268213,1977150,677881,1123401,513020,673896,692822,268155,0,0,460746,0,0,0
352,000913,2018-01-19,-0.007987220447284504,-0.013312034078807211,0.933253297241141,9395.0,78694.30733941768,405,9406892,4466388,435317,402399,1170070,1501358,1554623,955521,1420874,749821,1250093,477490,2119035,379799,0,0,1456880,0
353,000915,2018-01-19,-0.03455216370345515,-0.03388124790338809,0.6714787922930672,28850.0,185209.55996789425,1972,107801511,57212772,637567,1232320,10728334,8599078,8142194,8047955,16030790,12909555,23565684,7290882,12684371,4801330,8858943,1896736,27153628,12434916
354,000917,2018-01-19,-0.007100591715976212,-0.004733727810650734,0.26717928793227963,16900.0,151447.84673965318,1000,37237836,23352142,1193984,635165,4659099,3299257,4201030,5805488,5868813,4864722,2687735,1480741,1687624,2114529,910895,2144652,16028656,3007588
355,000918,2018-01-19,0.0,-0.009562841530054711,0.21395908759009286,14700.0,101824.78417532457,1171,31269140,22800851,927117,998638,5113100,5317912,6062307,3407153,5681475,4635398,5754731,2859204,1034548,1284175,881235,446622,5814627,3851749
356,000919,2018-01-19,-0.0055370985603542255,-0.0033222591362125353,0.39797251838758235,17176.0,71271.58247612641,514,11687846,8023333,405331,549805,1966955,2471542,3059818,2499205,3324121,1249019,962637,798262,396390,0,0,455500,1572594,0
357,000920,2018-01-19,0.012565445026177846,0.008376963350785305,0.3918461382762786,11453.5,59588.07589774152,594,10400112,7389496,816292,451546,3295627,2121003,1860500,1568342,1877045,825367,1099798,665619,986699,651621,464151,0,0,1105998
358,000921,2018-01-19,-0.021628498727735312,-0.022264631043257044,0.33785199081002937,15595.0,124183.9038885918,2166,66916168,43347925,1192994,2055100,9468609,9971484,10466266,7184954,13842110,8568464,9147320,4120827,4733251,1695965,5730882,3638954,12334736,6112177
359,000922,2018-01-19,0.023195876288659933,0.015463917525773141,0.34634459187263117,11130.0,71878.23882135286,503,10043339,6384565,386058,500402,2577691,2075926,1688756,718560,2118059,1294329,751670,0,2017355,300700,0,0,503750,1494648
360,000923,2018-01-19,-0.022919179734619988,-0.011660635303578748,0.5931518209679442,24330.0,80635.01302079885,1758,47543622,34745199,1224341,1313780,10756821,9003396,10131712,6805151,11660444,8588162,5926206,4086200,2420500,1716616,945070,0,4478528,3231894
361,000925,2018-01-19,-0.007942238267148016,-0.0021660649819493782,0.5933676184025983,13825.0,54261.61473675524,544,9804490,5369154,294967,577670,2569424,2279579,1530175,1228034,2139515,1004303,1509818,279568,778661,0,428730,0,553200,0
362,000926,2018-01-19,-0.002523128679562725,0.006728343145500526,0.24756580964901032,47460.0,258635.76537558483,2308,127895403,172798636,916234,1100745,7677721,8830305,8001365,15375434,20388345,34523788,16811482,25260342,13091888,13202995,7122140,8092569,53886228,66412458
363,000927,2018-01-19,-0.008928571428571397,-0.006696428571428603,0.1524589366383512,8900.0,53530.980788119436,864,12127744,9651021,825697,929619,3581304,3314805,2721839,1625808,2566314,1968371,957415,744646,315060,364672,0,0,1160115,703100
364,000928,2018-01-19,0.004484304932735439,0.0,0.16188929659526088,20190.0,120198.38377796653,1710,55995213,40565118,1439253,968107,9082973,6325172,9897823,7559811,11491737,9283236,7628917,5828088,4856466,1886598,1781044,445500,9817000,8268606
365,000929,2018-01-19,-0.014225941422594146,-0.020083682008368076,0.7021854715735911,9432.0,142428.92628218804,289,3698578,4370865,232334,397153,1174028,1007225,396876,279276,1045029,121788,478791,288948,371520,0,0,0,0,2276475
366,000932,2018-01-19,0.016091954022988464,0.011494252873563315,0.18107868970235436,31150.0,261995.30256755397,2312,120538356,135323289,1290244,1809658,9421167,11334684,10965683,13352670,18492517,18486999,14787400,10252944,7193904,8344676,11088850,10687246,47298591,61054412
367,000933,2018-01-19,-0.004048582995951455,-0.022267206477732837,0.17221117623127485,56259.0,389592.77710777696,3301,289054062,256703286,1226491,926410,13302437,15546342,18837221,18965473,37838106,37348624,26737100,23529242,22761896,22251051,19850520,16793047,148500291,121343097
368,000935,2018-01-19,-0.013157894736842035,-0.002192982456140302,0.37671517757107925,21960.0,99541.31312584234,2346,65601494,53023918,1686896,1693998,13727546,11561122,13160051,9732849,15029011,11379379,8933394,6017011,1773736,3871831,3562531,1762944,7728329,7004784
369,000936,2018-01-19,0.002989536621823552,0.001494768310911887,0.21851954525088374,12768.0,109865.54992085547,937,15968430,21693734,735120,930025,3211741,4149002,3154630,3039793,3198106,3963541,2234203,2330254,673173,1352512,422500,430810,2338957,5497797
370,000937,2018-01-19,-0.0016501650165016146,-0.0016501650165016146,0.14056247750589362,13332.0,133677.03944288823,1862,54629968,44046256,1906232,826805,8411784,3541945,8365510,4579444,9133608,18988945,7269357,4648844,5254317,3547275,883188,1765603,13405972,6147395
371,000938,2018-01-19,0.018973561430793096,0.027838258164852414,1.3850611716030534,32750.0,155162.86953148126,2155,65416925,95363180,1153712,1259566,10377341,10481896,12623119,13393406,16676165,18324993,8706524,12745657,6680821,6033199,1732128,3021610,7467115,30102853
372,000948,2018-01-19,-0.0019323671497584183,0.0,0.5204051581231547,8256.0,130831.263610022,395,9309854,5135574,274290,335209,902537,1351158,956277,615134,1131884,641749,207600,786941,731154,706758,2579055,0,2527057,698625
373,000949,2018-01-19,0.0024271844660193054,0.004854368932038833,0.21966284207900463,4920.0,42914.90148649259,351,2787002,4005888,389940,351692,1077008,1086291,583270,517188,189471,956038,547313,463921,0,630758,0,0,0,0
374,000951,2018-01-19,-0.0034883720930232176,-0.008720930232558044,0.44514060760541174,10212.0,94208.36854675488,1493,30020340,26135933,1485148,1219812,8036163,3786238,5159124,3377136,6721102,3658730,2705282,1978100,0,3509566,2300048,1847897,3613473,6758454
375,000952,2018-01-19,-0.03178991015894961,-0.033172080165860374,0.5089642853425855,14205.0,103339.41369016471,808,23187650,11577887,608876,856908,3048450,3881395,4346231,2024313,2835104,1481917,3986006,930098,1059156,357500,2714060,886652,4589767,1159104
376,000953,2018-01-19,0.007822685788787531,0.010430247718383301,0.2700747363412038,9984.0,57068.03274374128,807,11421631,9399331,964143,766880,3379146,3257501,1892966,2277131,1708354,2307478,758978,479595,650120,310746,0,0,2067924,0
377,000955,2018-01-19,0.008902077151335286,0.0029673590504450953,0.27445412806405,6760.0,60069.846794071396,603,7264047,7031292,250797,764284,2177833,2036921,1041471,648166,1698691,1349140,1072554,486350,618975,398573,403726,0,0,1347858
378,000957,2018-01-19,-0.01121495327102795,-0.004672897196261627,0.2998058913501995,11819.5,83496.42320690521,1274,30974892,14231453,1024103,1111756,6128031,5341131,5339052,3263698,5867532,2828327,3132517,1027761,2307465,658780,1367528,0,5808664,0
379,000958,2018-01-19,0.013592233009708687,0.007766990291262044,0.15114229196074785,9823.0,61194.70892839549,1162,16628029,14444591,1229969,984677,5391902,4173716,3188088,2597166,3362394,2649925,1870128,1016190,702648,342021,882900,427868,0,2253028
380,000959,2018-01-19,-0.004918032786885185,-0.0016393442622950616,0.14592941582314123,8568.0,103613.49949805674,1752,28405114,25720634,1374787,1730015,6374375,7392220,4150570,2566925,3729487,3718607,3441085,1911123,2349345,1733513,400602,424034,6584863,6244197
381,000960,2018-01-19,0.023396226415094423,0.008301886792452695,0.28455987774633057,21456.0,173531.71162212035,2169,97564901,74325683,1614163,1146222,10115904,7302909,12099282,9892594,15887242,12635071,12546320,9634868,8846489,6228740,6059968,6642759,30395533,20842520
382,000961,2018-01-19,-0.01945525291828798,-0.0038910505836575737,0.14449877693855878,46421.0,303421.05101089063,2861,222412135,194660586,1010838,1449483,9557487,11210049,14186123,17264043,25627431,31198658,21957519,23603358,18871566,15783778,12300144,16311736,118901027,77839481
383,000962,2018-01-19,-0.005006257822277815,0.0012515644555695093,0.3365294696720292,12030.0,58333.39957905222,563,10937833,7009454,504857,574383,2346381,2472613,2436075,2386434,2295900,895678,1825640,282846,368140,397500,0,0,1160840,0
384,000963,2018-01-19,-0.008905852417302795,-0.01490367139222104,1.1335415548086554,27250.0,146441.06229842847,2360,61235506,102718181,490302,1874894,7333678,17785642,8941980,15150200,13912820,18459970,7446682,10786196,6917938,9389745,1329688,4000246,14862418,25271288
385,000965,2018-01-19,-0.001680672268907557,0.001680672268907557,0.1908521478245712,11960.0,66979.3555598807,972,17907942,15056621,873253,732198,4280547,4024779,3344043,2942006,3987589,2947765,1912620,2127771,1687080,704985,0,461771,1822810,1115346
386,000966,2018-01-19,0.0,-0.002577319587628857,0.18699378176454062,3890.0,79883.51436717503,430,6538072,3437985,802152,301798,893268,1097498,1288813,566662,468776,704257,778112,0,387000,310318,0,457452,1919951,0
387,000967,2018-01-19,-0.008810572687224627,-0.008810572687224627,0.3088146580969815,8548.0,85970.26472468476,864,19584982,7896291,1464871,749480,3418116,2056045,1864756,1761357,4001085,1831438,3776222,658585,1467258,338776,1834074,0,1758600,500610
388,000968,2018-01-19,-0.035862068965517246,-0.03103448275862064,0.36843920455154106,14395.0,67405.54365690042,1550,34549047,22328070,830416,1952813,7635841,7106579,9235429,4219437,5547049,5108043,4944502,3098347,1652913,357742,0,485109,4702897,0
389,000969,2018-01-19,-0.0117647058823529,-0.004705882352941115,0.27749353640176794,8480.0,75894.9858865051,938,16121901,9514714,789255,951409,3282737,3441588,3421462,2340024,3697208,1486017,793944,215808,645890,352260,475165,0,3016240,727608
390,000970,2018-01-19,0.0,-0.0015220700152207556,0.2936086201408057,19755.0,131572.8417628728,2003,49508303,64345245,1028325,1612194,8568406,9934331,9234488,9872175,11816971,13055328,7058128,8668715,3445007,5039074,1708286,3393189,6648692,12770239
391,000971,2018-01-19,-0.022696929238985253,-0.01602136181575431,0.4425605846028127,13342.5,83965.91354302234,1146,24633939,14767848,891180,1050475,5880821,5235401,3356523,3268179,4840208,1892251,1810181,1202378,1725720,1431582,450458,0,5678848,687582
392,000972,2018-01-19,-0.012376237623762387,-0.012376237623762387,0.2468731357568895,8800.0,90861.9385816762,267,7189120,1351773,310319,182046,1815455,668828,940754,393832,1635586,107067,671260,0,0,0,0,0,1815746,0
393,000973,2018-01-19,0.010169491525423568,0.005084745762711673,0.19023223046363213,7128.0,61739.77141777781,962,12602234,12178910,1040791,819932,3356754,3063777,3109130,2589772,2372415,2413465,972689,966141,1065015,328396,0,890529,685440,1106898
394,000975,2018-01-19,0.015256588072122046,0.00832177531206657,0.5412744418952279,8712.0,97191.58915725235,709,15095190,11762445,556058,790734,2315900,3004403,1928301,1943600,3740335,2213679,795318,1520105,309092,304500,1383643,434400,4066543,1551024
395,000976,2018-01-19,-0.001240694789081842,-0.016129032258064613,0.2402275637278476,12688.0,96315.00532566325,1126,24136187,5742458,751009,793632,10483283,2487379,2323550,818678,1932374,379119,1992147,468673,0,332800,434865,462177,6218959,0
396,000977,2018-01-19,0.0011785503830288313,0.0029463759575723003,0.3447657339312742,25830.0,171532.12477268622,2423,88530516,98529395,1149960,1616332,10709028,12581645,13263599,11267276,19556445,19245424,8494268,12876490,5439086,6923146,3638777,5506637,26279353,28512445
397,000978,2018-01-19,0.022538552787663146,-0.0023724792408066353,0.35316046711831306,8380.0,75587.89240168789,569,6783596,10542137,712943,475144,1918607,2260314,911471,2036915,641160,1639167,1167233,720081,328940,997625,467882,851760,635360,1561131
398,000980,2018-01-19,-0.020034843205574915,-0.006968641114982632,0.28984135588620363,11450.0,80359.03326135552,1569,29238514,20810639,1123973,2002100,6981163,6046565,6132955,4391308,5238065,3827140,2569716,685333,1368673,1469058,920915,468523,4903054,1920612
399,000981,2018-01-19,-0.02176403207331057,-0.030927835051546393,0.28674679438784334,6856.0,104564.81111045317,927,20797711,16571333,573445,948743,2357255,2804700,2422906,2835447,4283567,2807099,3003283,1207830,2605080,942599,1642086,1343831,3910089,3681084
400,000982,2018-01-19,0.029629629629629672,0.01728395061728394,0.13983405292802123,7780.5,50379.70780822294,840,11773840,8366539,935131,670031,3771159,2454904,2605166,1829032,2572064,1864910,1119464,740092,359856,0,411000,0,0,807570
401,000983,2018-01-19,-0.013645224171540016,-0.01754385964912275,0.18680239185863307,40520.0,275871.4849452017,3023,211424746,181253166,1000290,1434336,9195843,12624095,14826134,15566818,26906191,25784037,22338521,21968709,23122841,17114167,15916588,12493481,98118338,74267523
402,000985,2018-01-19,-0.0207805372529144,-0.018753167764825163,0.972719435899271,9825.0,52986.82659712937,411,8336646,2329270,372174,559682,1894872,1163935,1462953,243769,2254681,361884,854300,0,1052675,0,444991,0,0,0
403,000987,2018-01-19,0.04373757455268379,0.03379721669980107,0.2575173641526112,12390.0,123894.28573561263,1528,24714616,37046378,910195,1199237,5342292,8130162,5587263,7351189,4708208,5753831,1598924,2321517,1409733,1984033,2541733,407030,2616268,9899379
