,code,date,pchange_whole,pchange,change_std,amount_median,amount_std,length,sumsell,sumbuy,sell_vol_0,buy_vol_0,sell_vol_1,buy_vol_1,sell_vol_2,buy_vol_2,sell_vol_3,buy_vol_3,sell_vol_4,buy_vol_4,sell_vol_5,buy_vol_5,sell_vol_6,buy_vol_6,sell_vol_7,buy_vol_7
0,000001,2018-03-09,-0.004938271604938316,-0.010699588477366295,0.20850276247618718,84420.0,721376.9596566323,3399,480742965,394535964,763045,888351,11726206,12229544,22517662,21588753,42845602,48195117,31030099,33709688,30409193,22203060,22822263,19814469,318628895,235906982
1,000002,2018-03-09,-0.012105107764983636,-0.005609684086211875,0.5783149182386453,111045.0,349930.9218317359,3431,381338237,343267147,622031,316059,11011063,8168110,22439383,19967104,45917177,54233982,46882301,44780252,41590643,31786472,30048870,29189389,182826769,154825779
2,000004,2018-03-09,0.0071292775665399155,0.004752851711026684,1.1498559884386523,12647.0,71600.46548795105,334,3378023,4699143,291399,244645,1389896,2059916,535313,824642,0,284480,283500,220500,312155,0,0,0,565760,1064960
3,000005,2018-03-09,-0.002421307506053183,-0.004842615012106477,0.12086957832241983,8200.0,91823.25576705403,1170,21254144,14534435,1164458,1171195,4946904,3893070,3308859,2857519,2914623,2626198,1731148,936458,655589,356006,819000,900379,5713563,1793610
4,000006,2018-03-09,0.022067363530778206,-0.00696864111498241,0.15189066855471714,50809.0,1877057.8626151031,3231,311002797,378633631,1329052,1239982,16444411,11890491,22681506,18711148,30824687,32330396,21684391,22688360,15744710,13710271,14718502,16008378,187575538,262054605
5,000007,2018-03-09,0.024683122081387454,0.046697798532354895,0.357276004905345,26027.0,421579.0079691812,1811,56149219,97831664,759221,1639074,6005357,10243570,7497504,11728987,13364427,15341457,5607893,7717128,4961998,7060489,1815668,2700094,16137151,41400865
6,000008,2018-03-09,-0.0026773761713519972,-0.004016064257028051,0.17761222017530678,5222.0,121794.6341150806,1771,37076777,17741404,4568891,1710962,3642623,3893261,2394739,1960735,2568919,2308868,1465416,1164855,6204042,1066527,1379147,0,14853000,5636196
7,000009,2018-03-09,0.021207177814029254,0.014681892332789603,0.15077207808699997,12280.0,176860.87647757708,1655,33023077,48126380,1872400,1306881,7304323,6471768,6018558,6748589,5619101,6774109,1374127,5830192,3368848,3473903,0,1350830,7465720,16170108
8,000010,2018-03-09,0.012931034482758674,0.015086206896551824,0.14583373239511174,9400.0,63837.62618529681,1014,14310030,13419912,1122455,838671,4337230,4032278,2698220,2913907,2621502,2038843,1241697,1371565,1432559,319113,856367,0,0,1905535
9,000011,2018-03-09,-0.013237063778580138,-0.01865222623345386,0.3846361669066811,24345.0,117455.20225049996,1869,69879042,25887981,1317397,1283061,9086223,7309288,20547715,5575284,19645142,7686682,5660884,3320338,2371464,713328,843720,0,10406497,0
10,000012,2018-03-09,-0.003663003663003539,-0.004884004884004756,0.19910411632668243,16300.0,129749.97144411902,1693,56854352,32987686,1341162,1792761,7787352,7512237,7296710,5608666,10483213,8106041,7702575,2306237,2404759,3827064,6441000,1815007,13397581,2019673
11,000014,2018-03-09,-0.003502626970227629,-0.008756567425569184,0.3180831208881992,11290.0,56031.67039519382,1289,21308934,16627012,1309913,931004,5653243,6164605,4743785,2654044,3952259,4690949,1640688,902760,2069574,0,843000,0,1096472,1283650
12,000016,2018-03-09,-0.02170542635658923,-0.023255813953488413,0.16726244549395353,8229.0,148165.08366250567,1489,34517675,26344031,1553992,1493268,4976774,5133324,4343574,4410878,4855982,4472249,1783548,1396446,2355763,664296,2102437,404487,12545605,8369083
13,000017,2018-03-09,0.008116883116883189,-0.01461038961038963,0.14094608358763952,12240.0,89397.42160688501,1916,39586616,27747656,1718698,1455003,10166019,6721557,7930044,5048435,7932456,5254775,4940479,3159044,1977217,2027113,913744,0,4007959,4081729
14,000018,2018-03-09,-0.01803278688524579,-0.014754098360655665,0.14343346937851328,14808.5,145290.40360176383,1812,45518571,53671377,1451197,1471625,6644263,7458240,7395646,8392791,10175830,10018507,3357158,5340121,4077055,3980782,2649137,4136167,9768285,12873144
15,000020,2018-03-09,0.006670372429127269,-0.0022234574763757564,0.3680061365934979,27105.0,304895.82385780726,2407,106382904,126675207,1374450,1670336,8114928,11218865,11915196,12144728,17521689,18930308,14754881,10778650,11079529,9068354,6969066,13064025,34653165,49799941
16,000021,2018-03-09,0.02828054298642524,0.02941176470588225,0.17163483662891035,26790.0,205655.61148561165,2656,84123514,130415913,1404694,2226108,12736443,13187032,12168928,15333999,16077910,20901176,11206036,17063414,6415732,8849240,5406067,9541527,18707704,43313417
17,000023,2018-03-09,-0.008682328907047898,-0.011235955056179692,0.4861534744134988,19300.0,86119.14692269228,1624,46211121,28818969,1592564,1148527,8720757,6373380,9596593,6035044,13602564,8296606,5807287,3149407,2153979,379260,1853618,437310,2883759,2999435
18,000025,2018-03-09,0.008747044917257751,0.015366430260047359,0.7491165215052231,51384.0,343773.2202161533,3194,188413584,177421297,1212136,1327873,13377469,14322524,22662368,21780698,36615952,29501374,22980646,17849022,23345693,16483927,11821093,9091174,56398227,67064705
19,000026,2018-03-09,0.007619047619047636,0.0019047619047618536,0.4091391509462082,7357.0,45345.59406784608,658,7562812,5844767,823325,741115,2134001,2212929,1420319,806737,1864595,967243,756892,209600,0,386343,0,0,563680,520800
20,000027,2018-03-09,-0.005042016806722782,-0.003361344537815225,0.16310127826189577,11248.0,96883.70330015435,1332,30627386,15557042,1108155,872513,6816166,3799704,5250046,2423207,5352614,3107233,3479030,1029273,615011,1031812,916641,846887,7089723,2446413
21,000028,2018-03-09,0.0035629453681711443,0.001017984390905946,1.8607530895540003,11891.0,131034.00206366488,1004,24897535,24223410,666583,1423524,3563298,3970501,3409315,2397299,4560594,4742957,2442705,3168434,1381082,2160391,474800,949200,8399158,5411104
22,000030,2018-03-09,0.005235602094240788,0.005235602094240788,0.2526616904007581,3830.0,37464.88614104943,914,5067233,9038865,585224,1180618,1643095,3260365,1172786,1233674,1241977,1963662,0,248738,0,655559,424151,496249,0,0
23,000032,2018-03-09,0.017679558011049812,-0.013259668508287414,0.25852394290281877,8985.0,51493.1948025731,1226,18457055,11671089,1436128,1212681,5003877,4651213,3869050,2690309,3646298,1746088,1750025,201552,947138,358000,891500,811246,913039,0
24,000036,2018-03-09,-0.006514657980456029,-0.013029315960912169,0.2308823444731252,16398.0,226717.71758821982,1592,69002403,28703093,1253798,1566313,7127834,7503661,6327482,4816806,9222142,5820840,4546293,3142510,4161475,1416976,4033244,859984,32330135,3576003
25,000037,2018-03-09,-0.07923169267707086,-0.06842737094837936,0.18652658917937076,17490.0,337473.5756930799,2002,65066547,71450402,1061518,1975219,6768592,8428356,8028332,12037249,9269784,10407437,7812181,6430343,6633962,5685191,5881090,5241337,19611088,21245270
26,000039,2018-03-09,-0.006732263076126288,-0.0046607975142413105,0.3646663816574372,19160.0,151217.36580978174,2805,105322221,68956158,3994161,1589893,14067823,10354174,12688234,12580717,16556104,15945229,12206483,8638076,7679776,5859946,3222137,2724866,34907503,11263257
27,000040,2018-03-09,-0.0031872509960160222,-0.004780876494023922,0.40591123787413175,6230.0,33605.24878420979,956,6136819,8426159,1024966,1710161,2161662,2617082,1070337,1353996,609315,1925270,495514,819650,775025,0,0,0,0,0
28,000042,2018-03-09,0.02051282051282044,0.01602564102564097,0.8806726158138006,7980.0,86281.83131442513,313,5742424,5759540,426446,235742,1439142,667416,769163,289788,664533,730876,1462961,1196366,356095,993572,0,426070,624084,1219710
29,000043,2018-03-09,0.022271714922048824,0.011135857461024523,0.34545055321824697,12698.0,67081.42425987881,675,9182321,13598429,418970,700249,3070150,3162865,1938319,2304785,1892922,2769210,1220333,2002007,641627,1365426,0,0,0,1293887
30,000045,2018-03-09,0.009205983889528202,0.004602991944764101,0.21263852524288684,17250.0,51592.594966122146,1672,36462536,20721766,1469637,1277182,10407747,7290740,10799889,5123793,9113091,3984857,2301337,1709610,334620,0,821697,818530,1214518,517054
31,000048,2018-03-09,0.010522055847834721,0.01092675030352086,1.0467178007706448,12360.0,43735.20411715439,557,7429887,6021708,688722,536734,2729135,2573252,1693072,958666,833449,1022390,991509,249672,0,680994,494000,0,0,0
32,000049,2018-03-09,0.019591379792891273,0.013993842709207893,0.8886536009542246,21522.0,77093.42203111529,1616,35330860,41758207,1211810,823707,9160946,7844497,7584162,8697313,9308074,11804357,2704915,4068678,2808195,3184776,1360299,1353611,1192459,3981268
33,000050,2018-03-09,0.029824561403508643,0.021637426900584567,0.3293485986065447,34660.0,185046.63118673835,2697,112307701,134153974,1349827,1291878,11733198,13060998,13618048,16798324,20215620,25714404,15281137,19247547,11270052,15093144,7925579,8603078,30914240,34344601
34,000055,2018-03-09,-0.002418379685610539,-0.0012091898428052694,0.18591969268846845,18128.0,134179.71703987604,1980,57697646,45375598,1740429,1563017,11347241,9554328,9682758,6983435,9527680,10605827,6170154,4456251,3401094,2827570,2230658,3013933,13597632,6371237
35,000058,2018-03-09,0.004477611940298498,0.0,0.24351482865098778,10576.0,51878.60191692269,757,12239294,7240715,782789,734412,3804609,2924578,2139881,2485887,2790529,857518,952550,238320,316436,0,0,0,1452500,0
36,000059,2018-03-09,0.0010460251046024993,-0.005230125523012608,0.25195746771666533,24790.5,228361.28210821166,1440,67154300,42435846,644507,1377754,6054072,8207097,10750601,6814025,9986091,7584599,4946930,4614979,1022925,3417463,3569381,2292687,30179793,8127242
37,000060,2018-03-09,0.007042253521126751,0.0090543259557343,0.20279356476495441,28768.0,226662.705461535,2404,109034946,109676399,1331440,2275590,10027683,13370522,10443602,13393977,15997140,18334473,7867148,12606780,9468501,9900148,8241616,5517895,45657816,34277014
38,000061,2018-03-09,0.002902757619738905,0.002902757619738905,0.2619988842344311,8905.0,61188.50830192552,691,10082191,9342477,669157,637050,3152709,2361373,2203967,2008859,1398668,1966458,272400,460184,1367195,365539,401109,877677,616986,665337
39,000062,2018-03-09,0.010184287099902933,0.008244422890397507,0.619902066459553,12426.0,78518.13299634826,1106,20549348,19659622,865087,783189,4952918,4181191,4478093,4094011,3944276,5194799,2612532,881986,1615200,1041047,483678,464687,1597564,3018712
40,000063,2018-03-09,0.028134556574923364,0.02752293577981657,0.5462275759535974,291095.5,1181282.8378210724,3584,869623120,1252826686,112720,119636,4336704,4919623,13515072,14465127,46741096,49648671,53077800,51149816,57768574,53209511,62633988,57722232,631437166,1021592070
41,000065,2018-03-09,0.01385390428211597,0.007556675062972307,0.40955623549988196,14256.0,78701.89485993555,1503,25557067,29233615,1635766,1290315,6127133,7207593,5153237,5345944,7348713,6307739,1256596,3530426,2366688,378815,893904,0,775030,5172783
42,000066,2018-03-09,0.02285714285714291,0.027142857142857135,0.14118924852061893,23727.0,185968.10641523154,2462,90505325,118600651,1736375,1604376,11447810,10988410,10424142,12057434,17722568,14052611,13211866,10992199,8065369,12498546,5641276,5332519,22255919,51074556
43,000068,2018-03-09,0.013015184381778733,0.008676789587852562,0.14084133775067653,2315.0,39398.26320546657,1074,10890256,6773376,602623,1116336,2678041,2529050,2114538,1390623,1764162,950695,3086192,446830,644700,339842,0,0,0,0
44,000069,2018-03-09,0.023068050749711633,0.033448673587082034,0.15266269698712281,51072.0,389169.9432239795,3235,179513016,294111665,1217642,1324016,12210134,13732491,15381163,24337299,30620288,46765758,20287509,23737818,15072311,15524312,11157936,14007359,73566033,154682612
45,000070,2018-03-09,0.02071973827699014,0.017448200654307522,0.28149167726570035,11959.0,80353.29408484003,1061,17438131,20639191,905710,1341670,4187813,5333454,2714569,4222541,2849342,3809448,1410403,1716224,1732532,2590042,1766047,0,1871715,1625812
46,000078,2018-03-09,0.010084033613445342,0.01680672268907557,0.13344697450869428,11960.0,90878.01222349156,1992,36995331,41317039,2088513,2141783,9989671,5871292,6754931,6981824,7638625,7444500,3228481,3773983,2355220,4161080,1359035,1777773,3580855,9164804
47,000088,2018-03-09,-0.006265664160401085,-0.007518796992481258,0.24454365274039716,12640.0,83339.31158287977,1065,21243924,18048045,886212,1094818,4429608,4737596,3831183,4325101,3353716,3591123,1412873,1844091,1363118,331552,1743263,495492,4223951,1628272
48,000089,2018-03-09,0.003456221198156806,0.0011520737327188613,0.3633229089459868,9537.0,120008.00569376785,570,9303087,11894444,467625,689039,2075553,2977838,1778167,1399518,1225265,2673576,217980,1299962,959151,0,453784,0,2125562,2854511
49,000090,2018-03-09,0.003933136676499638,0.001966568338249708,0.2794003459325467,8104.0,94963.63852201661,1325,24729392,19848112,1426378,972109,4742113,4157586,3594354,3898594,4885302,3680603,2819204,1229150,1366079,1022058,468076,491158,5427886,4396854
50,000096,2018-03-09,0.0030007501875468634,0.0,0.7046662638341513,10672.0,58081.5049101887,357,5128107,6635516,238875,304924,1079093,1383550,833196,842126,2484507,3023370,0,0,0,680446,492436,401100,0,0
51,000099,2018-03-09,0.010882708585247869,0.0145102781136639,0.2281760934903525,4165.0,75032.67362146272,1314,11447314,18828656,1086238,1807477,2834091,4255472,2639969,2640296,2048162,2619942,949347,1947249,306738,1380672,860753,934926,722016,3242622
52,000100,2018-03-09,0.002624671916010346,0.002624671916010346,0.06788216911107027,24749.0,275220.07862841483,3181,173615667,148187896,2202281,1763257,17033125,14449567,14807702,13404948,16815312,19755661,15367870,14367387,8424353,11035542,9313828,12147018,89651196,61264516
53,000150,2018-03-09,0.00035460992907809796,0.008510638297872353,1.6312180910902037,11092.0,61234.41137250386,298,4027446,3344278,286218,351003,1088910,1073360,706206,721405,322176,491309,523849,252161,0,0,0,455040,1100087,0
54,000151,2018-03-09,0.02236719478098781,0.01491146318732528,0.33137183080561167,13104.0,75745.36805492778,1049,17006953,18283801,839093,768372,5237876,3859006,3716070,3221610,3113810,2922442,1106915,3093183,346356,1065230,428000,493220,2218833,2860738
55,000153,2018-03-09,0.0077619663648123005,0.0077619663648123005,0.2537212435949343,8558.0,37490.23682976878,928,11069235,8276268,1412124,867798,4591708,3433613,1589678,1910582,2223546,1136292,480679,238700,771500,689283,0,0,0,0
56,000155,2018-03-09,0.010309278350515427,0.014727540500736325,0.15249988162754272,20310.0,116471.90204655135,1985,57287492,60093580,1263118,1461910,9970137,8549132,9552090,10798592,14244265,11237766,6897624,6486558,3713304,4808964,2103042,3438078,9543912,13312580
57,000157,2018-03-09,0.0,-0.002309468822170868,0.10530749954248196,9030.0,145793.0103654564,1695,36435598,31534452,1430282,1176417,7993431,6154083,5227607,3946084,4403002,3570640,2246281,2288093,1395574,1772805,1697908,2163509,12041513,10462821
58,000158,2018-03-09,0.008750000000000036,0.00374999999999992,0.20899211744693588,11910.0,58139.19678353622,1466,21419728,22713046,1490125,929306,7169040,6417378,4317286,5579996,5448991,4757927,1119458,1133158,337818,2069119,0,0,1537010,1826162
59,000159,2018-03-09,0.017505470459518557,0.015317286652078543,0.19320887651434082,4640.0,36080.47242081984,559,5076909,5435894,527959,334327,2321820,1965067,986754,1255334,929679,1253266,0,221298,310697,0,0,406602,0,0
60,000166,2018-03-09,0.007952286282306265,0.00397614314115291,0.12643481750162275,11592.0,106706.40056859366,1586,22439812,39540309,1035890,1424241,4856671,8987929,4185096,4079218,4488939,4601750,2463322,4778602,1967158,3372616,923895,2172889,2518841,10123064
61,000301,2018-03-09,0.004629629629629539,-0.00462962962962965,0.16586847678889202,12890.0,102167.44293576162,1528,43633060,21678807,2267034,1072429,6518383,5876285,6440988,5236984,7740727,4616430,4279911,3018724,3953972,327500,1379683,885455,11052362,645000
62,000333,2018-03-09,0.007398688414326449,0.009416512527324672,0.9984755614011291,250068.0,963053.1113265698,3548,814466320,981508822,89629,95675,4461192,6513308,13093485,16011920,44698112,46820667,45190775,54623853,49333178,53542654,40009817,50617271,617590132,753283474
63,000338,2018-03-09,-0.004801920768307433,-0.004801920768307433,0.1568470004564854,18150.0,202469.94893671232,2825,98448022,99354996,2099201,2520515,9264907,15224438,10148937,14515368,17598826,18433000,9491985,8015994,6604212,4698135,8013518,2971071,35226436,32976475
64,000400,2018-03-09,0.03436426116838476,0.03865979381443285,0.23832809017229115,27048.0,171590.10206485807,2387,79421851,118267642,1073545,1534378,10081964,12222026,10827103,13433643,14808787,21130060,15259592,15111442,7134980,9978466,3870823,7030787,16365057,37826840
65,000401,2018-03-09,-0.0273081924577373,-0.0286085825747725,0.2619680731986625,115700.5,744241.2504515641,3452,516308605,466920811,484921,635374,10120327,12129309,19916478,20561754,42159806,41629891,39782683,40413165,39186926,36614614,31527609,25602144,333129855,289334560
66,000402,2018-03-09,0.0019157088122607746,0.0,0.2586788121931508,8352.0,71500.49639462888,1629,30667534,19656570,1210324,1384928,7003640,6206201,4266514,2540395,6126086,3338356,3357004,1491890,3769130,398808,875610,1253722,4059226,3042270
67,000403,2018-03-09,0.010364426613172828,0.013707790036777023,2.164147293260144,18018.0,56526.92071976637,190,2882228,4175885,123539,132729,1053895,969226,568957,922586,748494,1283632,0,241040,387343,626672,0,0,0,0
68,000404,2018-03-09,0.008319467554076532,0.014975041597337757,0.1406398197361157,17880.0,199268.81600244946,1834,76546079,52042778,1193425,1341519,7016603,7143804,7848724,7597510,11267817,8823723,6617590,8807355,6595077,4703660,5369783,3154395,30637060,10470812
69,000407,2018-03-09,0.00654664484451728,-0.0016366612111293755,0.19869092181628242,12200.0,54765.7890497803,946,11791666,12227822,585812,625417,2933285,4706722,2464106,1874650,1990895,2157243,1450090,1016869,1373169,1233921,444448,0,549861,613000
70,000408,2018-03-09,0.012859767299448821,0.012247397428046813,0.5556799124721221,11515.0,91606.61758710934,863,13378289,19563662,926949,1425813,2938803,4251856,2911144,3278188,2461435,3649239,1188112,1082827,327600,1060010,0,1863614,2624246,2952115
71,000409,2018-03-09,0.008928571428571619,0.0035714285714285587,0.23064748394925522,5610.0,48060.01869757408,589,7135009,4731994,626975,458590,1920194,1832501,1069760,658781,2231174,717395,976106,0,310800,384060,0,0,0,680667
72,000410,2018-03-09,0.025466893039049365,0.03395585738539908,0.20083876512927012,85104.0,412761.0424452583,3449,293984910,350959543,724210,670097,13762937,11633703,23395975,24277113,49240747,45737027,36743976,36650889,29873026,23699146,26948405,18162908,113295634,190128660
73,000411,2018-03-09,0.021014161717679336,0.016445865692096717,1.1385552429354993,15645.0,489504.0280869446,369,8582746,12443118,394623,234809,2074693,1150070,1542049,2216253,517094,1309739,1205719,910456,1015115,0,927693,0,905760,6621791
74,000413,2018-03-09,0.008403361344537785,0.007202881152461149,0.15517176800538787,28220.0,227550.8553568895,2886,109203094,133396951,1468033,2063294,13602670,17343027,14554916,16143720,18805361,22557938,12366920,13711107,6187100,11497224,4577504,6982790,37640590,43097851
75,000416,2018-03-09,0.016245487364620947,0.010830324909747224,0.2206427199717752,5540.0,40988.917159715114,630,4804971,6195932,412895,631234,1936326,2400602,855867,1520790,909331,1007834,0,261612,0,373860,0,0,690552,0
76,000417,2018-03-09,0.028534370946822207,0.01037613488975353,0.245227326801825,4668.0,37569.618768179396,989,5971170,7867259,617769,1263847,3694123,3055403,386744,769290,140392,697839,288329,497920,380442,1096260,463371,486700,0,0
77,000418,2018-03-09,0.010422535211267459,0.008732394366197216,1.798147860149727,21552.0,73068.8717655107,1559,24697207,32493713,1159028,1518318,6300992,10942389,7282946,7804047,3387432,6280845,2015002,2922452,710154,1684161,1247440,837012,2594213,504489
78,000419,2018-03-09,0.01618705035971235,0.014388489208633004,0.24157590842073662,13536.0,100885.44417680016,529,13878609,10777279,549407,306137,1860154,2203894,2402008,2011986,3027336,2278080,1375506,1293441,986751,0,468975,478764,3208472,2204977
79,000420,2018-03-09,-0.006644518272425071,-0.0033222591362125353,0.09742556364047276,9030.0,152248.7727430108,957,33774462,12663084,801741,984505,3881457,2878148,2933684,2100284,4099008,2621520,3722624,641428,968800,0,1851152,890333,15515996,2546866
80,000421,2018-03-09,0.005484460694698434,0.005484460694698434,0.1927919174365981,2196.0,24902.983834231924,805,5085316,4042368,828487,638212,1631523,1416306,1318008,1161449,850006,605703,457292,220698,0,0,0,0,0,0
81,000422,2018-03-09,0.0,-0.008955223880597107,0.0954260726184306,5344.0,91500.5612551476,1237,20516903,10884202,1482847,999183,3861863,3281096,3581075,2068143,3143379,1614961,2098011,221444,990285,651065,486855,0,4872588,2048310
82,000423,2018-03-09,0.003600065455735546,0.0009818360333824216,1.2083795483367266,42602.0,182003.19986803626,2557,120877773,84085629,921685,707103,14318864,10308591,29449028,15161647,17238538,12632476,10864467,10792661,10804025,9369009,6256575,5406076,31024591,19708066
83,000425,2018-03-09,-0.0045977011494251485,-0.006896551724137834,0.07912877238766167,25488.0,240774.75748390242,3042,153546220,121681068,1906162,2050911,14900954,14397782,15451876,15319986,15613335,16188567,22645411,15124763,10297117,11608283,11867991,4850364,60863374,42140412
84,000426,2018-03-09,-0.02336448598130836,-0.02336448598130836,0.20193475441241027,37710.0,174946.18132656306,2814,154941065,83647931,905360,975808,20164220,10594143,22701813,13891318,26522343,20157551,13796802,9934071,10418916,8414767,8611819,5091801,51819792,14588472
85,000428,2018-03-09,0.007874015748031482,0.002624671916010346,0.2743078212810787,7590.0,49048.13128984554,192,1895502,2871261,198518,219188,799897,551481,687091,458588,209996,886067,0,0,0,342900,0,413037,0,0
86,000429,2018-03-09,0.014906832298136496,0.007453416149068248,0.22920410542949538,3228.0,27727.500148798736,1234,5732376,11570560,806984,1302529,2054027,7088720,1276781,2446697,485082,177171,490113,243208,619389,312235,0,0,0,0
87,000430,2018-03-09,0.006195786864931607,0.0037174721189590088,0.4547227438157858,8050.0,22794.40046890339,314,2421650,2398137,296724,327978,1228985,1108229,621917,700366,274024,261564,0,0,0,0,0,0,0,0
88,000488,2018-03-09,-0.004246284501061459,-0.006900212314224996,0.35282965379301273,46437.0,394505.79381303384,2852,242025725,191534333,1446462,1200195,12155809,12446852,17612663,16215328,29752682,22126864,22470714,22804862,16337499,15452507,7722966,10158757,134526930,91128968
89,000498,2018-03-09,0.010835913312693624,0.006191950464396356,0.24201477608443994,7139.0,83532.50022425874,712,9501217,9430782,1029155,547547,2092174,2072942,2031318,1628416,1438565,929725,653626,1530090,720834,652956,889545,400493,646000,1668613
90,000501,2018-03-09,0.004904966278356904,0.0,0.4559747675140902,9774.0,76571.53366228106,1279,21105642,18748484,600958,3235229,3143011,4820797,2774556,3759129,4050803,3556712,3640141,1123433,2049535,357519,487199,499392,4359439,1396273
91,000502,2018-03-09,0.021205357142856984,0.013392857142856984,0.4112825018186779,5424.0,39234.19734838167,474,3299203,3650401,835045,396950,1529109,921440,562863,661757,372186,249723,0,443141,0,0,0,432590,0,544800
92,000503,2018-03-09,0.0036755697133055154,0.003920607694192446,0.8949791867967497,40755.0,351097.4170464847,2080,126609477,123363887,1224160,1305570,10664482,9238407,11167812,9609564,17097487,13671286,10451934,14024966,12526909,7643934,9947788,8428317,53528905,59441843
93,000504,2018-03-09,0.008574928542262272,-0.004083299305839061,1.4166951390866849,21973.5,89068.12852813135,298,6934865,5438147,256549,229693,1463142,2113177,1365531,1007507,1096554,660208,1533589,975052,0,0,0,452510,1219500,0
94,000505,2018-03-09,0.02833530106257376,0.015348288075560657,0.24182564745371887,14517.0,77474.14181513815,1227,23147174,22050716,1174025,1074657,5825756,5760027,4667981,5593432,3936748,4552847,2726303,755698,356117,1034476,1784909,1344380,2675335,1935199
95,000507,2018-03-09,0.005192107995846129,0.0010384215991692258,0.19703270728266434,23208.0,135270.5227062179,2391,78587921,57243100,1968846,1968007,13077680,11275208,13356864,10783426,15340381,14411946,8748797,7052830,4509160,4681366,3473823,1794712,18112370,5275605
96,000510,2018-03-09,0.008462623413258097,0.005641748942172065,0.30378146719170995,7110.0,55980.65486838353,544,7513607,5172791,599306,678015,1677157,1776733,1328991,1183918,1350295,962125,1075339,0,0,0,809211,0,673308,572000
97,000513,2018-03-09,0.0009350788137858501,0.0017365749398876584,1.4402490048919927,37450.0,185673.3399371109,2702,140326150,113133994,2584712,961879,13253266,11316162,19230368,17044189,28212107,19273828,15950447,14248597,10940747,10112555,6065371,6422123,44089132,33754661
98,000514,2018-03-09,-0.011494252873563204,0.001436781609195359,0.16701892522794076,16054.0,116725.05245969168,1739,48397571,30469899,1821861,1032485,10619275,6862553,8968345,5738722,7285681,6258717,3468231,2258705,2045102,3128265,1751534,905441,12437542,4285011
99,000517,2018-03-09,0.0067264573991032695,0.0067264573991032695,0.08726403911937061,20160.0,112550.34876451084,2626,82885130,55339923,1914206,1840006,13610805,13636324,12061019,11809677,15160514,9635501,10504347,5374516,6841889,4082038,5798358,3059941,16993992,5901920
100,000518,2018-03-09,0.03196347031963476,0.08371385083713845,0.1466826750001525,13100.0,91610.5879182442,2012,41706740,40274623,2029798,1688092,9378130,7276838,9791840,7514177,7997625,6741335,5204432,5797402,1718339,2108228,859395,3168990,4727181,5979561
101,000519,2018-03-09,0.01781170483460559,0.021628498727735312,0.1811672967757337,16059.0,86660.48920351747,1884,32507681,46665334,1585565,1930741,8269179,10429893,7336030,9431420,7109303,9370584,4135351,5090606,1765088,2820763,870739,895712,1436426,6695615
102,000520,2018-03-09,0.09677419354838701,0.09677419354838701,0.07125884271314735,18972.0,375289.45336422365,2307,142141129,79228892,1959288,1160886,12212885,9632565,9446257,9850547,10798447,10556007,7833043,7019375,7661556,4592055,4536368,5202390,87693285,31215067
103,000521,2018-03-09,0.006696428571428381,0.004464285714285587,0.16616371256593804,5400.0,56707.406574693516,727,9118035,7552045,849276,527019,2905570,2219079,1754703,1222851,1345869,1903752,524025,462994,633149,0,444895,0,660548,1216350
104,000523,2018-03-09,0.023192360163710735,0.023192360163710735,0.2926017239692212,8844.0,43472.32691020808,627,7450254,7705504,667481,606081,2470818,2484368,2113939,2197573,1057096,1203297,651780,761924,0,0,489140,452261,0,0
105,000524,2018-03-09,0.012584704743465736,0.01645692158760892,0.35885256160397216,3150.0,21645.041723377977,829,3951084,4364481,772093,1065785,2088701,1210429,615818,654850,474472,952517,0,480900,0,0,0,0,0,0
106,000525,2018-03-09,-0.010913500404203691,-0.004850444624090455,0.608706346911015,24450.0,146634.36340082393,1652,66270502,41435717,1153765,1153482,7101042,7652549,6776974,7925538,21063614,9191141,8371853,5005084,3617601,2873128,2180382,2304580,16005271,5330215
107,000526,2018-03-09,-0.003202846975088991,0.0,2.0335757435387407,8404.5,65515.08093536497,190,3367625,1655424,81313,257798,585550,730572,733322,434214,371820,232840,251460,0,727280,0,0,0,616880,0
108,000528,2018-03-09,0.0010010010010010895,-0.002002002002001957,0.18208897576385802,42588.0,215059.04973689694,3015,164465537,144957863,1736845,1136391,14018781,13089612,20602768,16780913,33009704,30200410,20602518,19937461,14316545,13085738,8987647,9449612,51190729,41277726
109,000529,2018-03-09,0.006230529595015577,0.0,0.3140947928225648,5778.0,47920.87043372473,417,3847750,4041911,366719,381263,1354236,1463592,869540,655683,912097,284452,0,256000,345158,320857,0,0,0,680064
110,000530,2018-03-09,0.025793650793650702,0.02777777777777768,0.1419708966441128,10340.0,105321.57042305017,1262,24759148,24397420,1454352,889538,4458153,4637412,4581709,4083283,4311488,5979822,4645038,1685065,1322288,1423820,0,1345930,3986120,4352550
111,000531,2018-03-09,-0.004109589041095929,-0.006849315068493178,0.37906656047200854,7235.0,44994.34530956698,370,5202072,2405588,320570,457981,1658888,1155868,1632683,584704,476828,207035,419501,0,0,0,0,0,693602,0
112,000532,2018-03-09,0.032352941176470695,0.02941176470588247,0.35442313446510004,10570.0,45862.76938176152,828,8201251,13973550,616937,706250,3667576,4190518,1569803,3002624,1180078,3099647,465543,1618572,701314,1355939,0,0,0,0
113,000536,2018-03-09,0.019002375296912177,0.016627078384798155,0.11144815951279842,6337.5,82526.3312115921,1430,18503045,22544177,2128522,644474,5498037,3414710,3839064,3346682,2325831,4204274,1812301,2935917,1410460,791037,405978,1336928,1082852,5870155
114,000537,2018-03-09,0.00768639508070712,0.005380476556495095,0.3265342230900928,25960.0,119996.58627468352,1588,46159383,57870682,810024,1149990,5934389,8810935,6439182,10183782,7743942,10300616,7814433,9092015,5467901,4850259,3544831,2160305,8404681,11322780
115,000538,2018-03-09,-0.005946481665014991,-0.006243805748265663,2.3737001792529293,39868.0,148303.91973027933,1807,79791111,58643069,650757,1178134,10066684,9950334,13096111,9952381,13919274,12143799,9932005,7562383,5950980,5604313,3628495,3527332,22546805,8724393
116,000539,2018-03-09,-0.00849256900212314,-0.00849256900212314,0.22361623636937894,7536.0,39046.28825067868,443,6581730,3452880,450003,391453,2230313,1347619,1932933,454464,1422082,784046,220899,475298,325500,0,0,0,0,0
117,000541,2018-03-09,0.013636363636363447,0.013636363636363447,0.22995932043306433,5310.0,53262.10416524885,1465,10510922,18819060,979997,2276399,3180204,5157659,2643228,3937331,2006029,2786398,0,943591,0,728018,453200,447000,1248264,2542664
118,000543,2018-03-09,-0.0018939393939395588,0.0037878787878786735,0.10466236182760373,39824.0,241635.5299757309,2563,114016655,100669108,1604075,932707,9591910,8514842,16912355,23866555,22551453,18406602,14607074,11508140,11390310,5961177,8282390,4892903,29077088,26586182
119,000544,2018-03-09,0.0670103092783505,0.05375552282768781,0.3223722581545159,21442.5,110517.85989948755,1776,43484662,52388006,1543212,923339,9877508,7800502,8953053,7792258,8575314,11939553,6035891,6317877,2013312,5536303,3041949,2631814,3444423,9446360
120,000545,2018-03-09,0.0064239828693790635,0.0021413276231263545,0.1567387765394962,12142.0,59469.24616702292,888,16483543,12103767,947554,782633,5520378,2835690,3384571,1973745,2559544,3112531,1687737,2599063,649610,372800,467000,427305,1267149,0
121,000546,2018-03-09,0.026116838487972416,0.030927835051546282,0.4530281402997219,12032.0,110034.61782408532,1031,14720215,26690386,783553,1142085,3840491,4559739,3224831,4355261,2868798,7380313,3040066,1713132,962476,330616,0,0,0,7209240
122,000548,2018-03-09,0.020866773675762396,0.016051364365970988,0.25526640330645894,12540.0,70105.71503924066,595,8638034,10883243,514931,594874,2509391,2540802,2109589,2318554,1565819,2490923,515824,254400,654130,333078,0,443292,768350,1907320
123,000550,2018-03-09,0.012010443864229892,0.013577023498694496,0.6572681648632279,15428.0,60111.14459625678,848,12422616,15669199,871828,956020,4257751,3925617,3187160,2654700,3033665,2789430,706272,2032019,365940,1384878,0,0,0,1926535
124,000551,2018-03-09,0.023809523809523725,0.01540616246498594,0.31227997788713074,12960.0,61471.405891012764,522,4852700,10110170,334984,345887,1339553,3257114,1281358,1730270,1332451,2629742,564354,294071,0,0,0,432000,0,1421086
125,000552,2018-03-09,0.002702702702702675,-0.008108108108108136,0.09415433585033285,5872.0,106760.2870703879,1550,27872331,15449870,1190503,1827562,3890012,5376927,3325867,3241057,3692141,2644569,2209546,1623387,2819092,303600,1359205,432768,9385965,0
126,000553,2018-03-09,0.006147540983606481,-0.002049180327868938,0.40168317551486743,10220.0,86952.58466557562,1328,28250137,14680422,1174924,1070683,5794460,5399750,4357589,2841387,4327974,1509481,2644616,1206922,1858520,310980,1277855,1757619,6814199,583600
127,000554,2018-03-09,0.011611030478954953,0.014513788098693858,0.23369665096039235,11662.0,80579.36000626661,869,16568993,16939615,1090784,537260,3496810,3022784,3725958,2855189,3248028,3183731,2277463,1676038,745400,2695716,1264530,1241961,720020,1726936
128,000557,2018-03-09,0.032110091743119185,0.03899082568807333,0.11746628202195143,9724.0,87190.40256501676,1385,25577086,29100375,1004756,1672254,4703433,5762602,3696974,4111373,6045433,4417966,4291492,4110501,2309164,2066530,2281788,1805990,1244046,5153159
129,000558,2018-03-09,0.025404157043879882,0.023094688221708903,0.11333714381801357,11025.0,135478.5721831444,1463,24152640,35376271,1917669,1118825,7654152,4628698,3739330,3845688,4617971,5667397,1200886,4750578,1517524,1421044,938828,923996,2566280,13020045
130,000559,2018-03-09,0.015765765765765716,0.013513513513513375,0.23315765561270343,9823.0,112701.74315360225,1451,27594216,27243496,1624818,1913846,5893963,5985100,3593073,5037594,4356328,5210780,2153901,2309941,722680,1651519,444609,450000,8804844,4684716
131,000560,2018-03-09,0.018823529411764683,0.012941176470588234,0.3261574419672805,8540.0,69580.59434085195,679,7327006,10780002,559338,794307,2433517,2610804,1362828,2569007,2309532,1166306,273798,946403,387993,330604,0,462680,0,1899891
132,000561,2018-03-09,0.022408963585434094,0.03221288515406173,0.2145313873997726,7210.0,77524.83611691711,1108,11119323,14490178,1294179,776693,3602808,4120535,2414614,2827586,2692157,2711150,755565,712656,360000,1114328,0,0,0,2227230
133,000563,2018-03-09,0.009756097560975618,0.004878048780487809,0.11539648613983002,7362.0,91992.98421512452,1265,19177242,18154586,912713,1961462,4105203,4567803,2062360,2921081,3445593,992269,1371515,2238012,1053105,1770682,490800,1292148,5735953,2411129
134,000565,2018-03-09,0.01754385964912286,0.01594896331738438,0.2944022501972881,6360.0,51220.475880738886,453,5031332,5030118,473556,366886,1624153,1525612,1304185,1143148,485108,517080,515330,414886,0,661121,0,401385,629000,0
135,000567,2018-03-09,-0.004268529297632884,-0.0015521924718664426,0.9660014958256079,12905.0,84749.11832199014,711,14994570,11634152,511340,567610,3742859,3393618,1583468,2267770,3652217,1544117,930078,1473574,307800,1318267,441352,485352,3825456,583844
136,000568,2018-03-09,-0.002002002002001957,-0.004337671004337684,1.0790252871181356,48360.0,259123.60201264266,3087,201177324,187843691,1270592,530055,18457208,11496059,16334475,14619013,33736078,40636659,17090934,15850684,19503042,18673600,13843587,14374128,80941408,71663493
137,000570,2018-03-09,-0.003809523809523707,0.0019047619047618536,0.19575295709636056,10420.0,64828.94999438633,719,14064963,9744769,716194,531943,3365779,2298941,2895657,1948174,3959038,1476652,940606,777616,1773289,731154,414400,1309864,0,670425
138,000571,2018-03-09,0.010000000000000009,0.0040000000000000036,0.14542492455237108,5952.0,59007.33320507036,1184,15735500,10901874,1318151,1376901,4271095,2967945,2554617,1690746,1642748,958395,1457422,1920477,1651256,369334,1624663,906576,1215548,711500
139,000572,2018-03-09,0.015463917525773141,0.0077319587628865705,0.13102142787339552,3900.0,72767.99551991036,878,12031458,9804423,546151,816299,2106954,2692940,1429013,1264661,2720292,3107012,1265180,407419,1141048,0,874072,912528,1948748,603564
140,000573,2018-03-09,0.010245901639344135,0.006147540983606703,0.22518647473702744,3888.0,59536.497051259495,469,3550340,5452695,302721,569312,1322597,1624565,262776,1190636,425331,664086,0,0,0,382482,486000,436990,750915,584624
141,000576,2018-03-09,0.013592233009708687,0.005825242718446422,0.8501063025431483,12375.0,381864.7629550159,588,19694492,13677457,684936,318515,3967237,1563582,2140067,1238571,1277483,1434284,911788,0,0,324480,403650,0,10309331,8798025
142,000581,2018-03-09,0.003757828810020847,0.0,0.5406519754947592,23910.0,129373.21938377421,1962,60509781,59912644,1365360,1352689,9449082,11105719,9818083,9241716,11205681,11803743,7162490,7033713,5016095,3429458,2655197,1381736,13837793,14563870
143,000582,2018-03-09,0.013452914798206095,0.008968609865470878,0.29723914801235574,9911.0,55406.65758542207,900,11732554,15290257,730045,1333374,3359778,4519739,2597192,2928341,3013403,2510993,1582636,1224807,0,1731977,449500,446500,0,594526
144,000584,2018-03-09,0.003973509933774766,0.0,0.5289906124893237,24152.0,58884.119401283264,814,19356869,15068423,644382,401151,7179609,2864240,4168334,3454373,4403266,4596884,1901256,1101685,607022,1658060,453000,485352,0,506678
145,000585,2018-03-09,0.011730205278592365,0.008797653958944274,0.11976077653920103,7150.5,72289.80319714133,812,13438093,9135027,769356,738477,3361718,1947477,1754043,1628696,2378074,2118463,1821445,1690664,375020,1011250,477400,0,2501037,0
146,000586,2018-03-09,0.010869565217391353,0.0012787723785165905,0.7199709977885916,7825.0,98077.4437262526,471,8181038,4573944,510486,554173,1489952,1733248,1111442,636331,567656,495762,0,0,314716,686130,0,468300,4186786,0
147,000587,2018-03-09,0.017391304347825987,0.0,0.16482308878117938,10912.0,173928.6704322565,1755,46470689,50570576,1106578,1682192,6906049,5815890,6446875,4054550,6857052,12029675,6327298,5531453,2737232,4847573,2130536,432866,13959069,16176377
148,000589,2018-03-09,0.006960556844547661,0.006960556844547661,0.2444416943475148,9913.0,65074.357183193664,310,3519384,4596492,244163,289037,810041,1713334,338788,527166,548269,364393,0,467219,1102113,715544,476010,0,0,519799
149,000590,2018-03-09,0.010483870967741948,0.005645161290322553,0.5061006682359636,8613.5,35207.71156749219,600,6559799,4421577,799483,526377,2287802,2152479,1705023,510344,1100231,832377,272060,0,395200,400000,0,0,0,0
150,000591,2018-03-09,0.007874015748031482,0.0059055118110236116,0.13981711642841232,6120.0,104776.4820423153,1322,22947294,19105847,1181908,1417466,5870452,3175073,2688195,2640420,4360981,3344356,2354987,2833524,1407438,1112447,438404,478296,4644929,4104265
151,000592,2018-03-09,0.01118568232662187,0.008948545861297452,0.13771878856754452,9856.0,99003.41471477704,1055,22021203,22613091,913806,1145597,4038585,4429146,3054816,2372569,5084169,4282536,1833038,2115395,1739906,2392366,3161063,2223996,2195820,3651486
152,000593,2018-03-09,-0.004070556309362261,-0.009497964721845387,0.232496670118728,7300.0,62653.15263763239,1005,14884570,9684908,1430452,896982,3689284,3939218,2192236,2184627,2210695,1912308,1399523,0,1460403,0,1308037,0,1193940,751773
153,000595,2018-03-09,0.02314814814814814,0.02083333333333326,0.15987434606685924,8820.0,46963.61261973702,730,6556544,12027947,633809,1017842,2330932,3399075,1008914,2576548,1053999,2505383,1191963,2091099,336927,0,0,438000,0,0
154,000596,2018-03-09,0.024661893396976886,0.021638822593476492,1.3878265430208416,25592.0,213043.7457360909,2052,86045477,78473966,1476766,1174305,10927468,9260289,9539071,8877668,13152082,11837506,8771019,7732689,4557063,6267963,5193144,3514858,32428864,29808688
155,000597,2018-03-09,0.009852216748768461,0.013793103448275668,0.34619877543166,10290.0,124560.64012494574,859,16371955,18268733,592684,582506,3354454,3668754,3263108,2788747,2413866,3568064,1754277,1868148,354304,2374307,0,1760430,4639262,1657777
156,000598,2018-03-09,0.0,-0.0019685039370078705,0.15729051156088267,5588.0,93712.76076352791,1044,15674102,12494920,736160,1406242,2630186,3261478,2281925,1715793,2264698,2035617,1584556,1109834,306130,328900,0,882462,5870447,1754594
157,000599,2018-03-09,0.0031695721077655836,0.004754358161648264,0.22003732331961454,11313.0,66604.44345375714,822,15195360,11614731,632068,968476,2978905,3768875,2650835,2595989,2364998,2870537,1678470,256250,2173200,712770,975702,441834,1741182,0
158,000600,2018-03-09,-0.03508771929824561,-0.01253132832080206,0.13992045160134542,52478.5,559759.6691673938,3262,246307796,318545660,1121899,1524112,12619279,13772927,16884928,20279549,24464139,34834325,22669422,28543418,22628739,23027844,15525076,24992995,130394314,171570490
159,000601,2018-03-09,0.004405286343612369,0.005873715124816492,0.2886438989232074,3420.0,38670.805102125734,556,5163393,4653324,203416,524104,1466074,2508733,792523,783829,1268131,536142,653136,0,357833,300516,422280,0,0,0
160,000603,2018-03-09,0.004118616144975107,0.0032948929159801743,0.41212349909560203,16842.0,89514.9386996001,867,21911306,12529448,571453,799802,3907660,4737588,4913399,2616060,4809231,1362494,2215395,1457344,301500,346464,468745,0,4723923,1209696
161,000605,2018-03-09,-0.02808370044052877,-0.0159691629955947,0.35985837131628584,26910.0,310592.3811571541,2551,98942143,109453421,1701372,1440166,11089411,10461011,14639900,13390042,21931573,17918624,11696651,11291600,8384643,5202166,7107157,10430311,22391436,39319501
162,000607,2018-03-09,0.012939001848428777,0.014787430683918634,0.2049427165261431,5430.0,39665.24505730115,697,6352086,6169984,767371,458692,2132149,2289215,1259580,1490390,612276,908727,1202010,0,378700,610460,0,412500,0,0
163,000608,2018-03-09,0.0182841068917019,-0.0014064697609001975,0.24382948264924106,10964.5,55260.8281131923,850,13908840,10533405,863085,782793,4073455,3318018,2680044,1610630,2562555,2529384,2439856,905103,782905,704965,0,0,506940,682512
164,000609,2018-03-09,0.015053763440860068,0.012903225806451424,0.37239661534304086,8460.0,33503.464153230925,623,6213785,6369149,716758,499716,2276458,2308412,2102682,1826791,550173,1102673,567714,631557,0,0,0,0,0,0
165,000610,2018-03-09,0.016080402010050232,0.0,0.38804903906256377,14970.0,99282.73374486988,657,10096323,20210296,259436,776040,3936540,1816713,1686878,1609122,2207240,2993759,0,3455572,1041405,3700323,446400,2196153,518424,3662614
166,000611,2018-03-09,0.049275362318840665,0.05362318840579694,0.27133823380405353,12189.0,143733.225197355,647,16665540,19012985,489412,482199,1853844,2462953,1536977,3339733,2459266,4941691,1661015,2633345,1009336,1669410,0,407550,7655690,3076104
167,000612,2018-03-09,0.0025316455696202667,0.0,0.21017178735125208,3940.0,25591.457659202606,1414,9314494,9399542,1764369,1182270,3644422,4449908,1719051,2142755,1495671,1124794,690981,499815,0,0,0,0,0,0
168,000613,2018-03-09,-0.04095563139931735,-0.04095563139931735,0.27052103852604525,12645.0,180606.24830349558,1056,22036146,38241493,393733,1613403,2686789,5829073,1920876,4783588,5084535,4939198,3044107,3104029,1096844,1788313,486719,906733,7322543,15277156
169,000615,2018-03-09,-0.007070707070707116,-0.003030303030303161,0.1846933216581106,41349.0,179558.13475728492,2878,152265247,125543817,1577354,1448013,13272493,12644649,19044166,16385591,30737251,25580883,19611722,19136726,14520785,11315623,9272709,9197663,44228767,29834669
170,000617,2018-03-09,0.010752688172043001,0.006451612903225712,0.6555418792530471,7012.5,39643.01852538918,452,5010559,4909357,419003,329260,1476500,2047327,839738,1415221,1402314,865189,209890,252360,663114,0,0,0,0,0
171,000619,2018-03-09,0.01115760111576014,0.01115760111576014,0.3069245343874266,5760.0,52241.46500594216,545,5916234,6174089,239484,757975,2115677,2191296,779676,870747,419977,718357,1240791,672896,1120629,0,0,962818,0,0
172,000620,2018-03-09,0.0,-0.0049586776859504855,0.2519751236029812,6030.0,28048.516129237272,576,4726170,3053910,704187,510380,2263997,1080661,1189433,697514,0,415573,208553,0,360000,349782,0,0,0,0
173,000622,2018-03-09,0.015659955257270708,0.017897091722595126,0.20792985723076748,5388.0,42370.12898319947,462,3038651,4088584,667965,363294,1319051,1178879,474734,287950,306918,609562,269983,456000,0,319900,0,872999,0,0
174,000623,2018-03-09,0.0032910202162670377,0.0009402914903620108,0.4837243492468106,21270.0,191999.42754268053,1933,71446685,77331338,1408719,983645,9410367,9032481,6932615,8801625,12527455,14013769,8746620,8495643,8211917,5257898,5243137,6321310,18965855,24424967
175,000625,2018-03-09,0.007468879668049766,0.0016597510373443924,0.2641842483539064,15651.0,217534.4908317178,2081,60676820,42401940,1359594,1561640,10566623,10970838,6811083,7449113,10564979,7110518,4934060,4960243,3445900,2078331,3183456,1711433,19811125,6559824
176,000626,2018-03-09,-0.030110935023771712,-0.022187004754358086,0.30674932591468607,24420.0,343841.30270007614,1697,86632784,79362450,873068,1404362,6013377,8941563,6604948,7613739,9364572,10874186,8201703,7160063,5391411,3116173,6357100,935933,43826605,39316431
177,000627,2018-03-09,0.006345177664974555,0.002538071065989911,0.18655126677393966,7900.0,72597.02457259319,1786,29313943,26346210,1480566,2426651,5636871,6860390,3660817,4821021,6075615,4242753,3155541,3071129,2518176,1411868,3307693,1359650,3478664,2152748
178,000628,2018-03-09,0.02522068095838592,0.017654476670870167,0.2762202954358364,11018.0,61636.112110107526,824,11883975,12502472,902069,690055,3420004,4146623,2441058,2114454,1777200,1524842,1221748,1705519,1021134,327590,446228,885953,654534,1107436
179,000630,2018-03-09,0.0036496350364962904,0.007299270072992581,0.06281196879851407,6600.0,154262.70995851659,1924,47772665,32817384,1455602,1510580,7967752,5568506,5634710,3227015,6282142,2933473,4071960,1934356,1363612,1981573,903204,2127524,20093683,13534357
180,000631,2018-03-09,0.0,-0.004784688995215225,0.11591768033955625,3328.0,33978.62807153147,1304,10280827,6522349,1041161,1385887,4532748,2040255,1602496,552983,1687485,1394512,933475,208500,0,0,483462,940212,0,0
181,000632,2018-03-09,0.015358361774743923,0.017064846416382284,0.28513331708665096,3564.0,71250.17847674085,422,3941988,4840680,382382,440077,735968,990561,746623,980041,442462,933849,566529,0,354024,0,0,0,714000,1496152
182,000633,2018-03-09,0.015439429928741255,-0.016627078384798155,0.4835366636843047,18084.0,66846.05181279294,303,7685478,4748539,174460,340343,1744637,1132050,1497905,1144586,2008039,524554,1114997,556686,672790,636820,472650,413500,0,0
183,000635,2018-03-09,0.003676470588235281,0.0014705882352941124,0.48314805392448723,12051.0,58325.34833820038,792,11034504,9647705,653288,678663,3786094,3370548,2933698,1947081,1197992,970540,711400,1020468,319680,707485,471252,410400,961100,542520
184,000636,2018-03-09,0.02078337330135893,0.025579536370903266,0.2286639223411141,64125.0,259443.003113163,2998,197111363,227514983,1194572,1223504,8930885,9913202,21404657,17366140,41338175,30504399,27193301,26609102,20636295,22292238,15506088,20391716,60907390,99214682
185,000637,2018-03-09,0.005535055350553542,0.0036900369003691758,0.2324602178517422,9720.0,41228.81141995622,543,5612806,7022351,324898,559891,1679258,2532607,1794700,1133648,1310452,1865421,503498,437782,0,0,0,493002,0,0
186,000638,2018-03-09,0.010787486515641875,0.010787486515641875,0.24623567092478887,16596.0,65966.90620846453,1418,27430048,25747550,1218155,1533044,6129326,7902620,6080346,6019739,6407884,5663704,2796770,2710390,1604567,362880,934909,939943,2258091,615230
187,000639,2018-03-09,0.023970497848801564,0.025199754148740094,0.5293568940446726,13052.0,96428.97207387704,944,12437300,23243652,851611,863233,3434180,4297161,3092758,3891393,2924060,3045135,459473,1707874,1675218,1715080,0,2728610,0,4995166
188,000650,2018-03-09,-0.003883495145631133,-0.003883495145631133,0.13821567698986906,8159.0,100034.74941841686,1390,29710823,14983039,2024623,746423,5505304,3055904,6000756,2198376,4014790,3888326,1530614,2648162,1131955,368128,451483,1298010,9051298,779710
189,000651,2018-03-09,-0.0024449877750611915,-0.00037615196539408924,0.8883758064280418,276302.0,881775.0079154249,3582,990820712,949381589,15885,31770,4193087,3707297,13576638,12403491,53037079,48821670,55658644,51518876,53495219,57853122,42569668,45686790,768274492,729358573
190,000652,2018-03-09,-0.008869179600886956,-0.006651884700665023,0.16660406711640133,6735.0,71528.53363750182,733,13373716,8956298,648957,910696,2267692,2283570,1869747,1533696,2365824,957758,2672516,452970,1079581,1050618,1786769,1766990,682630,0
191,000655,2018-03-09,0.011257035647279423,0.007504690431519689,0.22472675693997995,9061.0,62044.90558324352,562,8705313,5397203,475324,569862,2184557,2556113,1082437,1208292,1269187,359727,742342,213465,704703,0,0,489744,2246763,0
192,000656,2018-03-09,0.011494252873563315,0.011494252873563315,0.14190123256853301,15630.0,193233.76902818028,1355,41392525,57926942,1280070,1008978,4731429,6127226,3200138,4699685,5102037,7634739,3343914,8017257,1037069,6232527,1298532,2200175,21399336,22006355
193,000657,2018-03-09,0.015761821366024442,0.009632224168126147,0.3420780348480236,8057.0,53248.71437371444,1114,14229911,10216054,939171,1145719,4493592,4123917,2350041,2525830,2704436,1448227,1368624,475432,624795,0,0,496929,1749252,0
194,000659,2018-03-09,0.02499999999999991,0.022222222222222143,0.15442913067612626,11845.5,99545.72078989744,544,9110968,15259771,435001,381267,1910773,2369578,1854302,1893099,1957705,3248849,1161557,1936656,1094638,1084176,0,425292,696992,3920854
195,000661,2018-03-09,0.004049051365108802,-0.005032392410920905,4.022269326470772,34664.0,215638.61853883122,1850,83554165,110019821,0,29269,8542718,9272157,10505454,12819331,15381906,20151401,11547145,12632995,7136997,9500473,4096985,5387364,26342960,40226831
196,000662,2018-03-09,0.028869286287088958,0.028067361668003166,0.3297743117338648,17773.0,163743.12275492176,1430,23853267,52637450,829142,1054572,7305316,7526351,6208821,7156163,5330408,8573558,2490634,2331064,719002,4049833,433160,1311017,536784,20634892
197,000665,2018-03-09,0.0,0.0,0.4552731385231463,13728.0,909904.783389161,537,61192473,0,651552,0,4316347,0,3770722,0,6761568,0,2554464,0,1297824,0,875424,0,40964572,0
198,000666,2018-03-09,0.04038680318543797,0.04436860068259385,0.3794816624299214,27480.0,134258.9247645538,2147,60793794,85416620,1245843,1259063,8700052,14276961,9822988,12586270,12871990,17418303,6784737,8142986,6005515,8066833,2673977,4564977,12688692,19101227
199,000667,2018-03-09,0.0032894736842103978,0.0032894736842103978,0.09248276172241984,6070.0,63962.49431535649,1084,12526966,9550884,1275259,1658952,2342818,2558695,1577863,1497350,1533160,1728040,1020832,494118,1313280,633937,478739,432592,2985015,547200
200,000668,2018-03-09,0.002225519287833766,-0.0037091988130564246,0.8316810997743833,6677.5,41701.605926052755,262,2757736,2293772,234382,305222,746615,714174,501604,373844,507357,639982,767778,260550,0,0,0,0,0,0
201,000669,2018-03-09,0.0159262363788768,0.011735121542330251,0.37866121367218447,11900.0,71444.25136418885,992,13478492,17116809,1080821,614630,4366906,4196806,3179411,2642730,3279908,3100348,871416,2128149,700030,1051869,0,403234,0,2979043
202,000670,2018-03-09,0.018248175182481674,0.02372262773722622,0.10624280138051463,19108.0,113959.03457258173,2670,71938976,78850010,1840392,1867880,12436825,13063024,11170135,10607106,12688090,15882688,11567901,10081575,6989903,6921590,3576028,4092875,11669702,16333272
203,000671,2018-03-09,-0.013452914798206206,-0.005605381165919354,0.16372867429365298,26910.0,247357.1717357426,2978,145005751,149619041,1971385,1666415,12144235,14247679,14827846,11429434,25068152,20779532,16741905,14813858,10497529,10120587,9374475,13645403,54380224,62916133
204,000672,2018-03-09,-0.015248796147672605,-0.00882825040128421,0.22248518590590272,42595.0,206480.81103697343,3140,176272647,141052742,1290159,1284635,14580890,15233103,19469747,19395105,33111473,31696009,20541662,22316667,15095857,9611841,11936834,7576251,60246025,33939131
205,000673,2018-03-09,0.05211726384364823,0.04820846905537457,0.3883804415040756,31690.0,261556.30243343854,1564,48539792,120136353,843437,916926,6456964,8648877,6927855,7324843,11001706,13203207,6046799,9668932,3420376,13115318,2343537,6581740,11499118,60676510
206,000676,2018-03-09,0.036658141517476484,0.02898550724637672,0.33387376280330283,12040.0,66174.74746147996,1235,18268694,20924336,990057,1189935,4853636,5735529,3680737,5044210,4056812,4089905,1669504,1479864,1078268,328662,1367350,0,572330,3056231
207,000677,2018-03-09,0.01812688821752273,0.01812688821752273,0.14008548081678446,3390.0,77003.16010059204,559,7925715,5309973,488089,405262,1527926,1612163,1337463,1189806,910401,702192,1203894,1022150,379912,378400,0,0,2078030,0
208,000678,2018-03-09,-0.004497751124437843,-0.005997001499250421,0.24256225937367415,8593.0,68341.52215243336,756,12862184,7152661,619505,1025791,2666521,3049444,2219666,1305557,2696940,1482351,2220473,289518,319959,0,0,0,2119120,0
209,000679,2018-03-09,0.02083333333333326,0.025641025641025772,0.25050573196671366,5004.0,21598.163735886235,620,3305725,4931531,542521,501499,1973111,2245289,643991,1403360,146102,577227,0,204156,0,0,0,0,0,0
210,000680,2018-03-09,0.004376367614879584,0.004376367614879584,0.14450388083189142,6398.0,66931.16897776761,1001,13066435,13805502,1038432,1161924,3081962,3400965,1840058,2029600,2379453,2367630,1390796,1371717,1395039,1047827,457000,1735769,1483695,690070
211,000681,2018-03-09,0.038058252427184414,0.042718446601941906,0.4546323262979051,61617.0,247483.73909529898,3212,210189310,224338055,818204,720086,15961342,11674791,24205525,20730735,41020593,38258203,25984349,23294865,14664882,17724640,15648017,15278576,71886398,96656159
212,000682,2018-03-09,0.011037527593819041,0.008830022075055233,0.21152234534451045,5927.0,37439.711398129104,458,4296270,4605178,504717,430776,1420473,1690926,360292,1257157,1149084,1226319,453129,0,0,0,408575,0,0,0
213,000683,2018-03-09,0.0,-0.0034482758620688614,0.07089204827040735,5760.0,97179.23635818284,1688,23857765,20013808,2101509,1305490,6505034,3758731,3814114,3195211,3444553,4013229,1832486,2256562,1101170,0,1244768,890472,3814131,4594113
214,000685,2018-03-09,0.006103763987792554,0.004069175991861629,0.33744639962243933,6891.5,69285.44535536857,848,10769682,12396299,787469,1197484,1864581,3792829,1718349,2387426,2486268,2338696,1640605,221175,378455,395200,448459,431868,1445496,1631621
215,000686,2018-03-09,0.011166253101736912,0.007444168734491052,0.22449365214255837,15333.0,128606.77239015656,1289,31800440,39712790,929781,1218594,4192402,6571274,3915265,5259722,6182254,5955372,3747521,4711562,4912040,3094849,806787,2634762,7114390,10266655
216,000687,2018-03-09,0.035328753680078595,0.025515210991167825,0.26991105543277244,15570.0,118556.02333741271,1426,25946192,34738953,904593,1089423,6172097,6988334,4885283,6217806,6176111,6517206,2882126,3600368,1953047,2352039,1802045,473175,1170890,7500602
217,000688,2018-03-09,0.0020618556701033075,-0.0010309278350515427,0.35784926758057484,19400.0,129572.18330406689,734,34778840,10312015,905163,458297,5106899,1763091,4672086,1141015,4285344,1743715,2420831,1239481,5298760,0,3591326,1410409,8498431,2556007
218,000690,2018-03-09,0.04567901234567917,0.029629629629629672,0.23078800381502704,16410.0,231211.03593670687,1232,30975416,55448437,877794,1207353,3758590,5495195,3891351,5933084,5656483,10570451,1847780,7091812,3237401,3731712,3538421,2985333,8167596,18433497
219,000691,2018-03-09,-0.008319467554076532,-0.0016638935108153063,0.34254715625037313,7236.0,47100.8071062213,307,2817140,3122235,252619,384584,981621,1354620,399700,435754,402600,531405,202800,0,0,0,0,415872,577800,0
220,000692,2018-03-09,0.024154589371980784,0.026570048309178862,0.1586913095465806,4220.0,42830.2436170464,681,6954801,7015785,584419,469601,2127803,2210634,1196281,1719259,1492438,1884790,724535,427364,337600,304137,491725,0,0,0
221,000695,2018-03-09,0.0,0.003260869565217428,0.47482296752462266,6447.0,56011.89813534541,375,3661131,3040372,286218,503659,828303,1879062,166704,537531,464206,120120,549300,0,0,0,0,0,1366400,0
222,000697,2018-03-09,0.015104166666666696,0.01302083333333326,0.6257699004803178,17469.0,82826.69007466247,941,18202139,25397594,642788,1192893,3240880,4328531,3514752,4439934,4201726,6433817,2416512,2674624,1749992,3007430,843090,416455,1592399,2903910
223,000698,2018-03-09,0.010810810810810922,0.007207207207207134,0.2443919503452063,11200.0,82538.18034338113,515,8214213,9841974,366062,345892,2110388,1978382,2168605,1546547,1493695,2288139,659760,766244,328560,683470,433225,0,653918,2233300
224,000700,2018-03-09,0.01380670611439827,0.009861932938856066,0.20537344337817512,5090.0,88257.2405266567,609,7346702,10953092,528865,745295,1578979,1979176,1474212,1127838,1537895,2250382,664053,954464,663804,0,898894,455399,0,3440538
225,000701,2018-03-09,0.02833530106257376,0.02007083825265643,0.22107630677513224,9526.0,77767.5348805538,1469,18486071,24473515,1647336,1610434,5741698,5805794,3401915,4967708,3475981,4816065,707465,2281826,642427,1373022,0,423344,2869249,3195322
226,000702,2018-03-09,0.018897637795275646,0.020472440944881987,0.2167901570435779,10999.0,55416.03840864705,858,13772483,13020671,942678,683307,3537152,3520139,3142814,2771438,2895517,3481803,1719240,1735444,658584,317340,876498,0,0,511200
227,000705,2018-03-09,0.013440860215053752,0.009408602150537515,0.27581845386314613,5257.0,76229.61395993392,727,6133613,9357728,331964,1126878,2555579,1896641,1195995,1508916,512130,1378866,225000,763871,0,304906,0,820650,1312945,1557000
228,000707,2018-03-09,0.00691244239631339,0.009216589861751112,0.15396180478412172,5616.0,25510.032049997993,795,6485340,4320614,1467105,444464,2578714,2403772,1175041,568245,1048480,258193,216000,645940,0,0,0,0,0,0
229,000708,2018-03-09,0.009657594381035972,-0.006145741878841093,0.3575831468728259,14605.5,71988.8323435103,1014,24392293,16077431,893701,814569,4144229,4577905,5285941,3833799,5632633,4065494,3458572,1434192,1781592,319784,499704,446688,2695921,585000
230,000709,2018-03-09,-0.005141388174807249,-0.01285347043701801,0.07777981570711828,23808.0,271876.1472663377,2518,150469267,74213849,1508222,1457325,14392204,8893446,18311907,10047221,16626499,11884385,9282356,7746318,10819620,6201331,6774703,1816840,72753756,26166983
231,000710,2018-03-09,0.004897785349233352,0.005110732538330609,1.316929603192008,23325.0,176204.4844583702,1272,29133882,49428946,1146484,1145442,7003697,5164204,4890642,6849016,7475909,7045989,4459129,10829831,1011797,2826509,911724,4513818,2234500,11054137
232,000711,2018-03-09,0.008654602675058909,0.007081038552321006,0.4091074799763775,15288.0,63985.341490460974,965,18462599,17282223,639020,780386,4415062,5233009,3265838,3991787,4208995,3876877,2885347,1120382,1456772,1740466,827765,0,763800,539316
233,000712,2018-03-09,-0.006040268456375841,-0.004697986577181235,0.33137320138777343,14630.0,86714.83751919003,2023,48362981,31811186,2081334,1206749,10320302,7402531,8560747,5668451,10115120,7096135,3591812,4556906,2080242,2387233,3944919,879125,7668505,2614056
234,000713,2018-03-09,0.0,0.0014992503748125774,0.32173113143756504,7992.0,36156.64306575994,429,4676550,4267106,566273,471005,1497042,1753270,1309920,731887,1001195,907896,0,0,302120,0,0,403048,0,0
235,000715,2018-03-09,0.008000000000000007,0.006857142857142895,0.3434093556706488,8800.0,58137.87267257666,650,9710658,9345562,636714,671952,3031880,2110180,2303433,1782088,1680845,2274892,694715,1147989,0,0,1363071,848572,0,509889
236,000716,2018-03-09,0.020952380952381056,0.02285714285714291,0.1478693094576896,10184.0,61466.602137502654,1262,14410975,19304305,1158568,1073660,4848073,4511893,2745614,4108493,2523149,3456738,827089,1851529,698118,1967413,0,2334579,1610364,0
237,000717,2018-03-09,-0.009615384615384692,-0.012362637362637319,0.13107425175645707,22227.0,188465.96358985853,3092,130098691,106433757,1283647,3154956,10471748,16170915,14127230,15499468,21448914,22088312,14538655,13757396,13236552,10066071,6961436,7383376,48030509,18313263
238,000718,2018-03-09,0.004683840749414525,0.0023419203747074846,0.13021941084232624,6375.0,97037.76998082397,1077,21799795,13546611,720203,1257239,3227907,3511890,2967862,2791837,3280909,2063673,2656437,1959447,341652,1962525,1730306,0,6874519,0
239,000719,2018-03-09,0.01156069364161838,0.012716763005780285,0.2808870314471401,5238.0,52718.98886244129,948,10289370,11831477,527896,1296760,1922849,3754731,2362114,2421651,2380725,1573095,736100,1901021,1749986,348870,0,0,609700,535349
240,000720,2018-03-09,0.0117647058823529,0.009411764705882453,0.22133911162153896,8520.0,59292.13065167811,368,4897239,4030706,445443,297473,1911508,862225,1465848,745616,647441,860080,0,0,0,0,426999,429000,0,836312
241,000721,2018-03-09,0.020576131687242816,0.01851851851851838,0.20942103017722002,8347.0,49833.23250090906,538,7294423,7634175,486256,693022,1594672,2240573,1062762,1598162,2466158,1849158,1684575,1253260,0,0,0,0,0,0
242,000722,2018-03-09,0.010000000000000009,0.010000000000000009,0.37442896338287723,6349.0,34109.11012992295,577,4341611,4854258,559650,988945,1661480,1883817,1117275,642047,793906,772185,209300,0,0,0,0,0,0,567264
243,000723,2018-03-09,-0.010084033613445453,-0.008403361344537785,0.1296427873346591,22932.0,141267.99359249626,2110,87104300,70268979,617333,2305233,4070437,11097349,10746716,11475127,16048908,11984943,19330440,12457570,17632403,8707362,6491999,5271409,12166064,6969986
244,000725,2018-03-09,0.012068965517241459,0.01379310344827589,0.09685816830447043,554484.0,3271246.585549193,3601,2369820246,2944212907,9424,16355,667955,567928,5970407,6216971,38806896,30034095,55127373,47723137,68455277,55585443,67583218,51267212,2133199696,2752801766
245,000726,2018-03-09,0.00654817586529477,0.00280636108512633,0.4206392918610199,6426.0,53857.931275230956,645,7213175,8459951,284834,1040123,1681051,2282527,1267763,1085801,2105789,2207146,664694,465462,682800,321900,0,449168,526244,607824
246,000727,2018-03-09,0.0,0.003875968992248069,0.04734177095535412,18648.0,131802.13158130695,3028,89926070,77689054,2112987,1648281,16231874,11187399,15887867,11657388,21387266,16573694,12694417,11777694,4582628,4046602,3512592,2806697,13516439,17991299
247,000728,2018-03-09,0.02330508474576276,0.009533898305084776,0.2207179926766282,25171.5,195588.45972352746,1830,66625958,87263183,1254409,1328655,8869904,9491714,8662362,9352742,8698974,9252088,7488737,10128983,6571618,7501787,5038323,5543727,20041631,34663487
248,000729,2018-03-09,0.03310344827586209,0.026206896551724146,0.16450586688431118,20061.0,139358.2382117524,1945,48311810,70511059,1204127,1700557,7530068,10346485,8413255,8444253,9469671,11788462,6238490,7755572,3199756,5376127,4579603,5633816,7676840,19465787
249,000731,2018-03-09,0.009308510638297962,0.003989361702127603,0.27503338347303735,7540.0,87504.75692921448,747,13754153,9341008,1056703,714129,2841580,2401008,2162896,1590894,1182990,1683597,1100920,721125,1358800,1087967,460224,478272,3590040,664016
250,000732,2018-03-09,0.005079365079365017,-0.003809523809523818,0.5381380877355019,103785.0,351184.24374621466,3429,355542003,322334783,570608,702518,9997223,10710368,24748823,22667036,51627172,47532741,36942622,39066509,38505926,38600770,27784666,23437716,165364963,139617125
251,000733,2018-03-09,0.020280811232449292,0.021060842433697324,0.3286906280804142,14333.0,89755.45679199114,1522,34577185,36376636,1276689,1141450,7196463,6267151,4656836,7585444,6660768,7694049,4689706,5108309,4524127,1992462,413448,2673704,5159148,3914067
252,000735,2018-03-09,0.0022471910112358273,0.006741573033707926,0.16759021378356628,32724.0,167542.3099000827,2826,126551576,115070296,1724398,1778391,13489583,12250929,16570660,16598852,21488726,22931331,20696963,13702046,10943036,13221230,10217082,5642730,31421128,28944787
253,000736,2018-03-09,0.0,-0.0010995052226497881,0.6430414196175469,14544.0,96794.75263299102,800,14712921,16603461,818959,758930,4155112,2766564,3484776,2960840,3046973,2905698,791086,1411898,744602,329580,889346,1284828,782067,4185123
254,000737,2018-03-09,0.0,0.0,0.1835348022212832,7157.0,55947.79903942366,541,8764439,4167097,488718,582994,1917880,1727954,2058232,869545,1442055,986604,887346,0,711018,0,417000,0,842190,0
255,000738,2018-03-09,0.03081570996978833,0.06344410876132933,0.293468817293778,82516.0,413911.4905246081,3189,297146368,375464044,1009176,945716,10386520,10569730,16596152,20325052,31635770,42091843,29204909,29334072,27467594,30331910,17617658,22599175,163228589,219266546
256,000739,2018-03-09,0.0,0.0017241379310344307,0.18647288371065515,11420.0,83270.7193475315,968,20568736,17071503,944830,622559,3957816,3215368,3843717,2758037,4877384,3654198,1644349,3264010,716032,1336400,856908,402555,3727700,1818376
257,000750,2018-03-09,0.00875273522975939,0.004376367614879584,0.13040765185108086,9846.0,112521.542942091,1230,23753161,23634586,932498,1457252,3838673,5543731,3726485,3434832,4435078,3832431,2070640,1921799,1770767,769917,1830836,2321101,5148184,4353523
258,000751,2018-03-09,0.018789144050104456,0.018789144050104456,0.11846098283042807,14450.5,167631.95923846625,1638,33099673,51425016,1775713,1611679,8160677,6834114,6865251,4531776,6111558,4837919,3219664,4577088,2045097,2429873,1371450,2138255,3550263,24464312
259,000752,2018-03-09,-0.0014094432699083281,-0.0028188865398167673,0.4696986690173086,12663.0,73552.35335834601,912,17984472,11703377,1217997,550313,4959088,2899979,3149742,2068130,3779427,2213033,831041,974153,931672,702934,421800,422400,2693705,1872435
260,000753,2018-03-09,0.005714285714285783,0.008571428571428452,0.12643674290086357,3872.0,50971.01069094803,767,8224776,7858802,642090,551455,2597491,2051746,1303285,1383454,1729134,1567637,902379,559680,612547,724474,437850,493856,0,526500
261,000755,2018-03-09,0.00454545454545463,0.007575757575757791,0.36785788601962754,9310.0,81592.37423397024,321,7309454,3120854,301502,314021,1260519,811829,766695,888865,1668447,870064,848372,236075,0,0,870519,0,1593400,0
262,000756,2018-03-09,0.019354838709677358,0.02016129032258074,0.3394803144302235,16438.5,86731.70214925181,1334,22970319,29103158,1200633,555962,6455847,7839147,5025672,4191631,5713815,4887409,1059139,3971254,1053808,1489015,415405,483230,2046000,5685510
263,000758,2018-03-09,-0.0064102564102563875,-0.004807692307692402,0.14977949119879647,12360.0,160538.1764707534,1738,45896293,36383692,1016282,1885494,5657419,9477730,6622522,5270443,7032833,6379069,4715167,3386123,3697631,2633793,4493167,415184,12661272,6935856
264,000759,2018-03-09,0.003694581280788256,0.0049261083743843415,0.29307164126352253,8100.0,75401.71850290155,767,7842240,12410918,1037368,917998,2901840,3040385,2599798,2193225,604314,1631234,225432,1480374,0,306878,473488,485400,0,2355424
265,000760,2018-03-09,0.02385685884691857,0.001988071570576455,0.1569892801811334,7485.0,44072.10997689079,1027,10174935,11358466,1251242,1049694,4132858,3689610,1410069,2666684,1398016,1783198,642283,1369838,318222,390000,453678,409442,568567,0
266,000761,2018-03-09,-0.0039215686274508554,-0.005882352941176339,0.13108423509123804,11615.0,152736.46267297206,1516,45001349,37521490,655867,1462640,6057650,6147206,4629383,3021343,5090011,6945268,4543868,7248136,2975961,2788682,1752281,3269348,19296328,6638867
267,000762,2018-03-09,0.008720930232558155,0.006540697674418672,0.34971988020418965,15081.0,69903.11823616803,1548,31084457,30407792,1092780,1483427,6945420,8197099,6258145,5566911,6358615,7732306,4265402,2269030,2050131,3054180,1831276,1401351,2282688,703488
268,000767,2018-03-09,-0.010638297872340385,-0.010638297872340385,0.10682677509490167,3891.0,64606.8932858386,698,8835172,5683150,686452,356599,2835356,1167774,1606153,981359,737705,1117544,1537799,929942,332123,354609,0,0,1099584,775323
269,000768,2018-03-09,0.012961762799740928,0.024627349319507497,0.32864070208322854,24872.0,193125.84709512952,2206,83515092,108908348,1174650,1326862,11852000,9194426,11763326,9311413,14527865,13160855,9143454,11552437,8282183,9314565,5334895,6758045,21436719,48289745
270,000776,2018-03-09,0.017996400719855865,0.008398320335932574,0.3206016654452322,44901.0,254065.80149237125,2704,152088001,199588325,875242,1341696,10532436,14978606,14093518,19051029,23481091,31374072,15975896,20670914,13165806,13476968,6718380,8709696,67245632,89985344
271,000777,2018-03-09,0.020452885317750358,0.0248356464572681,0.4306925208827736,12546.0,80519.78447854107,1010,11757666,21291089,759616,1234149,3834517,4990055,1763451,3674649,2876701,4566527,1549380,1871121,0,656434,415800,0,558201,4298154
272,000778,2018-03-09,-0.009398496240601628,-0.00375939849624074,0.10403757340717988,21730.0,244027.90839109663,2624,122565615,98340287,2350307,1474261,12756342,9462076,12180017,10850016,18736659,16105289,12268348,6849562,9529807,9591994,9184107,5736708,45560028,38270381
273,000779,2018-03-09,0.010054137664346596,0.0139211136890951,0.5475762368661115,11700.0,63271.53395366682,557,6553180,10269243,311480,696569,1829957,3073184,1136527,1661745,1172979,2420787,943647,750035,308555,306675,850035,0,0,1360248
274,000780,2018-03-09,0.0019379844961240345,-0.0019379844961240345,0.2552012559925385,12102.5,44585.21143958231,408,8455209,4177663,375038,253880,2088819,1097781,1935145,1516277,3079081,1000725,668726,0,308400,309000,0,0,0,0
275,000782,2018-03-09,0.005873715124816492,0.001468428781204123,0.2894307275870472,3405.0,42631.8691599584,553,4913505,3901250,317407,575144,1403306,1595964,1130572,802998,589761,341530,831638,272800,0,312814,0,0,640821,0
276,000783,2018-03-09,0.014647137150466172,0.0066577896138482195,0.18815878752727547,14980.0,166883.38609952404,1594,31690076,50888929,1400171,1630770,6034488,8698879,5671783,5255062,4938196,5708694,2612485,5127168,1787437,3187001,473368,2746619,8772148,18534736
277,000785,2018-03-09,0.008547008547008517,0.0064102564102563875,0.4259368477946675,9390.0,48634.11209904549,482,5109083,6299842,576714,591718,2193615,2075519,930842,1703589,413202,1178602,0,240295,373600,0,0,0,621110,510119
278,000786,2018-03-09,-0.004590984974958245,0.0008347245409014992,0.4296942462796545,50169.0,234951.20046951863,3111,212403258,171477375,1253646,985992,14899433,12960817,20559684,18739355,32802580,32640993,24253136,22449786,21688458,16497741,18354140,13729845,78592181,53472846
279,000788,2018-03-09,-0.006273525721455453,-0.007528230865746499,0.29189341617603953,11805.0,49988.28411790717,745,13604916,8236535,663186,715970,3554216,2979485,3512450,1573950,2844937,1700084,1851454,952646,708642,314400,470031,0,0,0
280,000789,2018-03-09,0.006505576208178487,0.010223048327137496,0.21292602869518606,26925.0,224908.56711795382,2558,107098388,102899869,1029192,1882741,10404631,13610840,13108630,14983297,17367128,17748282,14194463,13643617,8059847,6988146,4861759,4855944,38072738,29187002
281,000790,2018-03-09,0.0010593220338983578,0.0010593220338983578,0.20727539239552226,54044.0,1681080.3000287006,2081,293858612,253250000,1708550,505605,8926105,6008115,10609124,11059192,20839548,17616424,19761467,15945218,13400557,14488016,17211386,11490601,201401875,176136829
282,000791,2018-03-09,0.0028169014084507005,0.0,0.20312764756763488,11240.0,51579.50020412447,1222,19993163,13263475,1175832,1155483,6185823,4566932,4496419,3710507,3202978,3137289,1574878,693264,1421306,0,450495,0,1485432,0
283,000792,2018-03-09,0.01737756714060046,0.015797788309636518,0.2611545999373528,29256.0,214716.04132639183,2351,106635926,119386580,1045697,1153967,12200043,11561387,9451030,11433849,17626285,22070567,10190415,13069073,11776628,10017451,5345233,8449356,39000595,41630930
284,000795,2018-03-09,0.006908462867012188,0.006908462867012188,0.14474197512179424,11660.0,64016.86648354381,1602,25789605,28583353,1531871,1545318,7599221,6542456,5447302,5632335,5761291,5893693,3289922,2613352,603137,1711681,953202,1776473,603659,2868045
285,000797,2018-03-09,0.007633587786259666,0.0010905125408942062,0.3428089163830827,7336.0,52248.176636080534,715,9463110,10080461,703691,661338,2360118,2538115,2432849,1995930,2717181,1881617,1249271,1755192,0,729599,0,0,0,518670
286,000798,2018-03-09,0.01449275362318847,0.009661835748792313,0.423699376940894,6640.0,31199.63607245381,381,2350235,3337921,359795,539108,1045978,1432380,545397,653544,111055,127974,288010,234635,0,350280,0,0,0,0
287,000799,2018-03-09,0.006270903010033413,0.005852842809364489,0.47993755833509366,26455.0,162461.50860929443,2485,99991737,84324513,1585585,1584841,12424945,10466764,12396915,11194430,20531115,15607494,12168899,11574024,8198663,11602704,8610610,6532097,24075005,15762159
288,000800,2018-03-09,0.009302325581395321,0.0027906976744185297,0.2871786175005408,21380.0,180081.43393435882,1401,49029822,43233302,811781,842614,5562982,6430427,6325116,5763255,10016380,8766357,5786048,5828884,3682819,4350960,3876046,2129690,12968650,9121115
289,000801,2018-03-09,0.022452504317789224,0.031088082901554293,0.15052102674954054,11700.0,116550.9082383789,1482,28641247,31877145,1610789,900517,6381225,5362480,4247852,4698219,4686240,8109524,2977250,3798400,2033219,1706942,0,1794369,6704672,5506694
290,000802,2018-03-09,0.022336769759450092,0.020618556701030855,0.3589514730658597,11650.0,69469.28157908564,1051,14224845,17318985,985590,915517,4420215,4288988,2956658,3268677,2019596,3734399,1613941,977437,739985,1361983,0,476076,1488860,2295908
291,000803,2018-03-09,-0.028238458090542262,-0.017929179740026835,1.5704833381472514,11045.0,40489.58108268693,201,2566271,1993255,198569,165512,773524,878960,610369,260180,744265,110050,239544,223513,0,355040,0,0,0,0
292,000806,2018-03-09,0.028787878787878807,0.028787878787878807,0.12652095161953456,25123.0,171764.81028274584,2728,85956154,106527522,1522411,1918122,13656638,13021309,14124433,14534383,17743952,20394662,14001413,12137058,6206271,9327201,2657385,2629221,16043651,32565566
293,000807,2018-03-09,0.0034883720930234396,0.015116279069767424,0.15156844328601915,64980.0,342862.8509037625,3226,292856859,249365398,1143012,991890,13840535,11453336,22399824,18330410,41962225,35037712,31169369,27668788,28704783,25671333,22737144,16028861,130899967,114183068
294,000809,2018-03-09,0.005899705014749346,0.002949852507374562,0.17330433706575027,6422.0,114699.70601680511,382,7706499,5712061,143205,480963,634257,1999529,579640,875259,703376,1270330,546084,0,0,339000,0,0,5099937,746980
295,000810,2018-03-09,-0.007374631268436516,0.0,0.22465274385341474,11381.5,85937.59745490132,912,13833261,13247374,606435,1002684,3380600,4689708,2733815,3063588,2832265,2229048,639564,608026,768057,0,854212,0,2018313,1654320
296,000811,2018-03-09,0.013495276653171295,0.012145748987854255,0.3003503534050068,11242.5,100678.67156524815,608,12964861,16421085,442608,646262,1387887,2854408,1106747,3156589,1193163,2515054,2308784,1340628,2521009,3488188,447000,1394624,3557663,1025332
297,000813,2018-03-09,0.0034924330616996624,0.006984866123399325,0.38780860264639216,8615.0,54315.87957731678,490,8444386,5212069,294016,587745,1938095,1608598,2816603,1324326,1367416,541865,430018,496223,994138,653312,0,0,604100,0
298,000815,2018-03-09,0.011450381679389388,-0.007633587786259555,0.3031138097165517,13025.0,102231.05705686317,1870,47194064,31144543,1355036,1311985,9860477,8686943,5622278,6391675,8744345,6464853,5539402,3121357,2524555,1454899,2250481,0,11297490,3712831
299,000816,2018-03-09,0.004950495049504955,0.012376237623762387,0.06980153956406655,36810.0,214064.85455907762,3379,144292296,147686439,1536431,1438487,18377951,16604465,22897026,22300691,31089923,28951550,18445979,14754994,12265187,10876015,9334510,7042219,30345289,45718018
300,000818,2018-03-09,0.0,-0.001626016260162677,0.34245749129687886,13343.0,103039.01809873477,1290,37579676,23978062,682682,1788448,6481279,4488677,4367773,3621831,10015903,5727614,4025287,3335083,2461784,1035148,2105938,1467340,7439030,2513921
301,000819,2018-03-09,0.014432989690721598,0.012371134020618735,0.3856574550148827,9630.5,61525.31697053047,632,7596937,9695841,640131,855565,2253507,2466358,2576827,1633984,375890,1540247,423126,1206710,319809,359775,484500,828211,523147,804991
302,000821,2018-03-09,0.010534846029173428,0.015397082658022754,0.35914537876821595,16094.0,108613.36730605786,1181,23502070,29517385,820716,882438,4611929,6289554,4338959,5116805,4523465,4719722,2182183,2528358,2109601,1368806,1330725,877245,3584492,7734457
303,000822,2018-03-09,0.0071258907363420665,0.004750593824228044,0.17594277470926606,12645.0,98289.24783260847,2293,39766743,46852351,1798728,2930381,7766387,13853233,6156262,7419269,9200638,8943903,3635101,3300823,2747429,2728095,2256395,2190589,6205803,5486058
304,000823,2018-03-09,0.030947775628626717,0.025145067698259194,0.21295379246397966,26300.0,157895.134935644,2360,78982270,93318958,1230702,1118033,11665316,11429684,15873201,11842569,16013681,16714193,6459088,11955029,6517489,6016934,4605984,5305769,16616809,28936747
305,000825,2018-03-09,-0.01788375558867361,-0.02235469448584204,0.11572819724206154,72039.0,546190.0608355253,3373,405820376,369857689,877500,1171243,10470008,15728089,19085803,23733134,28007923,43498952,28605556,35700543,20255644,26181784,20578737,27811103,277939205,196032841
306,000826,2018-03-09,-0.0010291595197254866,-0.002058319039451084,0.6882068377946361,29040.0,134225.8952879824,1794,58122329,68967358,859234,1026333,8715244,10733526,6837718,10761032,11786646,18255530,6670901,8403051,4109050,7664343,3663124,2325992,15480412,9797551
307,000828,2018-03-09,0.00273972602739736,0.0018264840182649067,0.4757062453893176,10900.0,60598.37714377975,529,9556433,5686478,406674,413400,2007205,2255237,1849682,1518084,1963802,628638,659654,436311,652500,0,415616,434808,1601300,0
308,000829,2018-03-09,0.01637554585152845,0.01637554585152845,0.27368437019056663,13785.0,52524.2075735561,1120,16636254,20565338,1074204,1287186,4838068,5669422,3531452,5662979,4449500,4013747,2341915,2609916,0,343908,401115,405916,0,572264
309,000830,2018-03-09,-0.01921132457027308,-0.011122345803842415,0.33537952916338,93504.0,374493.86912154895,3481,318815445,337333622,941825,864564,9815169,13684202,22600433,23804102,46423792,53100071,47860501,42701483,29811095,30527115,29017258,26078724,132345372,146573361
310,000831,2018-03-09,0.005494505494505475,0.009157509157509125,0.26724619298174557,17488.0,98721.98167724953,1670,42232031,41870640,1339446,1066597,8401096,6501230,8072808,6023363,10171504,10631479,5403327,5914452,2717662,1372899,2761461,2174148,3364727,8186472
311,000833,2018-03-09,0.009554140127388422,0.004777070063694211,0.2720869557308567,8196.5,50482.40442028486,532,6959505,6842071,453858,546255,1764437,2112752,1295188,1874713,1387753,1826925,461425,481426,1066844,0,0,0,530000,0
312,000835,2018-03-09,0.018372703412073532,0.023622047244094446,0.2365859933890859,13938.0,46366.235931956915,1037,12464800,19579864,994983,1020213,5064767,4860549,2990790,6229274,1294852,4124671,1481349,2290642,638059,637750,0,416765,0,0
313,000836,2018-03-09,0.021032504780114536,0.017208413001912115,0.11271747570659255,22203.5,154831.57527858648,2158,69277245,79520989,1711279,1140562,11937719,7530455,12526566,8557766,12655073,12922528,8267721,7496090,5381078,8228051,1749393,4368195,15048416,29277342
314,000837,2018-03-09,0.01581722319859402,0.017574692442882123,0.18520541499605114,10296.0,44287.738937542126,944,11319676,12555416,964000,751964,3837887,3886353,2760605,3450439,1488465,2694869,902740,720441,1365979,1051350,0,0,0,0
315,000838,2018-03-09,0.018796992481203034,0.003759398496240518,0.18019452607998243,10060.5,68584.52667756341,872,11343453,13283573,699579,833864,3283894,3426740,2486098,2247577,2298254,4268057,778578,1472882,0,353883,421580,0,1375470,680570
316,000839,2018-03-09,0.027308192457737412,0.016905071521456483,0.14702634155694763,30498.0,209920.3867322252,2740,107325907,144578199,1698337,1643724,11124565,12731858,14639229,14160956,20150912,26970249,9085073,19180490,12595343,13344712,6987423,8066810,31045025,48479400
317,000848,2018-03-09,0.00624349635796051,0.003121748178980255,0.3238469022789974,6741.0,44297.457799269905,880,9350832,8779227,865490,1061512,3058162,2754087,2471867,1359286,1865953,1905574,274560,708000,335300,0,479500,443568,0,547200
318,000850,2018-03-09,0.016393442622950838,0.014051522248243575,0.2191048628287339,11180.0,45586.43547036689,379,2318791,6617156,292028,486520,1257119,1958973,401048,1050204,148519,1752437,220077,260400,0,674622,0,434000,0,0
319,000851,2018-03-09,0.018564356435643692,0.023514851485148425,0.2075195119748261,15533.0,100259.08601149278,1517,31890695,36134705,1447990,1785068,7247803,6152109,5245038,6463282,6650700,8119691,4790347,3943901,2724463,2376064,1406042,2214605,2378312,5079985
320,000852,2018-03-09,0.0011723329425556983,0.0011723329425556983,0.20247255803711817,16017.0,90686.10204564226,1777,40012960,28281313,1703332,1455309,8819545,8515414,7514006,6520752,9239862,6821630,2248582,1904608,3262039,964270,1733439,0,5492155,2099330
321,000856,2018-03-09,-0.017471264367816097,0.008735632183908049,0.37762274749092195,94290.0,769631.997577407,3326,410517750,440686340,699342,765911,10457040,12428621,19042571,16981369,38267254,39426604,37117485,32525753,31955668,32668149,23406979,25259315,249571411,280630618
322,000858,2018-03-09,-0.002587322121604174,-0.005174644243208126,1.3057132229786654,191900.0,763529.5142774483,3505,744393709,709813222,338394,307529,7163866,5693167,18246713,18861851,43758037,52726206,43565064,53328644,43628789,38981114,40906447,43071161,546786399,496843550
323,000859,2018-03-09,0.015706806282722585,0.010471204188481575,0.17231651939493312,4632.0,40549.76637798352,491,4867462,5395729,532951,415144,1363825,1527784,587444,1280268,1668893,1502407,714349,670126,0,0,0,0,0,0
324,000860,2018-03-09,0.002004008016031955,-0.0010020040080159776,0.5118129909696283,11934.0,85888.80277933975,1522,29831598,28433665,903796,1983885,4441695,7224899,7233486,5173988,5525759,5450711,2528747,2362076,2123914,2867374,921925,415800,6152276,2954932
325,000861,2018-03-09,0.0033670033670032407,0.0,0.1365185608952208,2970.0,42228.32699399163,473,3794258,4216515,426306,344699,1192770,1348309,870283,964256,347852,333362,298116,483009,658931,742880,0,0,0,0
326,000862,2018-03-09,0.0024937655860348684,0.0024937655860348684,0.16263264017176327,7552.5,48903.16239631685,608,7158226,6672666,680097,432041,2795434,1889382,1586004,860656,1473022,1581357,298225,200500,325444,676227,0,403000,0,629503
327,000863,2018-03-09,0.007936507936507908,0.005952380952380931,0.22781137814636784,4545.0,45711.42418967691,489,3775166,3230076,704985,283293,704596,1102028,215085,404460,347958,928736,456399,511559,335825,0,423864,0,586454,0
328,000868,2018-03-09,0.051204819277108626,0.031626506024096335,0.13111502979539075,21504.0,127954.90191558687,2571,61193442,87040003,1742364,1639398,13743103,12362636,12803161,13161742,13178571,14597015,6393707,9936519,5220270,8375118,811330,4011365,7300936,22956210
329,000869,2018-03-09,0.004623334239869381,0.007070981778623864,1.183187381171382,14828.0,65954.26094061436,965,17675300,16975214,744301,804200,4764948,5413512,2640753,3124831,4834206,3976195,1073760,1725344,2183924,982653,881512,0,551896,948479
330,000875,2018-03-09,0.0,-0.0029761904761904656,0.10246538633452706,6660.0,85778.2535588316,1078,18227791,12893532,1374585,689196,4024656,3119519,2462137,1188832,3077669,2473981,2250271,1374859,1311354,370629,896884,0,2830235,3676516
331,000876,2018-03-09,0.001312335958005173,-0.001312335958005173,0.1666210689179123,9150.0,124793.37084996417,2094,46131501,40713887,2026603,2044079,10190470,8132815,5732193,7254286,5399534,6583179,2878525,3686139,3863039,3492553,2149249,1367190,13891888,8153646
332,000877,2018-03-09,0.0036663611365719273,0.004582951420714965,0.22695807377959606,23969.0,148479.50443567705,2312,79475717,66739807,1043595,1839268,10495576,13160671,9149273,15040210,15495082,14123216,8118623,6573286,5845918,4366011,4088875,2203412,25238775,9433733
333,000878,2018-03-09,0.004846526655896577,0.0040387722132471104,0.2840444568906507,18540.0,167236.39994874885,1900,71644025,43347691,1220990,1452420,9505206,9952339,7765095,7688377,12100789,9365838,7246966,3677088,6183838,1694755,2610380,2186135,25010761,7330739
334,000880,2018-03-09,0.006514657980455807,0.0032573289902280145,0.4447836805583668,4635.0,43271.68920497197,428,3135371,4995576,503100,534769,1106162,1223882,758629,909161,279928,639345,487552,919145,0,769274,0,0,0,0
335,000881,2018-03-09,0.02350081037277163,0.01620745542949753,0.3842610107325376,12460.0,75056.26536581859,1031,15720040,19127818,925688,767413,5635954,4527684,3488926,2991551,3274568,3316444,1609402,2092910,376686,619491,408816,0,0,4812325
336,000882,2018-03-09,0.02539682539682553,0.0349206349206348,0.06655116650302148,16299.0,208769.14750244317,2261,70107162,108506278,1678096,1713384,8787316,10260003,8115523,7684511,11204479,8850116,6759821,9245380,8991801,7464562,5806983,8559062,18763143,54729260
337,000883,2018-03-09,-0.002159827213822796,-0.004319654427645703,0.13153336996174464,4610.0,55064.901491495315,1241,13180904,10733734,1392697,1201115,3879001,2450828,1437762,1759692,2970611,1451511,982978,1161324,358938,717777,854357,1308847,1304560,682640
338,000885,2018-03-09,0.009708737864077666,0.0,0.34838019132859477,15460.0,70489.29155217938,1967,42285758,34218550,1480675,2060073,10163721,9328950,9939173,7966713,8948089,8637540,5408143,2317856,2077850,2344990,424506,468135,3843601,1094293
339,000886,2018-03-09,0.0015105740181269312,0.0060422960725075026,0.1696406143039857,14112.0,162908.51578124095,1526,61703526,36758573,1247833,1182780,5176313,6352273,6594859,4825129,7553519,6776134,5449709,5189655,7549889,5298635,4713022,2692271,23418382,4441696
340,000887,2018-03-09,0.01865889212827998,0.015160349854227428,0.4646061234839254,17445.0,100011.42261504149,1362,26276945,45491826,971831,1202070,5862481,7620524,5600399,7864373,6802483,8747180,1917079,4782621,1029033,3952305,433500,2554189,3660139,8768564
341,000888,2018-03-09,0.0009990009990010762,0.0,0.3243261401149903,10020.0,83698.74042018269,952,16617208,14583922,799064,893764,3151690,3507032,2828775,3644944,1669974,3403639,1406631,1186932,1061193,1025868,1337084,418740,4362797,503003
342,000889,2018-03-09,0.03228228228228236,0.02552552552552556,0.39502010878626304,13630.0,70444.88833146963,1137,16869090,25509576,821486,1047398,5663335,4888807,4148870,4594298,1782531,6943780,1227628,4078710,1106584,1044852,908688,816912,1209968,2094819
343,000890,2018-03-09,0.0062893081761006275,0.0062893081761006275,0.32939212697761017,6335.0,42582.05070664999,372,3387710,4122445,431832,162939,1137741,1309970,814067,584853,571000,1706543,0,0,0,358140,433070,0,0,0
344,000892,2018-03-09,0.01273885350318471,0.010191082802547768,0.3219015292816169,3176.0,37444.10986690854,594,3676216,7417435,218436,908273,1221037,1922973,647011,2084407,1273732,1739816,0,761966,316000,0,0,0,0,0
345,000893,2018-03-09,0.010968921389396868,0.010968921389396868,0.1566583253205308,14364.5,79867.8122428866,1220,22586070,25750918,864915,975141,4534028,5781753,4724668,5982095,4570207,6033090,3534254,2180391,2588919,698522,493829,910855,1275250,3189071
346,000895,2018-03-09,0.011714589989350266,0.006744763933262288,0.5934826350594204,39683.0,173247.39015665688,2254,98034155,92280724,865238,1239633,13594361,7715244,15917715,9709967,18325074,26523155,8265051,10964520,5202354,8053083,6195122,4008428,29669240,24066694
347,000897,2018-03-09,-0.005934718100890191,-0.005934718100890191,0.1170084139575009,6660.0,61759.47606453814,831,11614363,8688900,708211,912374,3305256,2387767,1605870,1545136,2517645,1290340,691030,1333071,364635,314685,938672,905527,1483044,0
348,000898,2018-03-09,-0.019259259259259198,-0.022222222222222254,0.1269727132752998,37072.0,283971.319945163,2833,192105365,151935951,971229,1482078,12141836,12983194,19620991,17035966,24685379,18661266,17634689,13744475,12674544,12187270,13340444,6339912,91036253,69501790
349,000899,2018-03-09,-0.007619047619047636,-0.01333333333333342,0.21885446804955844,6734.0,56359.670907727654,575,9381736,4925031,526425,374994,2366792,1393761,2295494,1032944,2110022,864356,1180463,469000,0,0,902540,0,0,789976
350,000901,2018-03-09,0.02571711177052416,0.029179030662710215,0.4873788050871294,20520.0,111605.93820518826,1721,42778770,60035737,1036522,862958,8477600,8801906,7126069,7762566,10230558,11215924,4603278,8019055,3506211,5047560,2209572,4793503,5588960,13532265
351,000902,2018-03-09,0.003940886699507207,0.004926108374384119,0.284316074210967,4079.0,82105.24465872736,1276,13274399,18828830,877865,1160954,3484232,2672788,2441569,3054907,2248002,4296575,1407505,1395459,303909,767429,467712,845860,2043605,4634858
352,000903,2018-03-09,0.016233766233766156,0.009740259740259605,0.10235073927090231,11124.0,170761.78664296403,907,16144673,27487501,478801,1228527,2675284,4714441,1748455,3844709,2176712,4405707,739384,1998048,307000,3587136,0,1768151,8019037,5940782
353,000905,2018-03-09,0.011650485436893065,0.011650485436893065,0.31798593917161316,13572.0,103186.24611267977,1049,18522740,29273190,783298,648417,4241169,4117946,3171540,6306658,4646826,4896253,2567992,3339198,996141,3050017,434084,866477,1681690,6048224
354,000906,2018-03-09,0.016009852216748888,0.009852216748768461,0.31642045138060004,10569.0,60705.04106351104,658,8593847,11508668,637896,377946,2701135,2561465,1692687,3538759,2484972,2443529,753157,711769,324000,326000,0,0,0,1549200
355,000908,2018-03-09,0.00907441016333932,0.00907441016333932,0.19689388468286625,2750.0,47468.35076321884,783,7901960,7319507,534031,565908,1881476,2195041,1702814,1460694,1802852,1501218,451702,803757,977085,303050,0,489839,552000,0
356,000909,2018-03-09,0.019289340101522834,0.01725888324873104,0.38582123618411823,9930.0,44525.67694745939,651,6031976,8470150,899479,690805,2187943,2980477,1192107,1247281,1269247,2151850,483200,737400,0,0,0,0,0,662337
357,000910,2018-03-09,-0.005073800738007339,-0.011992619926199155,0.5319751632750943,15057.0,150995.33006880942,1661,51840871,29435485,1764489,842096,7199292,6599485,8466221,3228476,8357836,5236780,5851800,2548642,3676710,1088328,3587241,0,12937282,9891678
358,000911,2018-03-09,0.015665796344647598,0.011749347258485532,0.29780039281495063,6136.0,51563.89869297111,661,6319193,8287707,717687,546083,1629410,2143320,1120409,1738824,1246614,1321374,955856,1148366,649217,710168,0,0,0,679572
359,000913,2018-03-09,0.018203170874926622,0.017028772753963528,0.6620588261716612,15552.0,91163.66368414224,661,9341921,12495695,528011,619439,3393911,3191196,2232404,2411524,951878,1993405,1064457,435083,654360,662440,0,459648,516900,2722960
360,000915,2018-03-09,0.008300395256916948,0.005928853754940677,0.6523408375324316,20248.0,136427.57120867207,1504,48461265,43837063,1063597,865378,7403846,7350822,5799847,6392317,6847194,7746927,6613905,5809630,2755077,3236677,2155312,1755224,15822487,10680088
361,000917,2018-03-09,0.0024999999999999467,0.012499999999999956,0.17191221232112094,20087.0,194448.28702831455,2170,91965701,69590590,1730781,1242169,10526530,9683932,11002259,10470197,13348863,11525959,8049353,7116619,5414680,4943753,4511030,5355543,37382205,19252418
362,000918,2018-03-09,0.009985734664764712,-0.0014265335235377208,0.2184215821702013,7010.0,54232.31695173319,1030,14151312,10970287,864122,1089249,3434471,3417961,2625527,2344724,2903123,2766184,1109411,1041057,1006936,311112,825734,0,1381988,0
363,000919,2018-03-09,0.007211538461538547,0.006009615384615197,0.3400298727613287,8260.0,49694.29981492185,598,7061475,7090419,602392,526169,1948522,2041069,2115891,1034723,1610338,1454728,232407,927915,0,701810,0,404005,551925,0
364,000920,2018-03-09,0.02163461538461542,0.015624999999999778,0.3101419477006639,12615.0,47791.435364511475,719,8462762,11951037,629150,790626,2735222,3861233,2336815,2681954,2361046,2289021,0,1343566,0,373950,400529,0,0,610687
365,000921,2018-03-09,0.003676470588235281,0.0007352941176470562,0.3169770690171583,13550.0,88704.39651504459,1841,36276173,32599972,1543057,1772143,7296925,9003219,6671276,6414891,7411664,5480006,2822276,3563289,1797628,1293438,2214841,1225790,6518506,3847196
366,000922,2018-03-09,0.04664723032069973,0.039358600583090375,0.24493610426514167,12095.5,51598.55767466933,784,11524092,13278752,697718,776955,3382047,3532693,3044536,2667320,2237600,3366254,1470296,2202884,691895,732646,0,0,0,0
367,000923,2018-03-09,-0.010993657505285359,-0.013107822410147962,0.45342770635970575,44973.0,272355.83602874266,2726,160003922,161789078,1139191,1323124,10978613,13184925,14435611,14794680,27688721,25435150,22540903,19291800,11656923,14773511,10825419,8472726,60738541,64513162
368,000925,2018-03-09,0.018025751072961338,0.014592274678111528,0.42666470902700904,9344.0,53877.50196356123,745,8023282,9628112,753528,523330,2881862,2799787,1424566,2151546,1776185,2204099,657849,522025,0,0,0,0,529292,1427325
369,000926,2018-03-09,0.0009293680297397522,0.0009293680297397522,0.2895194500808702,8600.0,68067.85176968564,1381,20595666,23122553,1023416,1552213,4089448,5208230,4577738,3859694,3723018,5441116,2338224,2887006,1959715,970351,908512,913923,1975595,2290020
370,000927,2018-03-09,0.016786570743405393,0.011990407673860837,0.16419684762914263,5447.0,51781.06209128064,645,6513864,8401845,535355,702669,2365868,2226610,1400490,1001100,1161921,1605546,665930,1476097,384300,310800,0,460153,0,618870
371,000928,2018-03-09,-0.003236245954692518,-0.004854368932038722,0.22081005921538302,8596.0,87763.26137722086,783,17680673,11861430,601719,1004672,2396349,2804999,3068143,2322012,3214638,2772635,1048323,513158,1312988,681484,3215486,0,2823027,1762470
372,000929,2018-03-09,0.02004716981132071,0.015330188679245182,0.31188671550922836,12840.0,47301.664154730985,739,12869635,9289084,696353,726984,3537076,3497417,2976034,2257269,4536428,1438775,782145,541359,341599,344000,0,483280,0,0
373,000931,2018-03-09,0.00913242009132409,0.0060882800608828,0.2625224904806166,8901.0,75924.88732049995,626,9066561,8470347,713287,610655,1954235,2582398,1242348,1644792,1723925,1806316,513223,200830,0,1093543,489957,0,2429586,531813
374,000932,2018-03-09,-0.07660878447395303,-0.07660878447395303,0.16725755392438635,114289.0,855537.1742881828,3442,587424313,596213829,356359,1203221,6253664,14682946,11149221,26313769,29185778,50683240,30866912,43957402,28162065,33221258,23617725,33518383,457832589,392633610
375,000933,2018-03-09,0.013253012048192625,0.01927710843373487,0.1450358680210172,59199.0,347295.4832763804,3282,259089182,263696123,1325774,899272,14959538,13147307,20875842,20437879,38983405,34248219,29263675,27650135,23665559,23348496,16926264,20030443,113089125,123934372
376,000935,2018-03-09,0.03561171740379088,0.044801838024124185,0.337936199129211,29088.0,186547.31877440604,2656,97961218,113860868,1511130,1440429,13043845,12909204,13087261,14200196,21928194,22744564,14004564,12262487,11045689,7515636,5651935,8882995,17688600,33905357
377,000936,2018-03-09,0.017021276595744705,0.02269503546099294,0.14739551536599,21660.0,157309.41189177183,2293,79023501,82039944,1566980,1612261,9108951,11526664,10580161,11433978,14623963,15510332,12989780,7511110,5886065,4558977,5836674,5402920,18430927,24483702
378,000937,2018-03-09,-0.0017699115044248481,-0.0035398230088495852,0.13088819924430378,10116.0,171103.12909138374,1867,57377807,35748408,1091437,2322090,5540717,8055241,5057069,5686337,7668906,4395007,6208530,4392089,2780801,2391798,1738396,2311210,27291951,6194636
379,000938,2018-03-09,0.02113943028485754,0.029085457271364357,1.2943820499106082,55112.0,218405.38534340874,2656,136924961,192883248,1643373,747511,11875694,10267349,13806503,15085488,28084947,35329792,20879217,25993328,15465617,18036821,10218474,15569605,34951136,71853354
380,000949,2018-03-09,0.0024691358024691024,0.004938271604938427,0.16784789983356088,8100.0,43860.25148721314,582,6368124,4804348,713103,573739,2215693,1838041,897982,844220,1194721,583200,456840,243000,390420,303345,499365,418803,0,0
381,000951,2018-03-09,0.00439422473320783,0.011927181418706967,0.41002367591665867,13475.0,75885.84585904777,1509,21780748,29263630,1522215,1482383,6093479,7056140,5345324,6312824,4401168,8425221,1374236,1416573,2634154,991610,410172,478290,0,3100589
382,000952,2018-03-09,0.002225519287833766,0.00667655786350152,0.6934671510800126,8088.0,99622.62740350483,377,5751323,8182784,507702,301831,1164136,1324120,819648,1455336,531662,1558282,503150,1087565,310730,0,857664,882478,1056631,1573172
383,000953,2018-03-09,-0.002557544757033292,-0.006393861892583175,0.24899907413656153,12448.0,66109.80601385764,987,15859379,14952361,673572,1126949,4804416,4281100,3397871,3033307,2984355,2691624,1123154,1198919,365454,1423230,846300,474320,1664257,722912
384,000955,2018-03-09,-0.027298850574712707,-0.03591954022988508,0.19699153427495306,13410.0,129482.60023185096,1250,36048555,22877296,658540,1593914,5456191,6091877,3741600,3678187,5515546,4712573,2714892,2510909,2080002,1445438,3031524,0,12850260,2844398
385,000957,2018-03-09,0.013844515441959526,0.009584664536741228,0.3158841723253248,9430.0,65010.21951928633,883,9939942,14534717,1094931,918009,2955877,3868662,2459028,2377119,2231546,1990361,418794,1403063,306766,727528,473000,964939,0,2285036
386,000958,2018-03-09,-0.016064257028112428,-0.012048192771084487,0.10756496408502218,17255.0,121389.905893093,2151,63808592,45523184,1910040,1791262,10871378,9065044,10709373,7119547,13317846,10355285,7485539,3774195,3384136,4093168,3619839,1401936,12510441,7922747
387,000959,2018-03-09,-0.006993006993006978,-0.012237762237762184,0.13744691363804926,6780.0,49825.37961916117,1736,23515657,11947129,1850333,1459369,7776039,4614500,3253448,2434273,5460254,1262044,885132,903967,303970,331740,961000,941236,3025481,0
388,000960,2018-03-09,0.00849673202614376,-0.0013071895424837665,0.272261920184845,53602.5,272687.37934844434,3162,220126006,217995973,1070680,1019514,12268728,14362575,20494501,20107086,33697859,32835471,25405117,22019540,20128780,22809864,13544128,19606217,93516213,85235706
389,000961,2018-03-09,-0.00417246175243402,-0.0055632823365785455,0.18133070984510363,8616.0,112590.5096750747,1574,34104267,33785890,927633,1498784,5257097,5656768,4892110,5944656,6999408,5693663,3446939,4916029,2397211,3722163,2273459,2163127,7910410,4190700
390,000962,2018-03-09,0.01023391812865504,0.014619883040935644,0.2930753014139462,6930.0,46653.13320138489,544,4581465,7945062,530293,546673,2001841,1829343,1271085,1646835,778246,1399394,0,1222254,0,0,0,1300563,0,0
391,000963,2018-03-09,0.04824851288830123,0.04279576999339052,1.1933767869577052,49248.0,276967.59409546776,2574,170055131,218477164,1053429,525324,13746832,10076097,14217426,13274372,20016572,22223771,13439097,16916432,17796105,19837215,10174139,8930149,79611531,126693804
392,000965,2018-03-09,0.012455516014235002,0.005338078291815096,0.15046824850116203,14075.0,69000.05899111283,1397,28517854,26416238,1016348,1464478,5910616,6079788,6059774,6192888,5814902,4695367,6349963,3310799,1767791,2004935,0,929365,1598460,1738618
393,000966,2018-03-09,-0.017191977077363862,-0.014326647564469996,0.12672737411730625,6820.0,82191.4245338917,759,13944087,7637499,697610,597258,2423263,2340379,1981336,1826313,2125304,1309479,1684335,711180,1043252,0,493577,852890,3495410,0
394,000967,2018-03-09,0.006211180124223503,0.00248447204968949,0.3136512253553827,8843.0,80604.25528643517,658,13755521,10012428,561750,816391,2327282,2597831,2032361,1754785,3024945,1931016,1205218,1206280,735866,1086941,1684099,0,2184000,619184
395,000968,2018-03-09,-0.01805555555555549,-0.02430555555555558,0.37163678125665445,11196.0,108500.71958499773,1502,34452081,21604522,1131060,2025445,5395967,6365864,5397863,4633366,6074910,2841719,2178270,496600,694142,392786,1808345,913400,11771524,3935342
396,000969,2018-03-09,0.02168367346938771,0.01913265306122458,0.2567764053783786,7910.0,84769.39999767432,932,12873428,14401006,955064,1181084,2893815,3005737,1945246,2695161,1544479,2797121,1418528,1513725,1966992,674786,0,0,2149304,2533392
397,000970,2018-03-09,0.015923566878980777,0.019904458598726027,0.24946029156532334,31775.0,193642.23051179433,2537,103897202,130958783,1295512,1005960,13084263,11472877,12414704,15791628,19726992,21072628,12418276,16595678,8614026,9422276,7595978,9744782,28747451,45852954
398,000971,2018-03-09,0.039629005059022004,0.04721753794266448,0.278806740458545,18525.0,119088.95523144078,1811,36451925,53472837,1319722,1389135,7796615,9828694,6789945,8536365,9112591,9470898,3962837,4921039,4268996,3172165,1407880,2350319,1793339,13804222
399,000972,2018-03-09,0.010810810810810922,0.002702702702702675,0.17629661185411272,11085.0,136763.13901950378,440,15252531,6775575,309987,466414,1582446,1987880,1086431,1191988,1227876,2325773,2756054,0,2542529,0,915534,0,4831674,803520
