,code,date,pchange_whole,pchange,change_std,amount_median,amount_std,length,sumsell,sumbuy,sell_vol_0,buy_vol_0,sell_vol_1,buy_vol_1,sell_vol_2,buy_vol_2,sell_vol_3,buy_vol_3,sell_vol_4,buy_vol_4,sell_vol_5,buy_vol_5,sell_vol_6,buy_vol_6,sell_vol_7,buy_vol_7
0,000001,2017-10-12,0.0008665511265166792,0.0,0.2206221378957427,49665.0,435577.14069676795,2738,190676043,219894335,1123148,902565,11261530,9562335,19608420,19598714,24886570,31698581,16584858,17643842,12729693,12821013,8426919,7012031,96054905,120655254
1,000002,2017-10-12,0.004075583549462802,0.0007410151908116003,0.46435455650315194,67350.0,341165.6929667287,3379,249712309,294463901,489066,1030028,12214905,16518147,25295460,28162942,39141492,38767379,26320588,27070247,18151742,22088810,23195928,17558485,104903128,143267863
2,000004,2017-10-12,0.011985617259288706,0.0055932880543347885,1.0169939050772518,12445.0,41852.182959515296,605,8241185,6348450,742179,447353,3204549,2056085,1515959,1182338,2335644,1219395,442854,988234,0,0,0,455045,0,0
3,000005,2017-10-12,-0.015503875968992276,-0.011627906976744318,0.1661482159717497,10260.0,69468.06004363905,965,17222220,12169300,853498,811478,4416634,3484860,3461437,2131385,3436273,2218881,1367976,976863,641463,314760,959559,936507,2085380,1294566
4,000008,2017-10-12,0.008849557522123908,0.0022123893805310324,0.27054392348391526,9090.0,158105.12029382362,1117,35572584,25026446,1726304,849705,4576157,3232131,3495159,4113883,3018687,5044330,3085297,2782589,2399308,1344687,2273200,1321936,14998472,6337185
5,000009,2017-10-12,-0.015607580824972156,-0.01449275362318847,0.18795054128963828,20596.5,211974.06353694663,2280,108555890,69005793,1521725,2168185,9292458,10121448,12222956,10822792,16151105,13106162,14081149,6511446,5115422,5296809,7070020,4016623,43101055,16962328
6,000010,2017-10-12,0.0,0.0018214936247722413,0.16548808984722652,15316.0,64838.20447451501,1101,18905317,16304865,1099463,612758,5382677,6631601,3565135,2639389,3890595,2707395,1918014,1646822,1026318,0,0,0,2023115,2066900
7,000011,2017-10-12,-0.015952143569292088,-0.015453639082751658,0.4895505965401428,21703.0,95804.38761714578,1679,51287193,30087910,1387520,1311823,9815310,9003298,9453331,5790657,11264541,6445544,7846045,2248984,3397704,1419133,2194067,940814,5928675,2927657
8,000012,2017-10-12,-0.011750881316098694,-0.01762632197414815,0.23983825633710537,13424.0,167068.6367999049,1259,43842212,24043891,1265399,1117354,6348460,5027445,4476734,3088097,6273689,3820879,4734609,2246466,1701454,1067171,1839547,1739092,17202320,5937387
9,000014,2017-10-12,-0.002956830277942135,-0.002956830277942135,0.9198843620127267,13496.0,54299.214402426114,337,5745917,4114425,333499,208061,1909538,1176970,1111409,1131857,1467759,432678,256272,256998,667440,0,0,907861,0,0
10,000016,2017-10-12,0.0017271157167528806,0.0,0.18810047876359406,7579.0,94596.22222211883,948,18144073,16930095,583210,605904,3857288,2787261,2230643,2676153,2510655,5367886,2181715,2275935,304656,313560,1292834,1801130,5183072,1102266
11,000017,2017-10-12,0.0025094102885823144,-0.0025094102885820924,0.4052005291101043,10400.0,40440.54995643248,386,4974749,4120888,464031,321054,1582425,1787354,1319665,881729,857342,699491,0,431260,751286,0,0,0,0,0
12,000018,2017-10-12,0.0012578616352201255,0.0,0.23512994996849454,13515.0,60829.46077075035,1143,17706395,19560911,901732,1235510,4810153,6588435,3562721,3719441,3860675,3824609,1930314,765298,761780,1325573,1361475,870310,517545,1231735
13,000020,2017-10-12,-0.00829015544041456,-0.004145077720207335,0.7468598574387533,13579.0,61630.305407463464,667,10204304,9526750,510211,801427,2449939,3546678,1891328,2668934,2296671,1732180,1011199,411627,0,365904,425736,0,1619220,0
14,000021,2017-10-12,0.0,0.0,0.2246037916191101,9490.0,83383.93314686767,1775,32183623,27718036,1363180,3021652,5479082,6953102,5354517,6219626,5630620,5872684,3257699,2417781,1412501,1349306,948500,1302427,8737524,581458
15,000022,2017-10-12,0.0033872788859616865,-0.0007527286413248069,0.8129367618553291,19927.0,95869.92887346093,1068,28039889,22236258,783545,499489,6199530,3870793,4736535,4908088,6681512,4983983,3223078,3504151,1647924,952724,491941,895575,4275824,2621455
16,000023,2017-10-12,-0.0072874493927125306,-0.006072874493927016,1.2896595601291752,12252.5,41954.2341631743,366,5747071,2999260,465301,364715,2171731,1361508,1398205,631160,440114,395977,449350,245900,398520,0,423850,0,0,0
17,000025,2017-10-12,-0.016125739946927897,0.012859767299448821,0.89155736169083,55269.5,686891.4758962174,3028,288427145,340584511,1175577,1236119,10997446,14304936,17541714,19399901,25668598,29040742,23244342,22840625,18353604,17515083,15099766,13412382,176346098,222834723
18,000026,2017-10-12,0.0058577405857740406,-0.0008368200836820217,0.45205477099681773,10827.0,35354.22294552574,698,9274427,6228238,547525,654142,3101124,3117406,2372473,1276406,2079964,939485,846941,240799,326400,0,0,0,0,0
19,000027,2017-10-12,-0.006125574272588086,-0.004594180704441064,0.26577130053376735,6530.0,141504.43434637165,603,16710386,7169782,788326,500152,2247583,2022224,1874145,1086165,1325973,1354762,851704,462737,715500,661246,440640,473121,8466515,609375
20,000030,2017-10-12,0.004464285714285587,-0.005580357142857206,0.2714789613326989,4455.0,80677.3766193467,1089,15371501,13942954,1569152,730414,2418199,2229404,1863807,2008500,2882974,3393656,1455874,1627773,618713,1374616,0,1858207,4562782,720384
21,000032,2017-10-12,0.0007518796992480592,-0.00300751879699257,0.5241602202525393,13360.0,34423.09334656801,643,8628304,7237876,509087,637949,3411013,3403128,2680143,1369301,2028061,981145,0,458515,0,387838,0,0,0,0
22,000036,2017-10-12,-0.012536162005785778,-0.015429122468659462,0.27075400364323576,20500.0,120399.71454771463,1467,56067157,27319628,738130,914397,6749527,7151371,7471720,5963629,10597709,5124207,7667219,2680964,4516373,1024519,2269594,1342816,16056885,3117725
23,000037,2017-10-12,0.006681514476614581,0.00445434298440972,0.4224472047466123,10884.0,56684.476549613246,451,5651735,8231935,439554,625146,1776159,1974746,1768786,1979081,1068687,908127,257070,785442,341479,966608,0,452500,0,540285
24,000039,2017-10-12,0.007978723404255206,0.004787234042553212,0.3876982626833099,15184.0,209483.79539907127,2352,86964797,96828217,2234802,1919808,8298129,8153781,9803267,9632130,11222428,13418802,8332894,10121353,9881308,8044244,3957126,4499191,33234843,41038908
25,000040,2017-10-12,0.007304116865869847,-0.004648074369189903,0.6738202028198993,15090.0,352278.33006792417,499,13644715,21145734,381037,354626,1704679,2237862,2021427,3246294,2477801,1509915,1599674,637242,1342223,693360,473052,0,3644822,12466435
26,000042,2017-10-12,0.01685731487055997,0.017459361830222786,0.6726789930425441,3365.0,51676.01366290671,610,2726183,4361114,627151,685155,1109004,956446,556067,1379560,433961,475514,0,490950,0,373489,0,0,0,0
27,000043,2017-10-12,-0.002808988764044895,-0.002808988764044895,0.4609863104982704,29382.5,135956.63905222138,536,15805401,18649965,325138,301818,2264640,2742170,3002224,3137887,4005531,3452339,1611902,1902270,1049762,1305116,1245984,415128,2300220,5393237
28,000045,2017-10-12,-0.02092050209205021,-0.019246861924686054,0.36210265883913445,17760.0,81658.54610410801,1089,33560174,17232890,647971,859404,4889788,5026394,6195413,4626438,6905516,2823372,6387539,2327369,3461289,349575,1383927,455455,3688731,764883
29,000046,2017-10-12,-0.0012269938650306678,-0.0024539877300613355,0.2964651670616782,2442.0,73226.59853842176,755,10021507,2874375,1043703,281190,1902460,781535,2150799,926552,1875339,521162,971771,0,309700,363936,0,0,1767735,0
30,000048,2017-10-12,0.003974562798092274,0.0011923688394277487,1.8703165202185617,10086.0,138607.6417554788,180,4311068,2983313,113062,163597,731060,364906,636088,261468,854718,237576,0,503646,0,695520,0,0,1976140,756600
31,000049,2017-10-12,-0.007677543186180413,-0.010172744721689053,1.3516700269099595,21020.0,140050.14386957203,1485,53976995,33961153,520278,942520,7299758,7751657,7999866,7036147,9797643,6767138,5764419,4070059,2131092,3392794,2716388,855859,17747551,3144979
32,000050,2017-10-12,0.012701100762066098,0.01651143099068597,0.4102798387530802,120950.0,988492.3235089153,3317,451680492,756296444,551804,752685,8370645,10230438,17821084,21029686,38106173,41563963,33523381,41251718,31743837,37240887,21571902,27258037,299991666,576969030
33,000055,2017-10-12,0.0012820512820512775,0.0,0.2698496758832822,12512.0,112984.09787010375,835,21709477,13247865,779758,739563,3866344,3630712,2838124,2753380,2605806,2178139,1999713,722125,3569178,745006,868762,0,5181792,2478940
34,000056,2017-10-12,-0.006259780907668211,-0.010172143974960801,0.8019733566784711,10160.0,31826.83796177476,253,3411711,1574072,332330,137096,1377471,713723,815919,472765,625401,0,260590,250488,0,0,0,0,0,0
35,000058,2017-10-12,0.04457831325301198,0.04819277108433728,0.1852904901068262,18612.0,105286.36440083534,2009,39657767,57901991,1412172,1624383,9162100,10159190,9781737,10208458,8488878,10740442,4540651,5866542,2464994,3705703,1241519,2583307,2565716,13013966
36,000059,2017-10-12,-0.013636363636363669,-0.00545454545454549,0.28178339470511893,33045.0,195019.68482308715,1524,69873597,54125713,467145,787010,9156280,7982026,11195982,7755961,11936566,6842448,6147811,4277758,8213772,2294600,4054482,2171095,18701559,22014815
37,000060,2017-10-12,-0.01576763485477184,-0.03153526970954368,0.22644443020431337,26967.5,293969.94715319556,2834,193993416,132479101,1270736,1910933,10161974,14007424,12289324,11306082,22365992,21661982,15937815,15496340,13468885,12001421,10803212,7215772,107695478,48879147
38,000062,2017-10-12,-0.012878787878787823,-0.011363636363636243,0.7775672487189657,18536.0,138922.36363422946,1152,34052513,17345683,587433,826788,5736747,6506048,6765423,4341723,6230538,3651244,2796566,416552,2085467,695510,841415,907818,9008924,0
39,000063,2017-10-12,0.007599309153713429,0.007599309153713429,0.49651550076537415,174660.0,1188086.5540312775,3401,747360751,854770120,560819,612421,8102634,8731970,16028653,15640851,33026660,38365721,38371851,46997354,42734692,40520550,35206494,40083799,573328948,663817454
40,000065,2017-10-12,-0.005235602094240899,-0.003926701570680757,0.8134876868673359,22900.0,71201.55095101024,793,18410243,15408882,579669,644923,4394320,5022397,3226508,2524051,5223399,1736758,2104689,1960778,387010,1364604,1287734,2155371,1206914,0
41,000066,2017-10-12,0.0194508009153318,0.014874141876429992,0.174291507301979,38270.0,277567.0489784082,2517,141789511,149959536,1560280,1498892,13213511,10979349,14421879,14170880,23631529,19006661,17210204,15056554,11827242,10011797,10085658,12584864,49839208,66650539
42,000068,2017-10-12,0.0058651026392961825,0.008797653958944274,0.2771936141153043,13780.0,71876.46596486717,605,11649570,9564291,534473,454304,3068463,2533725,1971964,3624018,1308160,888272,2386500,484599,345500,1075375,415800,0,1618710,503998
43,000070,2017-10-12,0.009023789991796649,0.003281378178835226,0.259862478537403,30550.0,131672.49417877314,2202,86343868,83718862,1129730,1232859,9178424,10500382,10111428,14806416,19506108,21525908,10163522,13305235,11549497,6719930,3591896,4440272,21113263,11187860
44,000078,2017-10-12,0.004451038575667532,0.007418397626112627,0.1323161524344717,21235.0,114757.79784646026,2601,80666792,76945085,1977583,1443337,14126721,11097297,12244532,12838480,17571420,13887907,10612859,8318683,5627794,8370728,5263188,7365341,13242695,13623312
45,000089,2017-10-12,-0.00460299194476399,-0.011507479861910253,0.26331143740683133,30345.0,264722.9631760279,1089,54763830,15354241,792868,518210,7646983,2928114,14419213,2415988,14536450,2567269,1872481,1931706,677051,1782588,438757,0,14380027,3210366
46,000090,2017-10-12,-0.004472271914132242,-0.0062611806797853164,0.3249976419604346,14586.0,115973.35870760934,1183,31291671,25352824,1058282,594127,5905092,4663619,4530252,3777169,5733892,5397423,3644093,2924399,4262002,982274,1772434,1749959,4385624,5263854
47,000096,2017-10-12,0.003506311360448766,0.004207573632538653,0.783919443116831,9294.5,38252.34822562983,330,3285311,3781403,357515,283321,1514907,1146794,501784,560755,403668,1285716,507437,204480,0,300337,0,0,0,0
48,000100,2017-10-12,0.0,0.0027173913043476716,0.0693315813213441,16192.0,342844.544934898,2840,147426049,156738427,2556934,1563803,12953327,8430540,10354164,11024956,15832698,14489599,6410804,9881754,10854786,9348199,7150242,10408516,81313094,91591060
49,000150,2017-10-12,0.0007272727272726875,0.006545454545454632,1.0369285616387218,11026.0,51376.79059508137,704,7838942,10853107,630123,619078,2929760,3497104,1383789,978962,1293683,2275236,924171,2389094,677416,675583,0,418050,0,0
50,000151,2017-10-12,-0.010752688172043112,-0.008488964346349825,0.6863524244916739,15858.0,98950.67353880436,662,18213831,7843109,478557,644911,3160485,2606417,4439370,1899174,2582068,1597505,422279,776905,957508,318197,848834,0,5324730,0
51,000153,2017-10-12,-0.0019249278152070337,-0.007699711260827691,0.32735821206645455,13364.0,50127.713416600614,1007,20123608,12413239,839947,737046,4903251,3781008,5050332,3051301,5333446,3518688,2542161,823533,994931,0,459540,0,0,501663
52,000156,2017-10-12,0.002029769959404737,-0.002029769959404515,0.5079592670006677,14780.0,79127.57716627755,846,20058473,15629947,625766,485343,4042776,3197408,3367208,2586805,4968397,2928216,2491231,2537219,1419966,1773380,3143129,873984,0,1247592
53,000157,2017-10-12,0.002136752136752351,-0.002136752136752129,0.09261802484540671,9340.0,103461.34804448912,2566,56394469,42430658,2157503,1706198,10802305,7840506,6962276,7630161,8704945,5149315,8705487,6598345,4539430,5386521,2726719,1776529,11795804,6343083
54,000158,2017-10-12,-0.0064814814814815325,-0.0037037037037037646,0.2897707030196087,16155.0,95191.65841524082,1389,30272232,28373130,1140196,960718,7075939,6779393,5891764,5132322,5176603,5487518,4073990,2328566,2056513,1008840,1303734,914112,3553493,5761661
55,000159,2017-10-12,-0.008695652173913104,-0.010144927536231974,0.2713522155656881,15412.0,71168.23372108513,646,14342385,10834939,598535,442772,3653727,2608242,2924665,2944762,2322538,2729314,724652,498870,1074310,1017084,1317900,0,1726058,593895
56,000166,2017-10-12,-0.001697792869269965,-0.003395585738539819,0.1323500841172554,6651.0,112301.77224701573,1985,35144251,35043366,1362624,2712681,6370019,7241079,6144580,3857284,5481814,3621961,3717526,3625398,2399377,2399036,1250244,846393,8418067,10739534
57,000301,2017-10-12,-0.0662162162162162,-0.060810810810810856,0.12718766062636047,80385.0,1648339.92597475,3396,892025395,438146503,787216,1341834,9431341,14667783,15163400,22790999,26778209,42753980,30247654,33323133,27555973,29319403,24079928,24971985,757981674,268977386
58,000333,2017-10-12,0.008033826638477848,0.0019027484143763207,0.8216801442856556,80920.0,573039.439693075,3315,375980225,406988147,831834,980068,10720621,12323510,21254747,24905276,34044028,37666578,33769266,33771284,23614944,18471054,30877012,18585743,220867773,260284634
59,000338,2017-10-12,0.0053050397877985045,0.0026525198938991412,0.13706255674245352,15813.0,263465.04035214696,3034,117236440,116463695,2611489,2549450,13450677,13640944,10133033,15309621,10935502,14170603,8036344,10228178,5551019,9097216,5686715,7240901,60831661,44226782
60,000400,2017-10-12,-0.0012135922330096527,-0.008495145631068013,0.4007396383636955,18051.0,128268.72744020703,1691,55477032,19788718,1224810,1586817,12896758,6365722,7832830,3318560,6337047,3871899,2464071,1049240,4124677,1822640,1850241,0,18746598,1773840
61,000401,2017-10-12,0.003013863773357439,0.0036166365280287938,0.3051808604472127,58590.0,372376.39636838395,2956,264628877,295667403,1086738,1032818,12230667,11391820,14974762,15881608,29263231,28628651,22005305,26830281,22104766,20124089,18738321,22301202,144225087,169476934
62,000402,2017-10-12,-0.012376237623762276,-0.01650165016501648,0.24802368668731511,14376.0,214494.39572818307,2389,92177493,45904201,2603719,1105045,12567918,7232064,10376403,6300537,20812484,9746068,5487186,5060348,6256220,2324133,3123604,1799005,30949959,12337001
63,000403,2017-10-12,-0.0006677796327211327,0.0013355592654422654,1.4281346074485528,29960.0,74581.46018402792,439,12458955,8366120,386630,188638,3827846,1597808,2135340,1734764,2924152,2423356,759000,1430208,1658499,390096,0,0,767488,601250
64,000404,2017-10-12,-0.051315789473684204,-0.051315789473684204,0.14866334770725204,44888.0,297758.6010436078,2622,181843752,130914197,894431,1733245,6998576,11061070,17022535,14568337,29838518,25263372,29470544,19957768,16828318,14881026,9445943,7948885,71344887,35500494
65,000407,2017-10-12,0.028186274509804043,0.023284313725490113,0.1772135394390943,27072.0,144734.04391792414,2122,54404427,105983389,1249544,1627211,8809222,11674000,9252916,14082527,12388784,19119318,4029677,14991591,3406948,9248069,3392647,7897361,11874689,27343312
66,000408,2017-10-12,-0.051648351648351576,-0.04450549450549446,0.3845172768647285,39763.0,307214.17163101933,2244,169938549,119307417,868901,1102286,11064544,8590306,12461008,11293651,20478205,16938486,30177643,15167577,12837616,13757264,7138620,8328932,74912012,44128915
67,000410,2017-10-12,-0.004264392324093924,-0.004264392324093924,0.26809898590984704,13083.0,98090.56665026526,1224,27562229,21454289,1459778,1086758,5218560,6036261,4025441,5560837,4505271,4247774,1794553,1187501,1728937,307888,3231975,908742,5597714,2118528
68,000411,2017-10-12,0.0004466279589101507,0.0026797677534613484,1.070058892069694,6807.0,51719.651467650125,437,4075214,6440740,187024,640829,1666502,1319638,1274492,1281909,734756,1149108,212440,1023748,0,332112,0,0,0,693396
69,000415,2017-10-12,-0.008928571428571397,-0.014880952380952328,0.1677457839181843,13965.0,128584.1940136383,1608,44376734,16866012,979979,743765,10057231,4337197,7384153,3459748,4380305,2492294,3487760,1568080,1873986,671550,1770752,451568,14442568,3141810
70,000416,2017-10-12,-0.014962593516209433,-0.013715710723191998,0.32514670762835907,3950.0,67286.66671706404,608,9487258,5400517,314922,658073,1474887,1683354,2100212,624150,2474967,564368,800130,288929,395500,319188,1265560,495285,661080,767170
71,000417,2017-10-12,-0.005446623093681824,-0.005446623093681824,0.2885282463373817,18240.0,184162.54051159753,1012,35534961,30255912,556600,1176638,3183451,5224787,3340330,5947729,9381937,4712073,5834066,2685216,322536,1338321,4055830,1826524,8860211,7344624
72,000418,2017-10-12,0.01452631578947372,0.008210526315789446,0.9933802346350904,9662.0,96673.5948127071,2291,24051364,54768858,1233469,6451401,4689245,12034027,4053520,6956854,3582865,7447236,2871577,5666957,2124878,1944261,2269815,4155050,3225995,10113072
73,000419,2017-10-12,0.005633802816901401,0.0014084507042253502,0.3157144869822443,12906.0,96233.4225106406,505,8427446,11728087,346233,542953,2438787,2292362,1686396,1581710,2132425,913999,416682,518399,1406923,754450,0,1368820,0,3755394
74,000420,2017-10-12,-0.005730659025787954,-0.005730659025787954,0.10593007194689665,1044.0,61741.063265048724,1087,11858753,5679429,597597,745712,2680904,1856848,1431245,774877,2040801,947260,445173,660732,1319380,0,891350,0,2452303,694000
75,000421,2017-10-12,-0.005586592178770999,-0.0041899441340782495,0.3155798675025726,2856.0,39548.40386181297,514,5543568,4388939,277929,461497,1704508,1178626,1403951,1367802,1250544,1132542,493096,248472,0,0,413540,0,0,0
76,000422,2017-10-12,-0.008196721311475419,-0.00983606557377048,0.19376764483634148,12120.0,139000.4783648138,991,30506937,17721744,591820,945565,3910483,4484221,3028342,3151730,3856573,3388955,2342512,2000503,2231836,2336198,1792254,874668,12753117,539904
77,000423,2017-10-12,-0.002985520226899352,-0.009852216748768461,1.3022285592851788,53360.0,331932.35148448986,2646,219360525,160592444,893525,985747,9818955,13262977,16961608,17130054,25587049,27596116,22855139,20955161,18524115,11252154,12180690,8834279,112539444,60575956
78,000425,2017-10-12,-0.005347593582887722,-0.008021390374331583,0.07671850135764739,4125.0,169181.84942293307,2393,41011918,33151493,1661391,2535814,5950803,6445437,4606486,5642911,3270652,5858379,3138750,983673,713000,2886384,0,1343671,21670836,7455224
79,000428,2017-10-12,0.006085192697768749,0.0020283975659229903,0.21903386287506388,12163.5,94952.0091167455,506,9223472,11213739,534772,438134,2401995,1980225,1526558,1859388,2038360,2143253,747453,2012814,629160,679448,495000,0,850174,2100477
80,000429,2017-10-12,-0.006936416184971206,-0.0046242774566475076,0.26678757300771017,8640.0,103550.06655095467,1051,26005874,11413204,974778,1181787,4033854,4040789,3489093,2505682,2947888,2868246,1931188,494055,1065272,322645,3156911,0,8406890,0
81,000430,2017-10-12,-0.013513513513513375,-0.005791505791505669,0.5260040617273616,10340.0,67006.396227474,387,7977217,2829935,408278,235797,2312582,1230741,1761866,430025,953716,933372,613450,0,0,0,431989,0,1495336,0
82,000488,2017-10-12,0.0,-0.011827956989247435,0.3651919637664215,40942.0,347689.300913187,2595,205886697,149381068,887529,2086218,8496564,12896078,13120703,16334020,24936335,26600693,18911487,16985542,13999684,9614930,9772487,6260165,115761908,58603422
83,000498,2017-10-12,-0.010714285714285676,-0.02261904761904754,0.20574904079152836,13974.0,171060.07400062177,1668,51340977,51957271,1350583,1557850,3464221,8027411,4817820,8682315,8737720,9966172,5629268,5463642,3740428,2120887,4778778,2689995,18822159,13448999
84,000501,2017-10-12,0.01237890204520986,0.009687836383208026,0.4236650062864585,24121.5,164428.38916493347,1924,59637120,87723465,1535522,1259189,9082711,7120698,9681713,11351312,14500417,14081427,8428825,9919244,2948160,6439119,2186378,4573973,11273394,32978503
85,000502,2017-10-12,-0.009991673605328821,-0.01248959200666111,0.43765219483282386,9640.0,94839.97282069821,753,16561008,7630041,838245,716985,3202478,2206733,2520656,1558391,2434626,1386997,1480913,256154,655050,311318,853840,0,4575200,1193463
86,000505,2017-10-12,-0.013628620102214661,-0.01959114139693363,0.29815806162282693,22970.0,286360.83736621303,1554,85616920,62207939,1010001,836153,6948885,6826036,5455614,6269844,8721460,10660143,7438549,5889088,2685347,3345395,4265504,3974025,49091560,24407255
87,000507,2017-10-12,-0.007414272474513317,-0.010194624652455908,0.20638094861832762,31119.5,192196.38945145867,2736,144224256,81444919,1668070,1155486,15912027,11059841,19988604,12193089,27857616,14451336,14251163,7427416,10128138,7765966,11696536,4487460,42722102,22904325
88,000510,2017-10-12,-0.010405827263267442,-0.00520291363163361,0.30339435616809657,10527.0,66927.10466401902,1003,15142256,14237106,1100418,1427440,4863132,4268341,2902001,2240827,2952201,3371358,1127558,1016172,695146,771758,440640,0,1061160,1141210
89,000514,2017-10-12,-0.010296010296010238,-0.01158301158301156,0.2520386629972262,10010.0,48474.47600948515,950,17620822,7705998,1221290,848633,4944875,3072942,3965719,1703824,3746963,1639419,1405087,0,1352058,0,441980,441180,542850,0
90,000516,2017-10-12,0.0037735849056603765,-0.005660377358490565,0.1366006468112691,15944.5,159481.85850686117,1508,49922723,30127929,1110244,838743,8895322,6416080,5516825,4187913,5383293,6728671,3468340,4253227,1974622,1824753,1359607,1719368,22214470,4159174
91,000517,2017-10-12,-0.004662004662004726,-0.009324009324009341,0.16135630892297217,4260.0,82641.66677831655,707,11807608,5686345,624582,658035,2713628,2185315,1939523,539743,1839816,721965,1110577,874628,0,706659,850000,0,2729482,0
92,000518,2017-10-12,-0.01564537157757495,-0.01825293350717072,0.26733508814347196,7600.0,79666.10762528227,823,15680573,6124719,949090,783646,3644484,2838573,2692041,1459741,2053906,633073,1172273,409686,998959,0,864620,0,3305200,0
93,000519,2017-10-12,0.009874326750448859,0.010771992818671361,0.23295999859136587,29562.0,223786.19610128252,2288,85920537,111053765,1081062,1047446,11633128,12523031,11438853,11032863,20455890,16522039,11046221,12691622,9479856,10214878,2229620,5744106,18555907,41277780
94,000520,2017-10-12,-0.003795066413662118,-0.007590132827324347,0.2136344011729516,8424.0,66491.22916896726,608,11137919,7388998,723679,423763,2418484,1507861,1885157,1338218,2230443,1924337,1104750,924055,763992,743764,916773,0,1094641,527000
95,000521,2017-10-12,0.005042016806722671,0.001680672268907557,0.2082662694826725,3594.0,48306.66770802555,816,7532823,8937607,339339,878663,1890471,2763607,1756789,2485336,1389594,896009,516653,837592,675692,1076400,415100,0,549185,0
96,000523,2017-10-12,0.02815432742440027,0.0031282586027110426,0.43417076294793455,19160.0,44048.4223921099,487,9067785,6864333,505717,270729,3735739,2208634,1761230,2117574,2130633,1969796,456966,297600,0,0,477500,0,0,0
97,000524,2017-10-12,-0.009287925696594312,-0.008513931888544879,0.49848734743294976,12830.0,42426.33652803297,671,10767798,6521770,469907,563855,3866094,2915539,2336737,1592500,2743220,749515,523741,700361,0,0,828099,0,0,0
98,000525,2017-10-12,0.0031488978857399097,0.012145748987854255,0.48368217664804464,24739.0,350075.62810779735,2117,115928772,116056193,1448667,1449335,10966455,7084495,9832449,8007363,14849066,14411871,12944789,12557644,6671721,7373499,2586817,7112961,56628808,58059025
99,000526,2017-10-12,-0.0005552470849529145,-0.0019433647973348123,2.0427581446830887,18035.0,79214.27278584577,310,7380071,4579878,218950,202734,1738950,1327017,1217876,613859,2145408,1226632,714283,230400,1344604,0,0,0,0,979236
100,000528,2017-10-12,0.003285870755750153,-0.0010952902519169028,0.17616260668995237,3640.0,52190.80355406435,2690,23152199,26215660,1692342,3726628,6171151,6700503,4271770,6089732,3712345,4773838,2487394,2614376,2066494,325227,945990,487542,1804713,1497814
101,000529,2017-10-12,-0.016279069767441756,-0.015116279069767313,0.3099085118454892,5112.0,24107.651188302894,770,6698592,2625620,1611122,593644,2307677,1170104,1316590,723412,785941,138460,677262,0,0,0,0,0,0,0
102,000530,2017-10-12,0.0,-0.007978723404255317,0.1937212300124552,2996.0,65137.182670089474,1508,21282616,11471979,856598,1542671,4063738,3015946,2951012,2157011,3499576,3198017,1884359,222737,2750615,1335597,893110,0,4383608,0
103,000531,2017-10-12,-0.007909604519774072,-0.006779661016949157,0.3795014875844134,4405.0,38408.26875894248,543,5760744,4083050,323458,538371,1859014,1766135,1406862,820122,914302,714061,506000,244361,751108,0,0,0,0,0
104,000532,2017-10-12,-0.0021645021645021467,-0.0021645021645021467,0.5143374729772707,13920.0,93395.05207238114,726,17466688,11164064,626881,577567,3509219,2591265,3496895,1645109,4287576,1898170,1961576,226896,991706,1429647,1251079,430900,1341756,2364510
105,000533,2017-10-12,-0.0019550342130987275,-0.003910068426197566,0.45349755884962795,15262.5,158773.56448230043,508,23120724,8491561,262239,426526,2053495,2039602,1660796,1156470,1939130,2396301,2554469,965676,4209798,968506,1264488,0,9176309,538480
106,000534,2017-10-12,0.008898015058179443,0.004791238877481119,0.6427191504660638,8844.0,37867.23571227195,516,4359517,5626170,235497,1703166,1711241,1390462,1184188,882300,285372,670900,943219,262550,0,303232,0,413560,0,0
107,000536,2017-10-12,-0.006932409012131546,-0.005199306759098632,0.15656086446493234,11480.0,67186.0723765517,1360,31026061,14216365,1698032,725972,7889401,3365886,6068407,2527341,7430343,2550191,3502806,1756636,1957150,732040,1326770,407400,1153152,2150899
108,000537,2017-10-12,0.004687499999999956,0.0031249999999998224,0.29974260219939497,25160.0,142940.1721553151,1827,74426168,57091637,833550,967197,7244333,10158774,6936648,8425380,19568999,10138515,14403498,8386514,6959381,4277120,1338656,3404657,17141103,11333480
109,000538,2017-10-12,0.0016111707841031109,0.003222341568206444,1.9917655680214859,37156.0,232832.08832784797,2186,102503903,127357171,1838448,986973,9350081,16108494,10331752,10116538,17128971,18586031,9175469,12632266,7553150,7872398,11896958,7618919,35229074,53435552
110,000539,2017-10-12,-0.0019011406844106071,-0.0038022813688212143,0.21221447873926536,3682.0,32270.936097937338,614,3650560,3686095,346784,1022947,995434,1617978,879900,223755,503040,255570,487342,214725,0,351120,438060,0,0,0
111,000541,2017-10-12,-0.006309148264984299,-0.008412197686645695,0.2094787235063112,17993.0,170136.7186603723,2063,65671382,49162951,2142631,1395242,10076321,8813929,9352086,8240564,12465564,8766813,5014671,5051610,5042082,2185026,4873729,2261047,16704298,12448720
112,000543,2017-10-12,0.0035335689045936647,0.005300353356890497,0.16284871157814826,10224.0,183498.95196249348,1209,32206947,36575638,905257,1115518,4678889,3454209,4415186,2777876,4541476,4094041,3711103,1927065,1428343,3797513,1836349,2707867,10690344,16701549
113,000544,2017-10-12,-0.009714285714285786,-0.009714285714285786,0.4571510660153437,5229.0,37385.85348920199,1465,18267319,8247808,2127068,522254,7024681,3803637,3481079,2434195,1907981,1015188,1648044,472534,1037723,0,486640,0,554103,0
114,000545,2017-10-12,-0.0016313213703099683,-0.004893964110929905,0.16998439799071247,9240.0,78805.36111688077,1301,22967522,19312089,1032287,1032992,4962706,5032040,4143601,3101463,3686619,5201227,963673,1777094,2945288,1606279,447720,441672,4785628,1119322
115,000546,2017-10-12,-0.01666666666666672,-0.014000000000000012,0.40753771042305426,14830.0,104122.32881592674,1355,36134578,24811610,952693,524498,7636115,7392438,4728995,4222479,6194226,5061463,2762405,1821877,2749704,2418574,2249314,1290607,8861126,2079674
116,000547,2017-10-12,0.02867072111207647,0.026064291920069538,0.2325855542975736,34830.0,208600.73986257322,2451,94776010,123317627,1048483,1023743,13857223,11126705,11965785,12136388,21136697,32007159,11618806,12220594,9401922,9328271,5382865,8091950,20364229,37382817
117,000548,2017-10-12,-0.01591187270501848,-0.014687882496939975,0.27745456236598176,10517.0,109126.76635861094,867,20398476,10613341,771451,909554,4915181,3219413,2397791,1627114,2428164,928210,1462938,1050169,1107907,1391266,948922,407535,6366122,1080080
118,000550,2017-10-12,0.005586592178770999,-0.0041899441340782495,0.5352687364592676,19287.0,91229.15070421471,1610,49924390,28450617,1021168,868772,11094385,6527954,6506525,5554005,8893988,6527887,8916887,3344780,2450510,1028615,3108508,1875137,7932419,2723467
119,000551,2017-10-12,-0.006276150627615107,-0.009414225941422605,0.412674623572143,18192.5,93682.4309008473,536,13639744,8275587,477382,406098,2336726,3240573,1870574,2273625,1026041,1521660,1490882,520752,1680736,312879,914361,0,3843042,0
120,000552,2017-10-12,-0.015000000000000013,-0.020000000000000018,0.08745173911412012,3164.0,124368.13715610106,2102,40888781,21873162,1137196,2115756,5589310,5286003,4004380,3009820,5178234,3800326,3734935,2267324,2499382,2128322,1273309,879059,17472035,2386552
121,000553,2017-10-12,-0.0070224719101122934,-0.0098314606741573,0.4874701163025597,14110.0,89126.72919952223,853,19606281,12739431,1528031,539317,3877319,3537800,3768593,2616584,2433653,2616427,1526173,526481,722871,1344520,483246,484286,5266395,1074016
122,000554,2017-10-12,-0.009920634920634885,-0.0029761904761904656,0.26518231904940115,17068.0,107549.36284430545,1445,39388932,25459876,1069813,930407,7678663,6097400,7603489,4423280,7718152,5395267,4205621,3335817,1746698,2120423,2232383,1290698,7134113,1866584
123,000557,2017-10-12,-0.0068259385665528916,-0.0068259385665528916,0.1891480798045542,11730.0,82045.43748454507,960,22332762,10581292,1138633,534674,5646319,3090287,3983498,2098708,3938969,3011450,1616702,524442,1009912,342224,0,0,4998729,979507
124,000558,2017-10-12,-0.004457652303120341,-0.008915304606240793,0.21410597178697752,10020.0,92512.8391977712,988,18229002,15526081,1068351,910613,4446584,2949828,3811664,2209170,3689507,2360802,2046439,804439,1309922,1310755,1313835,0,542700,4980474
125,000559,2017-10-12,0.004212299915754114,0.002527379949452513,0.2302362003554084,31031.0,180056.16682226004,2660,125562036,107037331,1063043,1801627,11925064,13908961,14608009,14221675,23038994,21553071,15360149,10530359,14072316,9407940,4949091,5855843,40545370,29757855
126,000561,2017-10-12,0.009157509157509125,0.0027472527472527375,0.2691456940895866,18785.0,111214.3957322641,1647,41921908,37450964,1184858,1269350,6395923,9931310,6295051,7724932,8266350,10412431,3808915,2094792,4165212,1675601,2146039,1754708,9659560,2587840
127,000563,2017-10-12,0.0,-0.007504690431519689,0.1538606681078096,10070.0,106203.74242427402,1201,31369620,13443296,946478,719643,4879605,4055016,4569990,2398853,8054125,1943648,4674495,3339605,1003176,377010,1349670,0,5892081,609521
128,000564,2017-10-12,-0.0017094017094017033,-0.005128205128204999,0.14858823396620566,11367.5,133643.4012258272,1552,29254730,30883223,1224460,1654144,6226050,6302249,5698920,4664759,6567023,3017686,2324653,1463187,1382896,1724564,473748,1336019,5356980,10720615
129,000565,2017-10-12,-0.0032188841201717944,-0.0032188841201717944,0.392502122381283,11184.0,43479.10571960471,563,10287582,4520139,505157,524434,3460693,2177038,2398750,1053698,2357000,484769,730378,280200,372400,0,463204,0,0,0
130,000566,2017-10-12,-0.0022556390977443996,-0.0052631578947368585,0.3695755046491153,23976.0,225694.67476822494,1295,63011045,32478136,948250,654690,7323887,5660703,6489979,4742572,10572651,6244528,5611578,3195532,5080959,716589,3597812,0,23385929,11263522
131,000567,2017-10-12,-0.008544087491455965,-0.008885850991114164,0.7908835174907776,25947.0,102408.50869305557,1370,41230525,32936011,740646,1014063,6666403,8336710,6760741,5736622,8573938,6793427,5653808,3018977,4509268,2422330,1850837,1722918,6474884,3890964
132,000568,2017-10-12,0.0050675675675675436,0.00016891891891890332,1.1814626398072703,64900.0,266806.2527662816,2513,183445865,162753864,695702,572541,9093157,9551184,18915949,18888343,25173593,30672128,22363922,15844523,15908694,16104875,14054054,8483339,77240794,62636931
133,000570,2017-10-12,-0.005610098176718092,-0.005610098176718092,0.3556776509382046,7140.0,42064.35238397788,401,5852909,3128365,297040,356026,1646553,1520521,1399871,729543,1118465,522275,925930,0,0,0,465050,0,0,0
134,000571,2017-10-12,-0.01098901098901095,-0.01098901098901095,0.23371177222230297,14460.0,140094.44925967473,970,32802630,17212711,733027,1002586,4062568,5031882,2882201,3171118,4190508,2792978,4283896,1716641,2125659,1068070,3082135,909516,11442636,1519920
135,000572,2017-10-12,0.004702194357366851,-0.023510971786833812,0.1090527911333782,75492.0,663687.0302537658,3442,369620279,339963970,942500,1006493,13864793,10945342,26383462,20313777,46941428,33428502,34724041,31177941,32567154,26285397,20528757,24196900,193668144,192609618
136,000573,2017-10-12,-0.004966887417218624,-0.0033112582781458233,0.22757092475569726,6030.0,55065.43018667945,704,11404158,4776791,619397,381039,2755010,1767221,1763021,881493,2715616,957924,751642,482790,1607944,306324,472149,0,719379,0
137,000576,2017-10-12,0.004242424242424159,0.005454545454545379,0.9968190037477924,9978.0,26107.26561753606,273,2511551,2668286,349796,293424,1230733,1418245,422144,701768,305992,254849,202886,0,0,0,0,0,0,0
138,000581,2017-10-12,-0.010395841663334737,-0.014394242303078841,0.5433644688825041,27324.0,237305.0894374302,2120,105297911,73267397,1800189,1112417,12848171,8159932,14158125,9189722,13192794,14759814,10358689,9520303,4196404,4958199,6820021,6474999,41923518,19092011
139,000582,2017-10-12,0.006666666666666599,0.0024999999999999467,0.40304338575059556,17940.0,70515.51761213556,886,21145684,13289681,672527,561195,5152149,4416423,4795827,2976577,4260339,1978780,1661048,994943,1981822,1425920,462496,432590,2159476,503253
140,000584,2017-10-12,-0.004551365409622865,-0.012353706111833618,0.4454348315217495,27495.0,123148.80943814422,1192,50827793,26840205,665541,717605,6844377,5118079,7240140,5093438,13943242,4791822,6219990,3103281,4433036,1571238,3621641,2294619,7859826,4150123
141,000586,2017-10-12,0.00952858575727178,0.0030090270812437314,1.1579455955231146,17946.0,92831.66457061509,296,9007793,4511344,266142,216311,838357,1313626,1276209,1334446,1162905,1215871,1628803,431090,1989877,0,444000,0,1401500,0
142,000587,2017-10-12,-0.010282776349614386,-0.010282776349614386,0.241817823743503,21644.0,368995.70789474127,1035,27751937,36636411,989289,571622,9146528,2675374,8501505,2872443,3018518,2341598,1224636,1177844,726012,1167880,467226,425475,3678223,25404175
143,000589,2017-10-12,-0.00888099467140313,-0.00888099467140313,0.2523824160261753,7293.0,53159.931236345255,497,8767512,4500243,462754,417614,1642115,1536414,1433096,1435366,2537317,597079,1503785,513770,681366,0,0,0,507079,0
144,000590,2017-10-12,0.004286589099816274,0.0012247397428049034,0.6608051055570271,14836.0,114928.86807010196,610,12465225,13569450,636959,532053,3522092,2222797,2102538,2268322,2048317,2734114,241529,1129672,673790,1659843,0,1846019,3240000,1176630
145,000591,2017-10-12,-0.017377567140600347,-0.017377567140600347,0.1186973523150325,8150.0,102515.62529796794,2850,75518248,22926059,4719474,1132991,13887207,5143303,12392422,6334908,11031310,4059416,7450815,2682136,4178105,1423147,3816810,1303204,18042105,846954
146,000593,2017-10-12,0.024513947590870666,0.009298393913778513,0.5372593582159128,14961.0,108002.30983901127,484,9506324,14269350,441216,323015,2264750,2318661,1556189,2083456,2071788,2070981,1382560,1180497,0,1310964,0,0,1789821,4981776
147,000595,2017-10-12,-0.015009380863039379,-0.015009380863039379,0.19344456083573783,8416.0,53387.07810544004,759,12220895,5630199,754751,648953,3487924,2180715,1869890,1057914,1412862,844948,1443591,897669,2199825,0,0,0,1052052,0
148,000596,2017-10-12,-0.0028530670470754416,-0.017546362339514787,1.5825354941095047,28230.0,290966.70251522446,1966,93751780,76651711,1076580,1691741,8670380,12722725,9585407,10995573,13039474,10481359,7961604,9449682,7439388,7020609,5913873,5030872,40065074,19259150
149,000597,2017-10-12,-0.012987012987012991,-0.006926406926406892,0.35705525594009896,20718.0,115706.68958116778,1046,26691959,27830445,619352,577504,5348032,6167872,4492826,3581859,5206231,5194974,1704675,3247587,3733355,2702584,831456,0,4756032,6358065
150,000598,2017-10-12,-0.0017271157167529916,-0.003454231433506094,0.13297749113664753,5770.0,103896.95169328341,1898,44894085,17508165,4214009,839921,7204268,2936523,5510937,2388351,7649577,3491115,4211256,1329630,1758628,618951,5771555,1398377,8573855,4505297
151,000599,2017-10-12,-0.001474926253687392,-0.005899705014749235,0.25121134946973056,10185.0,69141.19811210861,728,13291758,8459045,851945,561876,4050695,2335928,2580897,1212181,3017049,1355273,1437165,784852,0,0,1354007,426412,0,1782523
152,000600,2017-10-12,-0.012323943661971759,-0.009683098591549255,0.27282146551324565,20394.0,134750.83839131045,1734,57155379,43088750,983822,1279804,8243553,7926866,8455668,7306409,10775412,9606409,5439961,6147096,2383756,2806130,3411699,1289189,17461508,6726847
153,000601,2017-10-12,-0.001335113484646211,0.004005340453938411,0.2994344518855504,8952.0,148301.1169155435,625,15459591,13037418,889589,411437,2510251,2290924,2444961,1240910,2391815,1126865,1965233,1559519,1050359,1071136,853919,469464,3353464,4867163
154,000603,2017-10-12,-0.014285714285714235,-0.018571428571428572,0.4619471305652643,12465.0,80114.62071120487,918,23061205,12375965,520561,1383112,4187797,3722676,3087463,2537056,4615457,1409468,4062948,1664348,1959191,1033737,1354917,0,3272871,625568
155,000605,2017-10-12,0.0,0.004335829720141904,0.6464102783324878,17836.0,115762.53054271414,1540,41967386,36827672,453388,1462839,5138153,8540261,6436042,5028464,10264081,6685508,5408655,5498536,2105911,1568393,2658968,2246493,9502188,5797178
156,000607,2017-10-12,-0.015568862275448958,-0.010778443113772407,0.26297654002601906,16570.0,82601.0945549659,1008,27406858,16217803,1041811,791158,5891897,3571430,4742693,4164407,5082932,3449105,4647979,1272854,1778119,1008611,893910,0,3327517,1960238
157,000609,2017-10-12,0.00346981263011803,0.002775850104094424,0.6128533210471879,14510.0,118624.58732961996,552,11246107,10061377,416718,496479,3325070,2310745,2081849,1623810,2567766,479072,948719,1687392,707251,355508,0,0,1198734,3108371
158,000610,2017-10-12,0.01875468867216812,0.021005251312828266,0.49383849228170024,13520.0,107724.64473022372,728,12289995,19676843,889795,371844,3989944,2729783,1769978,2338319,1740269,3762925,718256,3692363,683344,719440,479605,1354224,2018804,4707945
159,000611,2017-10-12,-0.01286549707602358,-0.01520467836257322,0.3636603480155028,8475.0,60711.00105673312,552,9736917,4694981,636183,529212,2271560,1706283,1450477,1032528,2175282,1004459,1245686,0,660905,0,455824,422499,841000,0
160,000612,2017-10-12,0.00877192982456143,0.0019493177387914784,0.3076397814534998,19608.0,176831.00341973585,1112,36816681,46484827,659167,917612,3299972,3322659,6003554,4023895,7677021,7656744,7810755,6084883,2649729,1336364,1861085,2174428,6855398,20968242
161,000613,2017-10-12,-0.00782013685239491,-0.010752688172043112,0.3609139158269945,10180.0,71269.45485184196,803,16127680,10928425,609426,772634,3085514,3734964,2424826,1741082,3608788,1560345,2384491,286679,329875,380888,2635524,846836,1049236,1604997
162,000616,2017-10-12,-0.008639308855291628,-0.010799136069114423,0.15395565716427048,10164.0,137912.42521328854,905,36884957,16282840,895237,649351,3370666,2938053,3291655,2830083,2810839,3585757,7156608,2186676,2516915,0,5104442,922999,11738595,3169921
163,000617,2017-10-12,-0.014880952380952328,-0.020238095238095277,0.5341099728512343,5004.0,59422.85980216115,989,12652663,5816281,467329,2114608,2228005,2245056,3001854,715612,2572584,395765,1215218,0,362316,345240,876257,0,1929100,0
164,000619,2017-10-12,-0.0021074815595363283,-0.0010537407797681642,0.42792390534060065,9490.0,62331.71597543121,491,8951632,4745744,639545,518330,2388238,1568204,1829248,1400895,1247931,133950,993859,0,674406,718387,406600,405978,771805,0
165,000620,2017-10-12,-0.005673758865248235,-0.004255319148936176,0.26603504256891397,4921.0,58084.35221398004,702,8125505,4652068,1038457,785003,1310076,1594841,1295503,583956,1124731,969956,1562682,0,388056,0,0,0,1406000,718312
166,000622,2017-10-12,0.08899676375404542,0.014563106796116498,0.20379572649223188,14283.0,162231.77901605924,921,17692222,25128179,988904,492633,4224759,3601290,4384283,3463638,3736971,4030582,2038098,1632193,359711,1943269,489104,900212,1470392,9064362
167,000623,2017-10-12,0.0004378283712784814,-0.0017513134851138146,0.5794680083610532,22900.0,170169.52237684233,1553,64456939,49070194,1097035,778116,8035029,6947934,7987453,7803697,11321219,10220255,8827682,6317598,4697687,2665446,4433036,1787603,18057798,12549545
168,000625,2017-10-12,0.002797202797202747,-0.004195804195804231,0.27519729719707936,25650.0,407198.61598395236,2701,149326378,95042845,2365775,1064297,13984225,11433874,16837259,10275694,19617634,17446443,15178158,9836044,9601986,7719409,5282778,8424222,66458563,28842862
169,000626,2017-10-12,-0.0005777007510108234,-0.0023108030040438488,0.47441087526938913,19228.0,75944.67721475483,1331,31849597,26298018,960273,913959,7248438,6639899,6854229,6259831,7183533,5129212,2315229,1836641,3276339,2439586,1349243,830508,2662313,2248382
170,000627,2017-10-12,0.001097694840834329,0.004390779363337094,0.20967920105113327,13650.0,128382.37416712775,1889,51424785,36595019,2269569,1512532,9856449,7608487,6338263,6123474,6769045,6582430,4924452,4681757,4119187,2440336,4531443,0,12616377,7646003
171,000628,2017-10-12,-0.004844961240310197,-0.008720930232558155,0.4611390120126468,10260.0,46368.58640983638,500,10404152,4327552,453125,291374,2451966,1726870,2227987,1036659,3233189,1023874,1730385,248775,307500,0,0,0,0,0
172,000630,2017-10-12,0.009933774834437026,0.0033112582781456013,0.062475791203458426,10032.0,282427.38018620346,2360,83246040,79925779,2248454,1468551,10600736,7281920,7990231,5638765,8756377,5343293,4515211,3979478,7150431,3269462,4559425,5382648,37425175,47561662
173,000631,2017-10-12,-0.0024752475247524774,-0.004950495049505066,0.1705020038088413,2821.0,59367.545717192916,561,6763215,4705082,527004,319034,2058423,1434931,778699,616670,647397,834384,680970,405918,741923,328042,1328799,0,0,766103
174,000632,2017-10-12,-0.028806584362139898,-0.020576131687242816,0.26837946366901405,8688.0,71734.28534719367,738,12757679,9445188,897467,500530,3791846,2234931,1896122,1223706,1870117,2428349,1798860,783092,721500,357700,421596,0,1360171,1916880
175,000633,2017-10-12,0.052927927927927776,0.024774774774774633,0.22758147521810504,18400.0,138255.01473555696,1528,38471438,54162118,946644,1620478,5506046,7293488,6106164,6709624,8165716,9771132,3339358,5196227,3492013,5062573,2265007,2667358,8650490,15841238
176,000636,2017-10-12,-0.02059732234809486,-0.022657054582904235,0.20846968986427808,23900.0,133023.01665382652,2171,85547311,54296335,2415279,1727601,10712209,11292521,11887390,10209141,15195304,12968053,13075969,6160989,5378388,2398251,5440766,2268282,21442006,7271497
177,000637,2017-10-12,-0.00717360114777621,-0.008608321377331363,0.23457975518354904,2784.0,39485.61248702245,883,6956281,4090832,947397,711432,2090546,1666365,1452737,772635,1116463,367592,209890,0,0,0,451876,0,687372,572808
178,000639,2017-10-12,-0.012623985572587926,-0.01803426510369699,0.7342954159643643,15302.0,82951.81569388922,912,23023947,13332023,1017861,454705,5781097,2399317,5015290,2152003,4773715,2133496,471344,1144688,345400,1441602,2731311,2163821,2887929,1442391
179,000650,2017-10-12,0.0,-0.0016447368421051989,0.16108734239716915,8470.0,97939.61146372567,1426,31245475,23090929,2319338,1199432,5593300,3719675,3862391,3389245,4907697,4058287,3557060,3474302,2006216,1944441,924006,838678,8075467,4466869
180,000651,2017-10-12,0.011005502751375795,0.0030015007503751967,0.6671007593249308,408191.5,1810342.5902736352,3592,1339383252,1718392866,40343,64681,2297283,2775894,8584909,8729994,32073458,41928687,48826966,60727746,57553813,56769157,53828645,63677503,1136177835,1483719204
181,000655,2017-10-12,-0.01416765053128699,-0.029515938606847647,0.22458975942680254,12375.0,209454.50805698367,1423,47925941,21317189,881215,1866573,5365175,6296819,5489765,5034038,7217926,2911339,5823552,2252841,4089367,1358689,2597522,444446,16461419,1152444
182,000656,2017-10-12,-0.004008016032064243,-0.006012024048096198,0.13652973513288874,9920.0,150642.7375842944,1338,38696463,16944175,1169719,1690913,5839520,4623723,3097821,2998170,3471707,2209465,3496301,705500,1346635,1059450,3426860,1495000,16847900,2161954
183,000657,2017-10-12,0.006224066390041472,-0.003457814661134262,0.36352471305752093,16612.5,105616.63051230193,1582,35171314,37108987,1458261,966826,9121229,7660147,5879919,7845495,8398385,6634117,3216834,1355077,765572,3036147,1395788,915240,4935326,8695938
184,000659,2017-10-12,0.010152284263959421,0.012690355329949332,0.13857753989083182,11571.0,88510.82210630318,809,14072764,17584686,615186,723324,2834704,3632153,2029300,3058758,3268992,3548371,208677,2869749,1693293,2250766,402400,0,3020212,1501565
185,000661,2017-10-12,0.006928104575163463,0.004575163398692794,4.965618880742511,30556.0,309846.68388714007,949,63946592,44713325,1073,0,5240955,6499658,3400395,3335041,6361758,7426245,6468706,4696712,3411170,3094128,4120205,2722131,34942330,16939410
186,000662,2017-10-12,0.013357619914997176,0.007285974499089409,0.5721439243624239,11627.0,69541.26592597917,828,16940484,12072315,1446858,592707,3666648,3029116,2857004,2476489,4250772,2660394,1430212,1444692,382260,982280,1338394,886637,1568336,0
187,000663,2017-10-12,0.0039447731755424265,0.00920447074293218,0.6205277267956866,13923.0,62708.72462501846,600,7445085,10094954,446221,712419,2945875,2473051,2012869,2798287,958965,966360,772355,297790,308800,1360435,0,486912,0,999700
188,000665,2017-10-12,-0.003341687552213979,-0.0025062656641604564,0.4230017663970211,10773.0,59409.238180056505,800,13197891,11992840,1051935,620403,2769616,3331406,3067838,3768426,2989090,1756320,1129017,987422,1326410,1091032,0,437831,863985,0
189,000666,2017-10-12,-0.00046882325363328814,-0.007032348804500654,0.5320826225819996,17000.0,216714.49829816772,1607,48660140,46791792,813049,1484194,6288399,8235953,5768529,7234683,6038298,8352966,4780043,4849076,4657485,1364503,3428188,2178176,16886149,13092241
190,000667,2017-10-12,-0.005847953216374324,-0.005847953216374324,0.09669267388466073,3400.0,62396.0796970236,1255,17904331,5997633,1745264,484081,4585206,1743477,2243069,693438,2706211,1230708,1043750,464442,2047040,311440,472260,462726,3061531,607321
191,000668,2017-10-12,-0.003470213996529692,-0.00578368999421619,1.0371008032423679,6880.0,94616.26839424108,277,3281968,4330230,356160,177524,989727,634989,141472,674748,458567,599838,222949,480995,338643,0,0,0,774450,1762136
192,000669,2017-10-12,-0.0030940594059406523,-0.0024752475247524774,0.5296732474874889,16180.0,76228.49296373551,930,19820530,13915268,752728,939750,6007562,3543474,3411700,3438897,2764075,2182942,1686248,1479379,1039482,1718466,498149,0,3660586,612360
193,000670,2017-10-12,-0.020689655172413834,-0.0289655172413793,0.12936523480667983,36050.0,183090.97740750975,3149,162373617,114680844,1565808,1659209,15219349,15428318,20711126,17224739,32746539,21878978,23933470,17522682,20078471,10795404,11275998,6652755,36842856,23518759
194,000671,2017-10-12,-0.028208744710860434,-0.026798307475317307,0.14106432177848002,31824.0,305326.1100312606,2536,164269814,146832350,909918,2028041,6271944,12642588,8595761,13796129,14069025,32922540,13652232,19287176,12402307,13580422,8400091,7577403,99968536,44998051
195,000672,2017-10-12,-0.008919722497522264,-0.011892963330029649,0.2365513257979054,17068.0,106597.01320132807,1820,55113679,26114558,1377517,1490123,10847243,8061938,8616061,6104666,9233190,4913692,6093237,2294753,3846269,999026,2655933,466240,12444229,1784120
196,000673,2017-10-12,-0.003436426116838587,-0.015463917525773141,0.3984074917357676,13680.0,120748.04991754424,853,25983411,13733477,424418,932088,3638014,3928679,3221771,2745357,4615990,2740089,2104496,1622578,1756749,0,1418534,898783,8803439,865903
197,000676,2017-10-12,0.008553100498930988,0.006414825374198241,0.4683157659403007,9926.0,49199.429815423835,897,13086451,9727763,1007967,525583,3684661,3123202,2830085,2363609,3072684,1661443,1482872,659483,0,1394443,434098,0,574084,0
198,000678,2017-10-12,-0.05052631578947375,-0.04842105263157903,0.2081535771642482,19173.0,525535.9033957702,2086,85048332,86463252,1374770,2213303,7376399,12248666,5649444,10997492,8339408,13581759,8141687,7853658,6151970,6821973,4070817,2193125,43943837,30553276
199,000679,2017-10-12,0.0022099447513812542,0.0033149171270716593,0.37813043716731903,12275.0,48882.14129060483,572,9517087,7424094,828727,467106,3389982,2392561,2132430,1963593,1447600,1814226,745434,437936,352304,348672,0,0,620610,0
200,000680,2017-10-12,0.0017331022530331364,-0.005199306759098632,0.18681784009856908,11500.0,87520.1977009515,954,24258403,9557863,798104,694526,4803062,3212216,3366823,2567501,4197583,1531741,2465947,449506,690209,603573,1794158,498800,6142517,0
201,000681,2017-10-12,-0.001982160555004886,-0.012388503468780954,0.46100491594445775,8038.0,93229.75666018494,1920,36723388,37892882,820530,3044433,5247726,6600533,5462401,5544367,7376472,7441705,7365585,3883193,2487287,1525479,3142474,2147900,4820913,7705272
202,000682,2017-10-12,-0.010928961748634003,-0.012750455373406244,0.1982258322853572,5480.0,68302.54982933747,767,13095169,5908941,637607,733280,3018180,1855632,1823816,1182721,1534143,1163842,1863570,526491,308470,0,2263403,446975,1645980,0
203,000683,2017-10-12,-0.006269592476489061,-0.00940438871473348,0.0698375492878117,11484.0,143528.93577299142,2102,70284007,33009955,1914727,1755274,9925532,7415919,8250900,3582406,12038663,5882061,5848190,2021085,4351508,3470767,2698170,1412732,25256317,7469711
204,000685,2017-10-12,0.0027472527472527375,0.0,0.4015019807433489,7672.0,76884.48300297208,739,12985063,10411705,715044,381401,3058226,1987034,1253297,1904580,3938918,2710317,739298,1169868,633640,657900,437200,471280,2209440,1129325
205,000686,2017-10-12,-0.0038461538461539435,-0.0038461538461539435,0.25635138978271854,5200.0,118509.11411806197,1646,35256565,29024913,685491,1899582,3563489,5415746,4160592,3573807,6713337,4320740,3533950,2026902,1645796,2588165,1336913,1706894,13616997,7493077
206,000687,2017-10-12,-0.0041522491349480495,-0.0041522491349480495,0.35268051181017174,28840.0,141746.78833999723,1679,60852337,48081210,1010386,919295,9071316,7686502,10857981,7888628,11455879,10323281,5735233,5611951,4809959,2758100,3113204,2689727,14798379,10203726
207,000690,2017-10-12,-0.018750000000000044,-0.011249999999999982,0.20298149376474453,15960.0,93363.84820790424,1557,43421807,29320461,825963,1471985,7903099,5539463,9656120,4620664,12185560,4811786,4892181,4213502,3773055,2814289,1752662,1424749,2433167,4424023
208,000691,2017-10-12,0.009370816599732379,0.0026773761713521083,0.4763514394620331,14212.0,66152.51184349616,245,4722803,2602456,237163,211062,1361669,926682,791424,783757,695012,397074,513535,283881,374000,0,0,0,750000,0
209,000692,2017-10-12,-0.018439716312056764,-0.015602836879432536,0.3716448403219556,9061.0,56697.58025347168,359,6347061,4558199,361750,293078,1569498,1167039,1495711,653149,1060010,1181673,1116296,231700,326196,1031560,417600,0,0,0
210,000697,2017-10-12,0.008856372737774398,-0.005775895263765873,0.6163055712003304,28028.0,136893.82798344316,1776,75377433,57726993,906177,950974,8338609,7294874,9891916,9738099,14868603,12870670,13699453,9897402,4356366,5947841,3689205,2617595,19627104,8409538
211,000698,2017-10-12,-0.0103244837758113,-0.01179941002949858,0.2940177601820042,11543.0,85251.28927238715,531,12392909,7367572,584389,314033,3191350,1517650,2196197,508624,2287094,782179,1544450,476922,629648,336500,1301060,1377660,658721,2054004
212,000701,2017-10-12,0.0023547880690737433,0.0007849293563579884,0.4104057860585136,21590.0,145939.8240215023,963,28928309,28688655,628960,545483,4655155,4114651,5243013,4923574,5637792,5975072,3414388,3377692,2787102,1707046,420547,933720,6141352,7111417
213,000702,2017-10-12,-0.0033296337402884957,-0.007769145394006638,0.31705069406081043,10847.0,63064.859233185125,807,14186208,10216200,986449,856408,3790574,2887563,2059614,2619738,1945220,2226476,1777295,999820,1021086,0,920014,0,1685956,626195
214,000703,2017-10-12,0.009554140127388644,0.008280254777070173,0.3960054137564622,7920.0,47166.90418718991,1572,12143861,21117846,591762,2180597,4161018,7970090,2434925,3772976,2432977,4290037,498538,1108034,315000,1138920,424512,0,1285129,657192
215,000705,2017-10-12,0.0009442870632672129,-0.0047214353163362865,0.37734685656792855,8480.0,34658.30551436102,787,9424824,6814451,582369,1128310,4053341,2407953,1690367,1615400,1728634,915437,1370113,441401,0,305950,0,0,0,0
216,000707,2017-10-12,-0.00990099009900991,-0.007072135785007205,0.33984856717530987,9856.0,56396.3623066434,432,7605915,5792433,400885,474335,1706492,1342879,1568218,1286878,1584131,1562061,1178667,468784,746322,657496,421200,0,0,0
217,000708,2017-10-12,0.009551800146950784,-0.005878030859661987,0.45423244179682953,14938.0,114377.57823081818,897,33984788,13304398,880547,705953,4696002,2945193,5061653,2382809,6475499,4447808,5128288,1230017,2755709,775418,2671198,817200,6315892,0
218,000709,2017-10-12,0.006849315068493178,-0.004566210045662045,0.08338373184540372,17999.0,310773.16761685937,2775,148527380,88244854,2057026,1674725,15569418,10383025,12518655,9196972,17589743,10573918,13260719,6946755,5428883,6387281,6245761,8084807,75857175,34997371
219,000710,2017-10-12,-0.01696969696969708,-0.007575757575757569,1.5365431860423486,32762.5,165909.39916255462,1846,100086893,60598551,840807,1024615,9632089,8112104,14263093,9166176,18328101,11305195,12821665,8088837,12895992,6602211,3107701,3579175,28197445,12720238
220,000711,2017-10-12,-0.012379642365887178,-0.015818431911966857,0.6012453628009463,14405.0,66301.02333914985,584,13941963,6100560,440732,468939,4297462,1972224,2480399,911166,2460651,1593787,992715,818924,729769,335520,1291960,0,1248275,0
221,000712,2017-10-12,0.0028860028860029363,0.0009620009620008307,0.4996688234045584,20950.0,165589.16391959504,1731,73053326,48512100,745202,1321093,7363541,7924465,8893497,7041608,9062894,9580215,10297259,6753044,5445443,5066483,7007853,4401480,24237637,6423712
222,000713,2017-10-12,-0.010575793184488869,-0.014101057579318343,0.3087945810100797,5950.0,60370.817531352666,759,9951319,6063589,1162688,395639,3090040,1827621,1589136,1387301,1323206,981462,929157,405594,319580,392372,420312,0,1117200,673600
223,000715,2017-10-12,-0.007246376811594013,-0.009057971014492683,0.4263769052319965,2196.0,42577.51886979999,670,7161031,3727676,726576,477521,1535052,1218700,1148836,691616,1626994,735589,952289,274250,330000,330000,841284,0,0,0
224,000716,2017-10-12,-0.007751937984496138,-0.0046511627906976605,0.2122937343936475,7095.0,60889.048129697614,923,13398996,10950241,820595,861146,3686263,2533325,2844221,1375599,2192614,3511972,936223,724020,691825,965869,900241,463110,1327014,515200
225,000717,2017-10-12,0.02695763799743256,-0.00898587933247752,0.1527648218687114,24242.0,199380.03037365474,2605,123637294,93029779,1956514,1641829,13773763,10460550,15023413,9837577,20308834,11495965,16493431,12708746,8658410,8616906,11281247,7173310,36141682,31094896
226,000718,2017-10-12,-0.010695187165775444,-0.012477718360071388,0.1550167658277619,3885.0,76920.00864075476,1311,24545920,8598260,1544573,875793,3267447,2292493,2174797,1716038,3753743,1499194,4126213,1262794,1326508,0,1839219,422406,6513420,529542
227,000719,2017-10-12,-0.0018744142455482393,-0.002811621368322359,0.38389730964525987,7441.0,60785.79236568952,772,13010710,6333712,1186070,517158,1687218,2521076,2424287,556632,1987668,1502610,1715616,212600,2988192,0,467279,494760,554380,528876
228,000721,2017-10-12,-0.02213541666666663,-0.02604166666666663,0.24965823534511722,10696.0,101916.88055153594,946,24522771,10602762,970687,1052367,4146298,3400058,3033356,2620051,3470228,1196518,3465566,483166,2724984,0,0,818046,6711652,1032556
229,000722,2017-10-12,0.0016207455429497752,0.002431118314424552,0.4494439390216537,14772.0,59755.38836422953,753,14341504,10111900,684225,535792,4289956,3851734,3122085,2010058,3064905,2597836,1244094,787970,0,328510,925179,0,1011060,0
230,000723,2017-10-12,-0.0022962112514353095,-0.01148105625717577,0.25951172795632393,19008.0,114977.31931844915,1127,46126233,23812827,1161921,718322,5580212,3360819,7392062,5019814,8783461,5465978,4788035,3767650,3801754,2494257,6076593,2290787,8542195,695200
231,000725,2017-10-12,0.01273885350318471,0.019108280254777066,0.07878595535884964,573888.0,2002493.6685346302,3597,1887597237,2440332828,24323,17720,1713239,2255418,6795483,8923418,29455240,31946751,46312991,45111151,50826536,52859922,47826871,54339889,1704642554,2244878559
232,000726,2017-10-12,0.0,-0.004897959183673528,0.31034901448390295,3678.0,52433.86352592701,1558,19410888,10452140,2211350,928371,5022645,3707642,3166926,1693006,4332310,1247559,1350515,962368,2122271,644832,0,0,1204871,1268362
233,000727,2017-10-12,-0.006849315068493178,-0.006849315068493178,0.06839515531987601,11640.0,247832.95326476562,1836,72891146,42499297,1812248,960748,9563389,5443167,7207440,3977504,7584545,6428855,4531291,2560844,1803101,2207035,2707350,2228833,37681782,18692311
234,000728,2017-10-12,-0.012099644128113818,-0.009964412811387935,0.27799053243980043,22464.0,195039.79451842915,2555,107315020,88284891,1082272,2331599,9745733,13364879,11410639,13255239,17067232,18734982,11253411,13123179,7219840,6396414,8126078,3995391,41409815,17083208
235,000729,2017-10-12,-0.006069802731411222,-0.009104704097116834,0.15641902944272895,5895.0,85614.3285209077,1777,37159688,26149428,1611713,975113,6501667,3777665,5504189,4212851,11473743,6384661,3741927,3896977,1981971,1357553,1697757,1327096,4646721,4217512
236,000732,2017-10-12,-0.0011396011396010985,-0.0005698005698006048,0.37525654732417385,3514.0,32690.609080419723,2189,9969241,15439918,738364,4764710,3087357,4410850,1356767,2937084,2872837,1500935,647069,821773,742069,384345,0,0,524778,620221
237,000733,2017-10-12,0.004714201532115547,0.0029463759575723003,0.457923379142793,22152.0,124486.25394450572,1373,44701531,41914841,727778,984868,8345997,6197997,6617450,6772695,7821503,9525245,5444316,6551952,4548445,3411443,1781335,3058265,9414707,5412376
238,000736,2017-10-12,0.020846493998736504,0.01073910296904601,0.5022850057051941,14453.0,63091.38001897582,993,15825052,17719305,1012449,918821,4539952,5202669,3349585,3214862,2979791,3932766,2310035,1764740,630252,1632725,0,0,1002988,1052722
239,000737,2017-10-12,-0.06323529411764706,-0.061764705882352944,0.15793182359101807,20732.5,148931.94081458083,1858,74863518,38492804,1289450,1414941,9396212,7531502,9350976,7986835,14530244,8831686,9338709,3971454,5656646,1294927,6098357,3579661,19202924,3881798
240,000738,2017-10-12,0.017946161515453696,0.016949152542372836,0.40554248104764207,42756.0,235281.4432564953,2447,124446252,163987170,806407,728535,10993623,10387070,14315863,11748545,25968498,23677063,17621255,17352623,13319511,17108913,9748842,11042741,31672253,71941680
241,000739,2017-10-12,-0.007863695937090354,-0.001310615989515096,0.26840087988913564,7650.0,59442.64377809704,808,10310388,11515042,1025491,734640,2376064,3214295,2487760,2846969,2159150,2183200,1598983,752243,0,319697,0,0,662940,1463998
242,000750,2017-10-12,-0.006745362563237767,-0.003372681281618828,0.14840502083695623,3558.0,143106.8553142836,1599,21365216,24858671,847527,2383425,3646885,3619469,2898508,2759899,3347249,2970187,2022914,497193,643472,352240,2198596,885845,5760065,11390413
243,000751,2017-10-12,-0.008250825082508184,-0.02970297029702962,0.11665392665082067,23640.0,179380.9806779313,2706,118808154,77484424,1413748,2247613,13093489,14514798,13283296,11490555,19563860,12895286,11364418,7555017,8336558,6526036,4403904,3178524,47348881,19076595
244,000752,2017-10-12,-0.020547945205479423,-0.016438356164383605,0.4668012715655518,14530.0,89952.646819135,978,28778277,12339896,823468,593059,6743853,3189587,5173787,2417051,5205993,1748234,3270642,1939128,1769560,677655,412412,0,5378562,1775182
245,000753,2017-10-12,0.01739130434782621,0.006521739130434856,0.15329640088416066,5104.0,63822.01050049736,901,10019566,12120856,907217,655473,3289408,3169757,1893978,2115174,2387613,1637889,726103,652860,351248,653570,463999,930465,0,2305668
246,000755,2017-10-12,0.011456628477904962,0.011456628477904962,0.1575481023623636,11628.0,108088.05494431173,1507,28732877,26536290,1716283,1132674,6719112,5485986,6084737,4279755,5805372,4676282,1925166,1596574,1622402,961767,466040,0,4393765,8403252
247,000756,2017-10-12,0.02485549132947984,0.017919075144508634,0.3666337722824917,20610.0,123584.53495187416,2232,60145164,63896447,1851282,1130842,9994884,12489982,9735934,9788417,12535162,12644314,4905605,5577433,5075033,4797837,2211674,3629613,13835590,13838009
248,000757,2017-10-12,0.002624671916010346,-0.003937007874015741,0.21680545375379806,18399.5,119223.65045836971,1236,37517652,27688712,1240099,871025,5941596,5474527,5978324,4205607,7426919,4356030,3824611,3433494,2911724,2535489,1825035,887730,8369344,5924810
249,000758,2017-10-12,-0.003994673768308865,-0.013315579227696328,0.174397231456389,14920.0,130694.3317073573,1856,60901736,30370767,1337891,2136573,7658266,9051604,9497431,5983910,9424259,5999820,5189633,1773581,5462673,1320387,5785645,401785,16545938,3703107
250,000759,2017-10-12,0.007407407407407529,0.0010582010582012025,0.25196765884249744,15072.0,94592.97592102726,1407,21571694,35375497,873617,1280441,5612652,10013040,2783729,4781952,3139309,4854029,1584422,1763972,2121004,2513751,2286590,2243981,3170371,7924331
251,000760,2017-10-12,-0.003039513677811523,-0.006079027355622935,0.36922152101054023,7916.0,71808.38682474963,714,13496951,8526064,1076167,387591,3153316,1882500,1875049,1597988,1735703,2162198,1298917,1338239,625722,692824,1418010,464724,2314067,0
252,000761,2017-10-12,0.006734006734006703,-0.01683501683501687,0.14561855474634713,10620.0,145080.59355585955,1667,49583057,31270700,1572275,1517290,6374190,6211628,5289792,3656562,6112389,6992756,7937746,4143803,3081714,1592115,2638454,440837,16576497,6715709
253,000762,2017-10-12,-0.03599999999999992,-0.039000000000000035,0.36288291751584273,70157.5,366165.5961812198,3042,318873533,235353645,893544,920247,11014310,11886248,15925355,19862272,36510907,35324594,29093092,25528688,25546976,22317392,24720570,16902894,175168779,102611310
254,000767,2017-10-12,0.011331444759206777,0.011331444759206777,0.13773942138599565,8800.0,140723.20966991887,657,12953945,19232407,537589,429996,2219619,2340814,1440699,1997969,1810286,2827634,2445913,2528129,1407458,1473604,0,1361772,3092381,6272489
255,000768,2017-10-12,0.04626708727655093,0.04784437434279698,0.3313158349676342,116638.0,671121.3597171486,3298,474741773,624717060,708300,603760,9625121,8541326,22671132,18881625,42394212,39238506,40715410,31884155,30396358,29909465,29041635,27939197,299189605,467719026
256,000776,2017-10-12,-0.008359456635318674,-0.006792058516196353,0.38366636956324485,26824.0,258276.2703113379,2489,147557078,118680883,1057763,2712737,7293568,13429429,11839444,12366453,19478648,19028946,19453175,13385143,12703907,9931960,7073157,6232709,68657416,41593506
257,000777,2017-10-12,-0.002308136180034559,-0.0028851702250430877,0.5576603341610361,17230.0,124593.12927840515,965,27889998,16968159,762214,839569,4884044,4893965,3867032,3348447,4093672,3866799,2605147,1630480,992277,1032969,1281859,1355930,9403753,0
258,000778,2017-10-12,-0.011075949367088667,-0.017405063291139333,0.131229631077736,18270.0,197468.5239613738,2324,105912631,49551337,1278251,2048192,9482350,10014055,14331035,8630622,14675437,10349241,7359208,5378138,5006966,6175201,1748362,400056,52031022,6555832
259,000779,2017-10-12,-0.006853582554517179,-0.0037383177570093906,0.46524091777706034,16000.0,60406.853009064354,1190,22464879,17659554,1509139,788599,6925182,5283899,5214045,5132257,3971194,3426525,1042264,1763914,1282211,341320,826674,923040,1694170,0
260,000782,2017-10-12,0.012770137524558134,0.014734774066797574,0.2881633874724228,20560.0,77710.13128082531,1248,23873648,30539145,888378,505176,6956248,5889183,5864866,5843323,5294044,6609161,2208949,3952147,310200,3082689,1731163,2106678,619800,2550788
261,000785,2017-10-12,-0.005172413793103514,-0.005172413793103514,0.5702566233528454,12727.0,47504.32523311581,413,8289503,4511379,447859,222750,2445390,1074053,2251754,1273092,2598221,1026032,237723,448252,308556,0,0,467200,0,0
262,000786,2017-10-12,0.06160616061606161,0.06380638063806376,0.31436928225979044,114300.0,494893.40990235424,3351,399396237,547862500,890485,673637,9853028,10408812,17593456,18085038,40908559,39036564,36988185,44343085,28849420,35632090,20647454,33116052,243665650,366567222
263,000788,2017-10-12,-0.0067502410800384105,-0.0077145612343297865,0.34424863291397245,11418.0,57247.23905785147,907,15739716,12408653,654979,768156,3898339,4317698,3958662,2412761,2766500,2769340,1282853,758831,1029956,1381867,484416,0,1664011,0
264,000789,2017-10-12,-0.011695906432748648,-0.01520467836257322,0.23228954754642006,17240.0,147986.07436481948,1355,53590073,34004208,1094273,1038666,5690799,6159553,6761759,5460831,7430257,7103639,4251856,1974799,4117404,2670883,6342020,1785508,17901705,7810329
265,000791,2017-10-12,0.09569892473118258,0.09569892473118258,0.16672514944250838,45975.0,633479.1891320857,3126,286067497,293077514,1345895,1249356,12473365,13128146,16006772,17712066,27069496,26232822,21796628,19480678,15642827,19405128,17721399,12488093,174011115,183381225
266,000792,2017-10-12,-0.010532475131655894,-0.03218256290228205,0.2895708211763825,161088.0,898002.4661709514,3487,774583727,639945576,464287,470732,8448603,9030811,20468774,15448319,40005522,38631496,44759507,44469616,35311539,44593259,39071291,34700606,586054204,452600737
267,000793,2017-10-12,0.00685602350636616,0.003917727717923425,0.3086026135174261,20520.0,239296.7762930308,1095,23899200,47269433,644337,444849,3505113,2671261,2781281,12884379,5277513,8874604,2583878,6003184,1057616,2059699,414908,864920,7634554,13466537
268,000795,2017-10-12,-0.03014416775884665,-0.04587155963302747,0.14413225629220328,23904.0,160021.97727846724,2807,104877911,79061040,1793782,2405476,13609369,14943029,14722227,13986944,18667023,18775978,11969346,8693035,6463475,5557371,4432150,3983635,33220539,10715572
269,000796,2017-10-12,-0.0007067137809186885,-0.005653710247349841,0.3740427892767651,14130.0,62585.28106801985,1431,24553389,16647826,1090138,1337755,7075682,7398831,5231601,3290344,4390284,3230111,1823681,989491,1687833,0,425216,401294,2828954,0
270,000797,2017-10-12,0.0,0.0031746031746031633,0.29554876658213886,25340.0,131007.96680040403,1821,65592061,48054900,1030865,1017616,9197818,8450327,9561269,8040601,12705092,11102762,8913192,7098944,6288413,2637292,3664374,2225361,14231038,7481997
271,000798,2017-10-12,-0.015625,-0.012499999999999956,0.3718928521532403,7580.0,36223.52419430747,666,7191237,5010803,803244,629761,2602558,2285745,1294675,1152453,1460213,0,421582,225600,608965,717244,0,0,0,0
272,000799,2017-10-12,-0.00033333333333340764,-0.012666666666666604,0.550663816684091,53658.0,246202.98883249797,2970,220956556,155459576,1032260,1256914,12301488,12078184,21126556,18818222,32407495,28670011,24921725,19011341,23114870,14820116,18753088,9121344,87299074,51683444
273,000800,2017-10-12,-0.016163035839775186,-0.03021784961349261,0.2682777114376493,45952.5,491599.9897860867,2816,228222164,174998880,1350945,1145185,13431118,10571838,19330644,14029253,29842830,29171494,23469515,18211824,15840712,13733479,14034587,11533980,110921813,76601827
274,000801,2017-10-12,0.007083825265643329,0.01416765053128688,0.2021062686470518,18810.0,85568.25363050395,1758,29933497,57175735,1465062,1687774,6666306,9712946,5722213,8028041,7732098,20395432,2912760,4121414,3204183,4372918,1381005,2186264,849870,6670946
275,000802,2017-10-12,0.018891687657430767,0.0031486146095718315,0.4585007049920753,15970.0,56473.239240471186,1199,21119389,17261774,975082,1072850,6523862,6271666,5741592,2871109,4553046,2801396,1153087,2379117,1092570,1023996,446880,0,633270,841640
276,000807,2017-10-12,0.008000000000000007,-0.02400000000000002,0.21503299581080798,80752.5,477369.13799814385,3384,375244261,329887081,1226068,817773,12678541,12071967,24540246,18499562,44326572,43622522,31683359,38448114,26444680,21511366,21986680,23091704,212358115,171824073
277,000809,2017-10-12,0.0,0.0,0.16966872411961012,11100.0,86722.06618171466,685,13047835,12161353,631383,523711,3268146,2379688,2269812,2169577,2826390,3220349,1389523,1227685,1615483,303524,0,466644,1047098,1870175
278,000810,2017-10-12,0.0018132366273799772,-0.00906618313689933,0.4061080522062299,10980.0,55328.1207946361,737,10625842,10820354,736311,819591,2976513,2790426,2068856,2210314,2885414,3035355,1293346,634878,665402,0,0,0,0,1329790
279,000811,2017-10-12,0.02131979695431485,0.019289340101522834,0.21812097229382174,24036.0,152399.24500506968,2040,53912291,83978084,861071,1509559,8272613,12646998,8960653,10704384,11675847,16636191,6595354,10062380,5111263,7212029,2679283,3489982,9756207,21716561
280,000812,2017-10-12,0.0011494252873565092,-0.0022988505747125743,0.3755409924086619,10530.0,55509.69942915405,536,10751595,4377242,635910,537957,2842508,1900015,2441413,814367,3154277,313359,1172888,0,0,0,0,0,504599,811544
281,000813,2017-10-12,-0.022004889975550057,-0.017114914425427896,0.2391370015462137,3228.0,38035.33715000447,1171,8826523,4243662,2017483,855373,1673139,1430100,1254679,891741,1537889,571373,1123493,495075,332867,0,0,0,886973,0
282,000815,2017-10-12,0.1029023746701847,0.10224274406332468,0.34023770039087026,36498.0,623072.8897272091,1988,167525843,96765597,1155235,1031953,9514053,7966844,12533827,10351559,18725003,16960937,8911463,12883085,11426756,10241118,4022523,4471085,101236983,32859016
283,000816,2017-10-12,0.0048000000000001375,0.0016000000000000458,0.1661094194136948,17528.0,201739.53407296506,1417,39604643,38881184,834491,1264564,7361509,5519660,8022989,5226213,4294504,9975531,2146859,5318659,1766477,2716006,418950,1397176,14758864,7463375
284,000818,2017-10-12,-0.007537688442211032,-0.0041876046901171415,0.28286430440849486,16667.0,77248.82606686237,1782,44773668,29283894,1546530,1038785,10829270,7208313,8830345,6716861,11171011,7073851,4377774,2629595,2364699,1411968,429242,0,5224797,3204521
285,000819,2017-10-12,-0.012380416432189012,-0.015756893640967995,0.6548567247714862,15355.0,61723.7929093609,736,15953293,7904283,486984,783777,3668417,3037708,3079041,1540649,3774145,2056166,679149,485983,2436627,0,0,0,1828930,0
286,000821,2017-10-12,0.005235602094240788,0.008975317875841604,0.3711342083771432,21504.0,96582.04542519852,1298,28075584,32407102,596317,497455,5161962,11432664,3700520,6060332,6125167,4678269,4204788,2410026,2446528,1730271,822910,1239429,5017392,4358656
287,000822,2017-10-12,-0.03945111492281306,-0.04030874785591776,0.22634897085173317,28125.0,353648.4753804956,2658,171112773,120103220,1089979,1235155,7792012,12996173,13642905,16514865,16993545,20852738,16302049,12631843,13523592,3072083,7233298,6864194,94535393,45936169
288,000823,2017-10-12,-0.008168822328114334,-0.015656909462219093,0.2827307609320488,36575.0,147834.232281399,2714,105616927,87612863,487511,519635,24319630,15466061,23270950,15609102,14365494,12751782,7797392,11250344,7214019,6185789,5836772,5371733,22325159,20458417
289,000825,2017-10-12,0.012096774193548265,-0.004032258064516014,0.10772757861744615,9443.0,154667.12134388502,2127,57044293,47570904,1728175,2271833,7486830,6595289,6854644,5559407,7402144,6596972,5704767,3834534,2976090,3831212,5446926,4197545,19444717,14684112
290,000828,2017-10-12,-0.0007874015748031704,-0.0023622047244094,0.4634900379607838,10200.0,140089.9118687707,750,19390990,13377289,522173,583055,2193603,2507341,3692687,1868239,4659703,2632044,2785872,724562,1395673,1079416,425122,0,3716157,3982632
291,000829,2017-10-12,0.036101083032491044,0.044223826714801406,0.20860769978166163,39002.0,321780.5276635711,2830,135053494,183459880,1404018,1010536,13054759,10877811,17665940,14263852,28848321,24300242,16564994,18555146,12486424,15011523,7443764,11884209,37585274,87556561
292,000830,2017-10-12,0.00464252553389044,0.0018570102135562205,0.20218092833356707,32460.0,238254.4169593221,2841,149479550,121886828,1446601,1610007,11762651,10823867,21725202,13967804,24977422,24281896,12741146,13590409,12640661,8699310,7682965,9345900,56502902,39567635
293,000831,2017-10-12,-0.016494845360824795,-0.021993127147766356,0.28546009967404756,27246.0,215700.11432221183,2600,116976823,79163944,1235864,1789943,12011320,13355743,15341355,14943303,21415753,16575351,8303063,7424776,6965340,5187812,7643778,3632189,44060350,16254827
294,000833,2017-10-12,0.0011695906432749315,-0.007017543859649145,0.26013735539679705,15291.0,49949.719689244565,1080,22345973,11826969,1099708,925168,6475966,3932476,6166324,3242145,5289431,2048564,942445,1142813,1018894,0,845912,0,507293,535803
295,000835,2017-10-12,-0.00830737279335414,-0.009345794392523588,0.3858749591293588,14362.5,53984.98274009284,622,14302633,7468324,795297,591236,3466380,2112384,3096298,1719999,4135561,2205555,1706343,532092,656819,307058,445935,0,0,0
296,000837,2017-10-12,0.01178010471204205,0.01178010471204205,0.18963879709470044,15540.0,93735.93132913549,1624,34934472,45846647,1213598,1228618,6643551,7417672,6046615,6563382,7874166,11551339,5163638,6678755,2739601,4825812,1843625,2114193,3409678,5466876
297,000838,2017-10-12,-0.01179941002949858,-0.008849557522124019,0.18177437744762723,10132.5,45033.395418269974,1392,19858030,15634023,1468691,1277598,6731206,4899567,4158278,4051483,4842495,2710266,1473454,1440978,700786,659927,483120,0,0,594204
298,000839,2017-10-12,-0.01180744777475018,-0.012715712988192629,0.19566218430099278,66000.0,387838.20859396405,3169,339013854,259565892,938758,1171216,11958541,13074910,19036758,17890471,36193991,35177361,29717787,25784556,27777994,21157149,17257866,17699281,196132159,127610948
299,000848,2017-10-12,-0.004770992366412319,-0.005725190839694694,0.2545331706524665,19978.5,137100.2456139142,1696,58519589,45361446,1381860,914969,8160257,6488193,7834394,7220176,9929713,10593099,6068198,6241555,4851963,3006347,3477585,3186326,16815619,7710781
300,000850,2017-10-12,0.0,0.0,0.27708087487522043,10620.0,90451.77839347992,365,8301133,4806899,207880,241984,1343927,1525198,1715200,1365008,1609967,425589,683719,265500,0,0,434600,452620,2305840,531000
301,000851,2017-10-12,0.0042918454935620964,0.0008583690987125081,0.3238148751125649,23520.0,125362.46246896131,1295,40908747,37235392,838225,856719,6309878,5234296,8864179,5353152,10400330,8167421,3896022,5175964,2360708,4625443,2204621,446040,6034784,7376357
302,000852,2017-10-12,-0.02941176470588236,-0.0117647058823529,0.32127327597723226,23060.5,82979.17306889051,1792,53628327,32801633,1458495,1120590,10973636,7629121,11513469,8788745,10509997,7857222,6290425,3704653,3061730,1274683,2571695,1300086,7248880,1126533
303,000856,2017-10-12,0.0,0.0003616636528029904,0.6009273277386781,27800.0,103500.46077681975,2117,66915837,59011792,985249,1243798,11046556,11699752,12951617,11501170,14334002,16139360,9843425,5856274,5549732,3104327,4566790,1384596,7638466,8082515
304,000858,2017-10-12,-0.008963494132985583,-0.010756192959582744,1.0685021808538882,73086.0,609461.9100396638,3298,420854546,406681729,548215,699835,12273313,16598810,18616984,19960438,36249962,27821456,32274857,24767209,30588357,24967914,25347977,19546231,264954881,272319836
305,000859,2017-10-12,-0.003853564547206201,-0.0019267822736032114,0.2105738415944774,14040.0,64309.50404909407,607,10467513,8087496,473745,355289,2284436,3716749,1978617,1700585,2324159,1639343,969530,675530,397002,0,0,0,2040024,0
306,000860,2017-10-12,-0.009313725490195934,-0.013235294117647012,0.5299056992798019,32416.0,167026.9436758347,1482,77481817,48952110,606844,503310,7483465,7423643,12516551,6021563,12116154,8856136,10176038,7288224,7760783,2423518,6080710,3617410,20741272,12818306
307,000861,2017-10-12,-0.007874015748031593,-0.007874015748031593,0.14435877185732424,7620.0,65338.50337634675,697,10717675,5964050,820619,621157,2917331,2719930,1915731,1311308,1424996,753400,694958,255360,0,302895,0,0,2944040,0
308,000862,2017-10-12,0.016620498614958512,0.023545706371191022,0.16434110842805236,25330.0,161498.40053039105,1967,59861604,66058852,520479,1562089,6659423,12729052,7991298,12585175,15538802,14542883,10240694,9366206,5889729,3781262,4033557,1465710,8987622,10026475
309,000863,2017-10-12,-0.0028169014084505895,-0.00422535211267594,0.3988215232339502,10620.0,48302.828639143,316,5627691,2662342,260478,435638,1396239,1232947,990448,553508,1633355,440249,508669,0,351379,0,487123,0,0,0
310,000868,2017-10-12,0.05797101449275366,-0.0027173913043477826,0.1867395106012855,112211.0,553282.4589311364,3505,520014762,400596515,511557,545828,11769653,9923584,21531159,21220342,50114733,44954684,43326270,37404545,37167328,34330543,35378987,28416685,320215075,223800304
311,000869,2017-10-12,-0.017511761630946032,-0.023523261892315683,0.8131682634629023,29992.0,137450.56714429546,2214,94948443,46475595,1437220,1006119,18208712,8806429,10988589,6920877,14331325,8747118,11005890,4183942,10681425,4202751,3145729,3223361,25149553,9384998
312,000875,2017-10-12,0.013944223107569709,0.017928286852589848,0.17497152017332826,15000.0,164106.1215554895,823,21113107,35531756,895253,539625,3335045,3305472,3237349,2410161,1794219,5116345,3325562,4284801,1627746,5074309,1296924,2695668,5601009,12105375
313,000876,2017-10-12,-0.001335113484646211,-0.002670226969292422,0.2019551006044097,9756.5,112706.90250833568,1376,22437607,30367625,1342131,1142024,6128408,4697548,4973725,3408576,3694053,5970404,3258066,2902901,1066000,3229594,432344,1846609,1542880,7169969
314,000877,2017-10-12,0.0007993605115907965,0.0007993605115907965,0.24101099049043392,27698.0,116101.4034762074,2696,103627565,78635055,1585980,1154648,15998627,11749853,17356844,11381692,23989700,17424958,10407611,14365043,8705147,7246786,5538746,3495317,20044910,11816758
315,000878,2017-10-12,0.014767932489451407,-0.013361462728551432,0.28212374911952615,29568.0,173472.95668361965,2542,118785515,79987677,663579,1372310,19857165,10682212,16161773,13222504,23472210,17163628,12894203,10489977,5671298,4800983,4414591,4915542,35650696,17340521
316,000880,2017-10-12,-0.006086956521739184,-0.006086956521739184,0.5415897955710269,10300.5,68539.96338984625,450,6812646,3914861,497796,488183,2327799,1607646,1609053,404905,882398,439809,0,0,345600,395010,0,0,1150000,579308
317,000881,2017-10-12,-0.009726443768997006,-0.007902735562309915,0.6127146789312116,11466.0,42011.300313094645,720,12409744,6215092,570081,828197,3939562,2532180,3000211,1671293,2552725,913642,1357161,269780,990004,0,0,0,0,0
318,000882,2017-10-12,-0.005540166204986208,-0.005540166204986208,0.12008955684639436,14040.0,214074.66203541652,905,33152117,22349921,716566,687887,3758883,4524028,2856860,3358678,3539629,1792140,1128642,2807062,3430472,1355260,1877631,869212,15843434,6955654
319,000883,2017-10-12,0.003968253968253954,0.001984126984126977,0.15495412924822483,5555.0,55434.3782041341,1059,11438146,9335636,1097406,1656172,2603329,2741588,1803509,1311465,1289685,1356977,2287348,493349,0,0,1323173,0,1033696,1776085
320,000885,2017-10-12,0.014580191050779234,0.012569130216188995,0.4502128384834591,23622.0,135062.26978888435,1952,68939629,54625719,1561456,1609570,10531369,9270076,11983365,8403497,15715222,10243650,6907317,6370798,5961979,4208493,2237313,2750431,14041608,11769204
321,000886,2017-10-12,0.008219178082191858,0.009589041095890538,0.1816847566699291,17700.0,136739.28240221392,1618,49720715,49487090,1371113,1184035,7015785,6653913,7009857,6288714,8143989,10762691,6670948,4686988,5772224,5412840,3525594,1328885,10211205,13169024
322,000887,2017-10-12,-0.026515151515151603,-0.019412878787878785,0.5077053427590079,20740.0,235820.15787339985,1731,82255542,71363782,397348,708649,7023211,14069864,7167996,5628568,11325349,7524855,10770259,4784304,4682613,3434525,1798772,4736270,39089994,30476747
323,000888,2017-10-12,-0.0035211267605632646,-0.0035211267605632646,0.4792377008645347,11350.0,50890.81075064446,561,8830739,5847082,588185,356976,3025816,1613831,2355517,1347576,1420785,1092299,1022388,413820,0,349980,418048,0,0,672600
324,000890,2017-10-12,0.0025188916876572875,0.0,0.2755097003855439,15890.0,141207.77237723503,830,19453997,27434295,819693,688110,3978656,3359532,3799212,3471633,4060281,4968250,3748944,3860263,964498,1377048,0,455182,2082713,9254277
325,000892,2017-10-12,-0.007168458781361853,-0.007168458781361853,0.33170969639587355,12570.0,65016.47358350868,636,12515401,8132297,631691,567258,3528836,2648692,2870764,1511591,1655782,1421296,1654579,470372,673089,313596,833460,404838,667200,794654
326,000893,2017-10-12,-0.007329842931937169,-0.013612565445026203,0.27884773759161813,11370.0,45554.448604078025,1174,20872043,9605568,1440309,931529,6836537,4067871,4960705,2551446,3982418,1166389,1492861,506734,730380,381599,878944,0,549889,0
327,000895,2017-10-12,-0.01223362273086026,-0.021704814522494065,0.4632522434515275,41956.0,176952.29890138467,2995,161626060,106208705,1907205,1175373,18905839,11874196,27556164,14034812,34691010,18373043,17309501,10524583,10668866,8475662,9622555,5811003,40964920,35940033
328,000897,2017-10-12,-0.006993006993007089,-0.009324009324009341,0.16011374488749758,7472.0,106126.57303639008,718,16113344,8709568,857454,580319,2845118,2105544,1966666,1211910,1319226,2070871,1001015,452636,1375224,380883,2246602,446641,4502039,1460764
329,000898,2017-10-12,0.013996889580093264,-0.010886469673405785,0.1383569881441475,8359.0,172038.99880800728,2164,68522200,46124857,1875559,1585836,7723191,6369160,7047280,5839842,7906734,5348507,3893332,5761317,5067615,6021190,902271,2130610,34106218,13068395
330,000899,2017-10-12,0.0076142131979695105,0.019035532994923887,0.1862368001941818,15590.0,103567.89058642233,1794,51369220,38997422,1751166,1329651,8697836,6332146,7584878,6384738,9744469,8804579,7079814,4864669,3898442,4296789,3134755,2245654,9477860,4739196
331,000900,2017-10-12,-0.0016339869281045694,0.0,0.18052539495334827,5508.0,31953.669333945625,1150,8442968,9919523,554101,1817078,3113053,3715471,1871020,2557228,1863507,1523246,512772,0,0,306500,0,0,528515,0
332,000901,2017-10-12,0.03802672147995878,0.03048989379924616,0.5588288831508633,45375.0,244904.15723543143,2729,145056667,195114501,1038858,1253926,12264031,12503459,14839364,17565326,26520329,27033611,17284572,20006499,16284016,20752815,7685434,13869684,49140063,82129181
333,000902,2017-10-12,0.004878048780487809,0.007804878048780495,0.2388712383142868,11286.0,50364.69500284912,1843,13321959,23864642,689603,2552552,3671103,12143177,1955392,2962138,2118094,1945138,1675909,1331601,746139,623802,0,409220,2465719,1897014
334,000903,2017-10-12,-0.004878048780487698,-0.007317073170731603,0.1344308422753936,12648.0,102915.14561617226,931,23991416,11559637,1021472,459326,7490396,2508155,3463037,2085202,4162175,515048,3223667,699278,1087156,325600,0,809523,3543513,4157505
335,000905,2017-10-12,0.04008746355685133,0.016763848396501357,0.29928601385106157,27880.0,224704.77924103738,2103,74204951,85950816,1510392,1266980,11324431,10056854,12305367,9948186,15894716,14744226,10933911,8097808,5274883,5649882,3519767,1345397,13441484,34841483
336,000906,2017-10-12,-0.010718113612004254,-0.008574490889603492,0.327700682616917,9275.0,51413.49981648826,810,11999269,8395840,1507262,478299,3994492,2470415,2192061,1900066,2067399,1151180,1331132,753846,0,716646,906923,925388,0,0
337,000908,2017-10-12,-0.005242463958060273,-0.00917431192660556,0.33993793888240553,10640.0,52192.54090035039,503,8305869,5507647,440224,471407,2474513,1872369,1619297,1016304,2074804,1313312,1183271,229371,0,0,0,0,513760,604884
338,000909,2017-10-12,-0.03693931398416894,-0.04089709762532989,0.32697926104228187,30555.0,652189.5606982951,2154,223117811,84713510,1063885,1323621,9889961,9834903,12273295,8231044,19336584,15190139,14625837,10599403,10704466,6948627,7661931,7308676,147561852,25277097
339,000911,2017-10-12,-0.0016638935108153063,-0.009151414309484185,0.32298012434436324,13112.0,94429.0298684865,1385,34262967,20449065,1320753,1114969,6966239,6233771,5892463,3571714,7065510,4290879,2829232,618676,1246753,1406493,429958,488012,8512059,2724551
340,000913,2017-10-12,0.009486607142856984,0.006696428571428381,0.9736416042160037,18000.0,90102.30682499422,338,6890939,5045816,285151,261396,1907537,1503188,1401212,861140,1130077,1065382,252420,0,329583,315288,0,0,1584959,1039422
341,000915,2017-10-12,-0.016689847009735748,-0.01001390820584147,0.810052725055425,21366.0,118173.05910099435,1971,69156830,37360788,1734965,528017,14280556,6160610,14261183,5249126,15337651,5210714,5965748,3968083,2683916,5967461,2612459,2685820,12280352,7590957
342,000917,2017-10-12,0.01388888888888884,0.002777777777777768,0.2898516438455349,21680.0,126481.14898308563,1388,44608964,47099495,1049124,734661,6220611,5119213,5191316,6250000,10795037,8133347,7386350,6324209,2674040,4714317,3948714,5731157,7343772,10092591
343,000918,2017-10-12,0.0,-0.004231311706629048,0.2970457983836682,9884.0,67269.99274333379,569,12673237,6337937,735309,456169,2780028,1244699,2095320,1363579,1994202,977381,1828234,1632881,1758234,663228,847410,0,634500,0
344,000919,2017-10-12,-0.0009310986964617962,-0.0065176908752327956,0.3184946577292236,13923.0,102765.38701439725,1137,31444637,17708069,645358,1173712,5544146,5165235,4212501,3686091,5970636,2873761,2939648,2675750,3746750,661236,883443,405652,7502155,1066632
345,000920,2017-10-12,-0.014119601328903664,-0.011627906976744096,0.3428090510044461,21402.0,107584.7751451723,1233,38028755,21058113,1120902,604766,7772338,4917763,7455658,4249414,8086071,5913835,5155423,1960305,1276733,1097450,1238055,0,5923575,2314580
346,000921,2017-10-12,0.021621621621621623,0.012837837837837762,0.285285082388805,38194.0,192906.8608404101,2695,130328017,132295141,1273804,1009514,16166621,10688742,17034701,14782702,26078751,20163768,15021707,17969632,12750146,15244996,7889490,7828480,34112797,44607307
347,000922,2017-10-12,0.0023612750885477762,0.0023612750885477762,0.3104237871273142,12682.0,91484.90629329644,744,14267071,12830023,830154,635295,3509804,3501046,2423920,2368091,3498743,2542319,734847,454236,0,0,452458,418912,2817145,2910124
348,000923,2017-10-12,0.01379310344827589,0.02137931034482765,0.662713488616969,31922.0,200334.05296405152,1915,71847405,92056835,1057108,998423,10083363,8170778,10758238,10950769,16019089,16814828,9184944,10441743,5902860,8671753,3843129,3923229,14998674,32085312
349,000925,2017-10-12,-0.010061486864169966,-0.011179429849077605,0.556115362063387,17910.0,134197.04695771757,1035,31920939,18255060,636054,765004,5467188,5316391,5376476,3613116,6857461,4070941,2223490,1707513,2562526,1041492,1857876,480483,6939868,1260120
350,000926,2017-10-12,-0.0032206119162639935,-0.005636070853462183,0.3978813321504467,12350.0,184052.04866407116,974,37787899,22494728,1227969,386922,3879206,2380761,3878688,3022756,5123740,2205414,2181695,1543844,1796861,3481848,1240183,2818590,18459557,6654593
351,000928,2017-10-12,-0.0011695906432750425,0.0,0.24182045901866947,14055.5,79473.05768041172,1250,26978419,22430549,1335855,1264547,6297390,5196051,5899896,3466411,5542192,3590308,3964954,3278835,1408126,1678449,941083,1741687,1588923,2214261
352,000929,2017-10-12,-0.014914243102162494,-0.02162565249813575,0.42754768034710433,11898.0,70629.66670608269,984,21103986,10127128,964384,824349,4958466,3489645,3540973,2611041,3424030,1404311,2644325,217080,2496857,0,1764081,0,1310870,1580702
353,000930,2017-10-12,0.0028673835125447855,0.0007168458781363629,0.2720908345674928,36387.0,195946.69133426892,2630,133228813,122806297,1157395,1341985,12434753,12269339,16926443,15397234,25548957,20620639,14946698,14776577,12331770,11117640,9383032,9887878,40499765,37395005
354,000931,2017-10-12,-0.01303780964797907,-0.010430247718383301,0.27400283960825383,10885.0,64130.32424206133,783,13240079,9673725,851342,838920,4089427,2792642,2665602,1758107,2259182,2292517,212520,223088,1355031,0,0,0,1806975,1768451
355,000932,2017-10-12,0.023584905660377187,-0.02358490566037752,0.1638794479471426,27406.0,176353.36352941534,2690,114544047,99199172,986463,2121596,12197872,12077225,16493651,16244147,19609912,20463453,13292298,11916279,10235119,6548546,6675816,5702567,35052916,24125359
356,000933,2017-10-12,-0.022018348623853212,-0.046788990825688104,0.19159289335995336,60986.5,440756.01691383024,3244,303335697,239687363,522255,755901,16758211,12959414,27036490,17553193,41938014,35628977,30763350,23935702,15506847,13928941,16247885,18729734,154562645,116195501
357,000935,2017-10-12,0.017953321364452268,0.009874326750448859,0.40663962418102656,43073.0,154748.51154631487,3005,127828186,132679115,1226138,1214529,14670282,14678123,21255016,21396090,27159724,25315935,17861326,19457534,12822290,10624590,9418371,8901157,23415039,31091157
358,000936,2017-10-12,-0.006983240223463638,-0.005586592178770999,0.26782346980815236,10770.0,73163.142244085,714,11860237,9810889,663078,914829,3149976,3395412,1891957,1683380,1712854,1218082,497448,1207323,664160,359500,426258,430800,2854506,601563
359,000937,2017-10-12,-0.02196193265007329,-0.033674963396779,0.12701368282298106,27804.0,222963.48128756828,2900,152473344,90733160,1067212,1801201,23465742,15308362,15060820,12276754,18083778,11808939,12829122,10362731,11824863,8990416,8285679,2502867,61856128,27681890
360,000938,2017-10-12,0.003337571519389737,0.0,1.432614057428745,44317.0,202285.00436875437,1929,103601364,104084045,686318,969201,6731387,9010760,12794011,11985315,19439850,16915795,11723823,11525710,10561064,9977031,11230614,8923604,30434297,34776629
361,000939,2017-10-12,0.0,0.0,0.1592864831325092,12834.0,135741.40331329973,1224,31051492,31483381,1024228,1000743,5126863,4537297,4705583,4160150,6214007,6150903,5164571,4338538,1395751,2600926,1316665,1269492,6103824,7425332
362,000948,2017-10-12,0.017363851617995252,0.022099447513812098,0.3177315948293571,19665.0,187867.08912454784,1592,46042960,62694650,1074721,1037500,6800636,6550116,7701107,6464290,7654047,9581125,5349953,5727916,2805850,7189106,3566779,2584002,11089867,23560595
363,000949,2017-10-12,-0.004395604395604269,-0.004395604395604269,0.19517526848398398,9120.0,52337.48118816521,543,7864409,7080079,607970,545892,3033835,2044186,1412998,1107501,1102045,941631,886750,1681630,340631,303240,480180,455999,0,0
364,000951,2017-10-12,0.0031529164477139826,-0.0021019442984762104,0.4514335361099447,13398.0,105983.5329457915,1779,40418731,35952871,1380134,1924148,6340814,8048797,5815573,7070548,7035035,8204020,3929020,1701216,2512771,922602,1766587,945124,11638797,7136416
365,000952,2017-10-12,-0.008663366336633671,-0.012376237623762387,0.49440757935304297,16155.0,98442.84662569038,1068,33340260,13840968,743731,1125915,6262165,4770689,6334192,2389023,7209444,1355747,2963813,888804,4066119,2782054,935630,0,4825166,528736
366,000957,2017-10-12,0.006521739130434856,-0.01594202898550734,0.2736890077995467,27360.0,169647.7819190997,2545,110143938,77343828,1430677,1746777,11924768,12126071,16705382,11833831,18967673,19077044,15225580,8332849,9388754,4696477,8029754,4820255,28471350,14710524
367,000958,2017-10-12,-0.009271523178807861,-0.0066225165562913135,0.19414227822741306,13464.0,112663.40317360435,1513,30913561,31296388,1570706,1417923,7348266,5924818,5290124,5951276,3397549,3758747,4304710,2506470,1387349,1667892,1380733,2310798,6234124,7758464
368,000959,2017-10-12,0.007267441860465018,-0.0043604651162790775,0.21511740060846643,5496.0,44323.11295167018,1023,9991412,9037214,804279,1876368,2729601,2635928,1698093,1124190,1874847,2165027,1443792,1235701,324992,0,430808,0,685000,0
369,000960,2017-10-12,-0.017589576547231256,-0.02931596091205202,0.2739772028782601,60200.0,489683.7814006933,3142,349321775,230509587,1406998,853043,13162751,14597466,16221364,21242337,32201956,30834531,30128664,28225909,22961746,27075122,19650182,13308088,213588114,94373091
370,000961,2017-10-12,-0.009419152276295195,-0.007849293563579218,0.1727903153524085,12670.0,112908.00567356036,1360,42326724,15467564,1198342,1088181,6258521,5030931,8126788,4260464,6445063,3212058,3330072,703696,4076772,347517,2173515,0,10717651,824717
371,000962,2017-10-12,-0.016363636363636358,-0.025454545454545396,0.25189696471702866,21680.0,118358.15364684645,1908,64304497,44626862,1152329,1293273,10277995,9058188,9782238,8934928,13766771,11306193,6340782,4103208,4358147,2157735,2236609,2698535,16389626,5074802
372,000963,2017-10-12,-0.004319248826290978,0.0046948356807512415,1.1038536543638409,31797.0,198117.2821886897,2332,108054441,87833661,713658,709470,11243856,15276254,15980879,8791909,18420600,11816892,14732549,11798720,7039323,4708338,4802962,7100048,35120614,27632030
373,000965,2017-10-12,-0.002808988764045006,-0.002808988764045006,0.24633415001596873,12155.0,64748.31913087175,835,17315553,12069742,902326,744292,3740488,3691091,2442287,2466915,3719881,3556926,2459010,521524,2409089,682584,427200,406410,1215272,0
374,000966,2017-10-12,0.0,0.004237288135593209,0.20044285250803456,10318.0,101425.30727547313,554,14815446,8595454,612722,430105,2724427,1802751,2160201,913438,2342252,1344536,1888123,1938297,0,998771,1385370,410010,3702351,757546
375,000967,2017-10-12,-0.007179487179487243,-0.008205128205128198,0.371506960053199,12642.5,80236.37585442359,688,18003588,10262289,568481,1206606,3251525,2301528,3724941,3084344,3116376,1415754,2510427,1551021,1721910,0,972345,0,2137583,703036
376,000969,2017-10-12,-0.005747126436781436,-0.011494252873563093,0.26922266356275837,18666.0,110826.48974174542,1504,50208149,29008250,924835,967950,7434176,7111914,7735021,4659496,8757781,6101184,4438462,5240643,3384287,1353580,4003471,876650,13530116,2696833
377,000970,2017-10-12,-0.02803203661327247,-0.0434782608695653,0.3032727110073537,89861.5,465960.9991095615,3324,428190459,305105142,576970,719142,10617526,13095718,19930179,22343602,39726117,43950569,35820733,40135759,32309575,27522902,31295028,21136899,257914331,136200551
378,000971,2017-10-12,-0.008886255924170583,-0.01007109004739326,0.604216509404275,3370.0,46401.158513488735,780,8798842,5707023,275614,1182406,2011438,1626122,1033759,956038,2847244,1541427,1414775,0,679238,0,0,401030,536774,0
379,000972,2017-10-12,-0.002331002331002252,-0.004662004662004726,0.22840791602762062,8560.0,60547.404033313105,352,7284561,2843426,400307,281849,2107451,748396,1339041,474336,1838307,555096,426499,783749,0,0,467500,0,705456,0
380,000973,2017-10-12,-0.012165450121654708,-0.014598540145985495,0.18378530096083479,23707.5,160476.72195398327,2002,84675692,47848053,1634152,1614296,10777349,8366525,12427487,8909572,17173691,9259279,6654705,5917551,5756133,2753244,7938699,2619268,22313476,8408318
381,000975,2017-10-12,-0.007708479327259932,-0.009810791871058044,0.4296776380119335,15499.0,137549.29091057918,1104,48233969,20358098,691683,1079559,3041150,4154572,4550366,2533700,21561733,5555126,3780053,1539121,1854981,349011,467940,1765239,12286063,3381770
382,000976,2017-10-12,0.0053879310344828735,0.0,0.39838537120602047,18620.0,150913.96121496859,542,20345307,12064662,579506,325261,3077291,2047365,2884611,2335701,3020929,3857502,1417881,939189,1096872,306900,894581,905610,7373636,1347134
383,000977,2017-10-12,0.0025471217524197787,0.01069791136016307,0.3801027953007854,49275.0,220904.41358160594,2668,154516314,166222191,1211657,1169965,13588704,10908881,18920739,16350149,27433307,25617915,20556956,19420559,16001431,16948670,14021686,12439155,42781834,63366897
384,000978,2017-10-12,-0.008281573498964856,-0.010351966873705987,0.35932380335840175,9630.0,135738.11648518837,722,19552968,5207112,1039391,444141,3477265,1736107,3816946,2256740,3124510,770124,2391988,0,337662,0,858781,0,4506425,0
385,000980,2017-10-12,-0.009365994236311348,-0.02449567723342949,0.2571215766902863,30602.0,171034.91912524623,2918,145032551,82294247,2303980,1034622,16601924,12888848,19752613,14218245,25953482,21105234,17174588,10999575,10971394,7248561,8492936,4368860,43781634,10430302
386,000981,2017-10-12,-0.0021119324181627652,-0.004223864836325308,0.499872348019444,10378.5,55737.72596916693,358,7636950,3584514,496945,384042,1453717,1364012,1066017,1426283,1644134,410177,2199929,0,305208,0,471000,0,0,0
387,000982,2017-10-12,-0.017897091722595126,-0.01118568232662187,0.1372888007961172,9608.0,104323.23307486897,1062,22337131,24587065,917780,1079023,4251314,3693112,3149217,3238758,3662260,4135866,3811506,3681367,1416422,756230,1320566,2838061,3808066,5164648
388,000983,2017-10-12,-0.003910068426197566,-0.032258064516129004,0.18508928967191443,40836.0,396527.9978725563,3059,276860111,144321068,1821156,1251897,14168001,13062534,19963650,17711909,30264371,23813075,21705006,12408566,13999405,10391648,12961974,5470553,161976548,60210886
389,000985,2017-10-12,-0.009904761904761972,-0.00457142857142856,1.1164484850603882,13025.0,35448.62677433337,552,8313255,4128468,395587,434507,3008589,2361677,1872668,605366,1815930,512816,910367,214102,310114,0,0,0,0,0
390,000987,2017-10-12,-0.010933557611438216,-0.012615643397813292,0.41735685878190487,5895.0,39754.23055171888,811,9552349,6242973,362815,782673,3464187,2211669,2251414,1048343,2100243,1516129,460390,684159,343360,0,0,0,569940,0
391,000988,2017-10-12,0.005737234652897438,0.001721170395869276,0.3631888127243887,35280.0,184044.85218216124,2304,117686222,96162592,1101407,1264607,14452936,9547735,13517576,12590643,17100347,17424703,14644615,12274681,14013702,8341493,7935948,6230414,34919691,28488316
392,000989,2017-10-12,0.0036250647332989328,-0.0020714655618849775,0.5891147545770585,11538.0,79784.62687570245,1074,20013462,18994669,1924834,735044,5651862,2895397,3505774,2491079,4267988,6402145,1692407,1864421,1395452,1384684,0,0,1575145,3221899
393,000990,2017-10-12,-0.008672086720867167,-0.013550135501354976,0.5010822525596805,20141.0,77908.72126774439,1356,39517211,22902609,1029526,898235,7648791,6653093,7508306,6972903,7370932,4196306,5612960,2355699,4533894,1259413,1293033,0,4519769,566960
