,code,date,pchange_whole,pchange,change_std,amount_median,amount_std,length,sumsell,sumbuy,sell_vol_0,buy_vol_0,sell_vol_1,buy_vol_1,sell_vol_2,buy_vol_2,sell_vol_3,buy_vol_3,sell_vol_4,buy_vol_4,sell_vol_5,buy_vol_5,sell_vol_6,buy_vol_6,sell_vol_7,buy_vol_7
0,000001,2018-01-03,-0.029133284777858703,-0.01966496722505462,0.22949384443605056,294210.0,999049.2949926305,3584,1028477885,1162166029,124719,192959,3549963,4168761,11767260,15641214,40758216,49248941,51667956,64484987,40734549,57887966,44791087,56707367,835084135,913833834
1,000002,2018-01-03,-0.005230769230769261,0.006153846153846176,0.5425298165228916,231601.0,962292.4508195458,3593,884897233,804526289,168069,245818,4356217,4811495,16192373,15196605,52569516,49754657,61778887,57950190,55636646,56331765,58285304,38768366,635910221,581467393
2,000004,2018-01-03,0.06155218554861719,0.008920606601248826,0.9319475528722537,11337.5,47949.943666545994,578,6998484,8333860,491442,527052,3192299,2383282,848234,1749037,1733199,2131461,733310,254790,0,691866,0,0,0,596372
3,000005,2018-01-03,-0.01839080459770115,-0.016091954022988353,0.14180798639652673,6404.0,67894.70325514644,942,14110462,9353756,861918,1103397,3102187,3870886,1865514,1576473,948016,1042217,1606463,521171,1337233,637260,2267929,0,2121202,602352
4,000008,2018-01-03,-0.0022805017103761926,-0.007981755986317007,0.1961166899539213,7910.0,58197.19946161946,2001,33370171,11295529,5658524,1004517,11649222,3759399,3657814,2075353,4561786,1313472,2471822,1295858,661686,668610,0,0,4709317,1178320
5,000009,2018-01-03,0.013661202185792254,0.0095628415300546,0.15237293495256216,14740.0,133208.53905929343,2311,56476079,72150948,1316997,2353441,7284274,11141306,6193286,11472007,10182189,12749489,7781557,8764939,6074481,5883055,3065598,3094118,14577697,16692593
6,000010,2018-01-03,0.010968921389396868,0.010968921389396868,0.13990181669329593,10840.0,72724.91194427144,1531,22585295,24425308,1704027,1313393,6819577,5935519,4524674,4264557,4063114,3793158,2539086,2161694,737409,2853598,450142,444308,1747266,3659081
7,000011,2018-01-03,0.005868544600938996,0.0023474178403755097,0.44653645611044124,17080.0,78236.03897824307,1456,30107899,25033178,1163903,1135491,7982352,7015148,6125601,5661554,5788805,5281784,3552984,657138,2726847,1726512,434340,415532,2333067,3140019
8,000012,2018-01-03,0.036130536130536184,0.04895104895104896,0.156885533840396,44150.0,371364.9571966986,2997,192744144,233054440,1527852,1019621,18782478,10491217,19393513,15275078,32094195,27811861,22565965,17440176,11261111,15446235,11153605,18315313,75965425,127254939
9,000014,2018-01-03,0.0018264840182649067,-0.002739726027397249,0.35670973924637184,9859.5,58566.72523924718,942,14213960,12909022,1210863,667884,3541183,3611451,3078461,2684107,2991435,2483587,1871192,1605940,645042,0,0,1317426,875784,538627
10,000016,2018-01-03,0.014681892332789603,0.00815660685154973,0.16634427248783848,12936.0,112943.48554811064,1359,35536522,32519120,1267600,1218452,5833764,3799581,5601683,6619140,6679247,7132756,2055571,4080181,4223698,2583014,1912619,1837322,7962340,5248674
11,000017,2018-01-03,0.0031796502384737746,-0.0015898251192368873,0.309582696451408,5647.5,32515.512388128544,412,3500396,3021781,508966,364926,1284231,928925,571909,883013,701762,844917,433528,0,0,0,0,0,0,0
12,000018,2018-01-03,0.04038772213247177,0.03392568659127626,0.14064819670818146,12380.0,92923.85013475074,1941,33636998,46953158,2041102,1522394,6507653,7774843,5138675,8859724,8342287,9994422,3604251,5928620,2557705,5816874,421668,1354038,5023657,5702243
13,000020,2018-01-03,0.045580110497237536,0.04281767955801108,0.44409159558675865,15050.0,94541.83166582223,1067,21203724,20205752,964125,877357,5853592,3597818,4504517,3394810,2895896,5638818,720507,2025532,702220,1386933,1325170,0,4237697,3284484
14,000021,2018-01-03,0.0040567951318459805,0.0,0.19053991639321025,25480.0,156249.49256238327,2681,93344539,85720604,1882581,1654284,17348687,9700301,16479100,13107052,17413476,18967780,10549583,8444227,5233436,9430925,1848574,1794556,22589102,22621479
15,000023,2018-01-03,0.002409638554216942,-0.0072289156626504925,0.6575638143321121,12198.0,60444.46851130442,998,15708047,13707832,1145946,537436,4425438,4148196,3853892,2602345,2846922,3220542,964777,1883871,0,0,411676,1315442,2059396,0
16,000025,2018-01-03,0.005151983513652869,0.008758371973209611,0.9552694767584129,19500.0,63556.98577149122,1651,27163957,34766678,1292974,1302111,9419844,9409321,7078478,7924126,4506402,7772933,1473034,3539814,2105273,1714206,1287952,901530,0,2202637
17,000026,2018-01-03,0.0017730496453902678,0.0,0.437175940666879,9024.0,27398.403180911482,665,6640981,4164664,1628750,245259,2713474,2207403,1121024,780713,641749,601004,208864,0,327120,330285,0,0,0,0
18,000027,2018-01-03,0.004918032786885185,0.003278688524590345,0.15685031715345246,5517.0,89850.26584417689,1514,22180583,21249193,2323835,736005,7157486,3410207,2549082,2547554,4262105,2996739,931414,2369450,955419,1695135,433908,0,3567334,7494103
19,000028,2018-01-03,-0.016949152542372947,-0.012913640032284124,1.6296922531069133,18408.0,110923.29608501289,1445,33899121,27924456,1293430,543284,12390073,4576506,7195913,3642540,3847757,3692272,3399578,1022189,1983383,3373898,909771,1396213,2879216,9677554
20,000030,2018-01-03,0.0,0.0012315270935963074,0.23153282561164595,5687.0,66276.4219684754,1230,16809158,11683273,1141871,1503087,3186480,5570889,2085245,2132921,2832338,1461472,2706083,475885,669940,0,0,0,4187201,539019
21,000032,2018-01-03,0.0019379844961240345,0.008720930232558155,0.3592071146073989,10420.0,65689.90959493144,825,10631892,14114413,683439,815425,3218901,3997002,2393937,2682947,2399903,2129910,439986,1238260,314211,371246,0,934050,1181515,1945573
22,000036,2018-01-03,-0.013888888888888729,-0.013888888888888729,0.21594249705879834,21229.0,198724.76979147037,1880,74440817,48685375,1395036,1548368,9296675,8144961,10825616,7253384,13095555,11523953,5953022,5470798,4568034,3102932,5889659,3949150,23417220,7691829
23,000037,2018-01-03,0.017045454545454586,0.0014204545454545858,0.29955600973680896,4914.0,27624.255607596304,552,4122238,3511084,712031,480520,1500601,1300956,828316,1091487,1081290,149526,0,488595,0,0,0,0,0,0
24,000038,2018-01-03,0.030172413793103647,0.013888888888889062,0.5518837300195018,19053.0,85930.41813521189,1432,32438725,30446987,810506,1084479,7849439,6699600,6401522,5247597,6801282,7371097,2235173,3517163,2390891,2297081,427503,1826513,5522409,2403457
25,000039,2018-01-03,-0.0074496056091148954,-0.012708150744960567,0.399415643909336,57300.0,290197.9625318101,3268,272989927,199992288,881204,1445773,14730470,12793595,21236463,17995834,41614916,30292391,34379117,27404197,25486283,17833324,15721017,14889692,118940457,77337482
26,000040,2018-01-03,0.004313443565780117,-0.0014378145219265948,0.5178708014489416,12591.0,55542.0664159278,721,8752305,10002591,1037227,567648,2359593,4675939,1707228,1533371,1504889,1334479,460615,561428,0,327590,450933,406684,1231820,595452
27,000042,2018-01-03,0.017073170731707332,0.01585365853658538,0.7471497626573972,3352.0,55472.87332153779,481,4249105,5158567,318369,797963,971962,1252924,1194375,361599,606522,976690,507327,215800,650550,323592,0,0,0,1229999
28,000043,2018-01-03,-0.011077542799597162,-0.01309164149043296,0.4142785744400446,12818.0,138339.37003928327,575,19974053,7591979,514697,412898,2406292,1615953,4088792,1396860,2878409,1506418,2099558,1733458,1089866,0,2338732,926392,4557707,0
29,000045,2018-01-03,0.014256619144602967,0.01731160896130346,0.35898005658340104,10956.0,84654.99422878909,748,12275427,15420187,1055380,820253,3857367,2345011,2459700,2381515,2917099,1935416,953110,1764470,1032771,2048300,0,498500,0,3626722
30,000046,2018-01-03,0.014550264550264647,0.014550264550264647,0.28466542449553683,7600.0,144442.09559627587,705,13958350,15358055,895302,493839,2560012,1986802,1876318,1674102,2225874,2254777,808457,1647872,1038824,1151044,416175,447180,4137388,5702439
31,000048,2018-01-03,-0.005469915464942798,-0.005469915464942798,1.42943022823676,6015.0,44534.06614491976,197,2267111,1549787,270077,246502,391604,542765,476424,88000,1129006,271520,0,0,0,0,0,401000,0,0
32,000049,2018-01-03,0.016541353383458635,0.00877192982456143,0.843820949179796,20130.0,101481.02742530545,2236,55988479,54503725,2083477,1180693,13926226,9821049,12691546,10740726,10659519,10336928,5851359,4566160,4110063,1715546,819468,3946563,5846821,12196060
33,000050,2018-01-03,-0.0010000000000000009,0.0035000000000000586,0.36378771342223803,38399.0,200012.69919462907,3024,145889083,156498442,1281265,1333658,12304356,15595203,16163075,20317512,24608200,33302823,17973985,19160581,12343568,9963463,9989149,8959527,51225485,47865675
34,000055,2018-01-03,0.011363636363636465,0.0032467532467532756,0.16989800806801977,8014.5,45560.3893158506,1316,15162314,15283214,1362671,1437376,4824252,5508004,2784842,4412823,2736004,2689217,296810,787638,1951351,0,0,448156,1206384,0
35,000058,2018-01-03,0.008042895442359255,0.01072386058981234,0.26123830513192314,11145.0,38392.07377014369,815,8085068,11388443,707608,946074,2889068,4402845,2436259,2643337,1093008,2599204,207625,485994,751500,310989,0,0,0,0
36,000059,2018-01-03,0.02670623145400608,0.027695351137487778,0.18728466446062897,55703.0,401861.0846557168,2919,234121343,245549781,975601,961437,12763266,8415070,19334953,15714213,29611605,29492948,21544509,19022480,18453021,22196281,23497852,14793941,107940536,134953411
37,000060,2018-01-03,-0.01493848857644986,-0.012302284710017597,0.21218697602914297,46863.0,328115.7828162921,2879,223117889,173673247,1163530,977073,13082197,11375212,17304606,13725172,33197811,23810437,23681524,23999752,19165088,13610616,16629717,12411623,98893416,73763362
38,000061,2018-01-03,-0.003875968992248069,-0.0025839793281654533,0.29162978355440955,6930.0,76488.17479441273,704,11108135,8166172,1168591,686536,1993546,1966515,1540730,1426614,1402498,1280745,982841,1198286,656099,616400,414260,463800,2949570,527276
39,000062,2018-01-03,0.024873524451939355,0.02571669477234395,0.6022363457912201,24190.0,111232.82428980559,1551,41127413,52702565,1347451,845404,7931133,6718834,6602070,8106398,9023001,10934553,5493406,7723913,2037395,4199677,4084788,3501623,4608169,10672163
40,000063,2018-01-03,0.029750210496772178,0.026101599775470108,0.5938114188103566,692028.0,1665978.0333501713,3601,1823484564,2209287352,11081,0,483235,430918,3490248,3537370,24064179,22229084,40145942,39346326,50104827,49677580,61914603,59336965,1643270449,2034729109
41,000065,2018-01-03,0.005488474204171423,0.001097694840834329,0.43504945434981146,20047.5,78885.90734224136,1754,39321730,30708263,1167797,1422270,7800004,9960883,10491991,6369029,8466833,4682991,3716001,2768815,3210438,1655613,0,433596,4468666,3415066
42,000066,2018-01-03,0.008426966292134797,0.00983146067415741,0.13203612672743698,32798.0,253144.98789563836,2915,160431914,148365908,1556959,1361342,15705421,13997179,16249876,13639804,20183866,19947925,17646142,17641397,17048106,14967742,12025977,11487808,60015567,55322711
43,000068,2018-01-03,0.0018587360594795044,0.0018587360594795044,0.14133818917662858,2160.0,61244.62347805019,1451,13510751,12250849,1142313,1091636,3250461,3085771,2103412,3219239,2662226,2336289,744772,1554834,699196,963080,0,0,2908371,0
44,000069,2018-01-03,0.004489337822671136,0.0011223344556676729,0.1550571670492791,44467.5,498599.54153268697,3314,273933062,296593893,1393584,1536781,12128613,14235514,18287530,18891460,35165142,26164908,28169811,22887998,12536611,13186541,17795182,16311246,148456589,183379445
45,000070,2018-01-03,0.020364415862808016,0.016077170418006492,0.2574923795102548,9350.0,55041.52369046543,1313,16745157,17367236,1345531,1305971,4252223,4917021,3829710,3780063,3322064,2616209,725857,2880741,1322382,933801,1292890,933430,654500,0
46,000078,2018-01-03,0.006745362563237878,0.001686340640809636,0.12420312050041424,10728.0,68374.739255069,2285,36937889,25711212,1961617,1840988,15954083,7091875,6722096,4246604,2935339,4755705,2892586,1641639,1827146,2136369,0,899632,4645022,3098400
47,000088,2018-01-03,0.029870129870129825,0.029870129870129825,0.18497145990753652,17380.0,203294.9089928624,1735,52834253,55949209,1533880,1320195,8368993,6517491,8257084,7535746,10257530,8805787,4468783,6355978,3252188,7118946,2640256,3112291,14055539,15182775
48,000089,2018-01-03,0.0,0.0011428571428571122,0.17031538372614446,7866.0,64148.44866441099,2645,40076848,27747410,3008086,3071555,11800073,7247748,9167084,4068882,6564101,3966770,2186323,1594905,2022631,2037276,1309373,878857,4019177,4881417
49,000090,2018-01-03,0.0019361084220717029,0.0,0.23929687377214842,6162.0,88474.78521350435,1865,28019487,29319429,1372321,1755834,4583595,6376904,4041700,5570336,6268702,4614279,3646742,3524777,2625632,2065825,905981,1713910,4574814,3697564
50,000096,2018-01-03,0.012093726379440728,0.009070294784580435,0.6935589712685231,6585.0,34778.19759958812,363,3020441,2870990,440327,301923,1158337,1073559,781193,826955,284994,266868,0,0,355590,0,0,401685,0,0
51,000099,2018-01-03,0.01641137855579844,0.015317286652078543,0.23572113836091899,5511.0,47720.970393161304,1504,12732577,16401973,1262351,2042805,4352871,5250010,2376629,3492037,1969905,4081356,0,741944,1030721,331398,0,462423,1740100,0
52,000100,2018-01-03,0.023076923076923217,0.02051282051282044,0.06793904886898443,35460.0,409754.66931722465,3324,192175380,270922331,1456865,1563734,14656872,16456268,14898567,19346859,24591639,27008451,17502432,20100460,11605600,17393147,12922744,10034044,94540661,159019368
53,000150,2018-01-03,0.0009907529722588126,0.0009907529722588126,1.2821105351564441,14995.0,77913.61410210507,557,8235941,10837902,527939,581822,2132866,2751141,2409282,1589158,1794774,1606591,708460,1202165,662620,303400,0,930180,0,1873445
54,000151,2018-01-03,0.003984063745019917,0.0007968127490038945,0.4064553428951199,11385.0,58246.06631176637,953,16275820,10683044,1247583,457205,4983050,3095194,3405426,2437033,2891820,2856343,1398215,1202239,0,0,429093,0,1920633,635030
55,000153,2018-01-03,0.015113350125944613,0.010075566750629594,0.29995264796365473,4820.5,30381.71549799834,700,6431417,6008433,1153274,462315,2568025,2104975,1323871,1462312,904149,1752377,482098,226454,0,0,0,0,0,0
56,000155,2018-01-03,0.014610389610389518,0.008116883116883189,0.12113917532100715,29472.0,235288.94116425744,2592,122426957,113813466,1557883,1600475,11711439,11447213,15507448,14094989,18482024,21496456,10798585,9639960,10145266,10570666,6675564,6259666,47548748,38704041
57,000157,2018-01-03,-0.0022026431718060735,-0.00440528634361248,0.08643678387249189,17176.0,151551.14046201063,2774,81262494,66542605,2372891,1799918,13417274,13603315,11294076,13827623,12018555,9478464,6548315,7001306,3125126,3186107,3880944,2657126,28605313,14988746
58,000158,2018-01-03,0.043370508054522805,0.034696406443618155,0.1872322673242795,16830.0,96663.47193809095,1860,42868423,53414450,1796312,1352344,8221510,7916243,8968740,9331663,8978676,11365323,5112903,8179561,2688465,3774045,3151654,5343929,3950163,6151342
59,000159,2018-01-03,0.011235955056179803,0.011235955056179803,0.23515076197171272,9129.0,51142.431502223226,515,6682822,7279937,463973,593879,1432435,2369972,1587560,1296810,1322413,2226429,1185322,208054,691119,0,0,0,0,584793
60,000166,2018-01-03,0.0037383177570093906,0.005607476635514086,0.11108577737318996,14526.0,164008.47057909414,2326,64767430,40810901,2337846,1003238,14057940,7161640,7830169,5921498,9564573,8595579,4475800,3111846,3108944,4186336,4061246,1747495,19330912,9083269
61,000301,2018-01-03,-0.001848428835489746,-0.005545286506469571,0.17955746784622773,10780.0,71539.26833007084,908,15069664,15180277,862084,593969,4000425,3432205,2809109,2069062,3418095,4293328,1816053,2308944,728634,0,0,0,1435264,2482769
62,000333,2018-01-03,-0.013437057991513512,-0.010077793493635134,0.9455265759710828,292489.0,770695.2252195999,3579,955061164,781601134,66880,33904,2591431,2102887,14572817,9636040,58871440,41497088,61674249,60215123,71647763,57703945,73819507,61186967,671817077,549225180
63,000338,2018-01-03,-0.012687427912341342,-0.006920415224913601,0.14623950981746858,74545.0,298002.62341553764,3523,283121702,305742216,766637,960610,12546704,14820710,27886020,26676003,40514350,44463634,28198955,31494088,31069970,38785310,25041905,37217088,117097161,111324773
64,000400,2018-01-03,0.018853695324283493,0.015837104072398356,0.27570927484185426,23940.0,137788.11782201068,2315,100576730,64818271,1191871,1170965,12020642,9262180,7783593,9073304,42926827,12638291,11087330,5826804,5249036,5443610,1849206,3836133,18468225,17566984
65,000402,2018-01-03,0.0,0.0017667844522968323,0.22574760727886012,20448.0,226011.4285056788,2517,101723162,103767200,1552327,1365790,11830185,7596987,12858308,14114218,15129812,17573661,9157164,10637833,10983844,7388325,7505810,3600522,32705712,41489864
66,000403,2018-01-03,0.01975887474882776,0.016409912926992787,1.7100574126406851,15050.0,41728.51920103535,304,4571002,4531331,309469,214340,1411967,1385552,1156600,1240908,1474830,1277483,218136,413048,0,0,0,0,0,0
67,000404,2018-01-03,0.0,0.0,0.27167351347625734,13838.0,119801.74369959749,537,17514598,7503735,358894,464656,3117963,1951723,1966446,1215649,2098253,912589,951553,697617,2535083,727227,890501,0,5595905,1534274
68,000407,2018-01-03,0.005154639175257714,0.0038659793814432852,0.225434395087867,7810.0,56204.91690023431,1185,16840150,15778645,600132,1441084,3954813,4480261,2711715,3295382,4509080,3550911,2440978,1118582,769873,1424425,1317951,468000,535608,0
69,000408,2018-01-03,0.02202145680406553,0.019762845849802257,0.4238075338894558,36080.0,236201.725943521,1746,58852622,114132238,1016727,1097763,7617914,8599502,10242960,11546194,13233252,19080167,7230706,9056540,7060274,7282846,4037731,4524667,8413058,52944559
70,000409,2018-01-03,0.07090909090909081,0.07090909090909081,0.22527720350790365,12958.0,213668.57644897277,596,23588405,14701941,948454,16678,3135501,797116,3415935,1629419,4095758,2493644,2745248,1650506,969813,743418,404320,854141,7873376,6517019
71,000410,2018-01-03,0.008780487804878057,0.0039024390243902474,0.23633853816311143,20580.0,283403.35258834966,1883,73094700,89525932,1059696,1160057,7190349,8403681,6440212,9128514,12333919,14507935,7153552,10971087,5152592,5599325,2666793,2317300,31097587,37438033
72,000411,2018-01-03,-0.00487804878048792,-0.009756097560975618,1.6972041918889773,16136.0,65135.55885071864,145,1994220,2597700,66777,88998,829813,408453,718698,404129,378932,295956,0,465538,0,382347,0,0,0,552279
73,000413,2018-01-03,0.005246589716684236,0.006295907660021083,0.16663588145570712,58438.0,264672.8097398464,3275,206988745,247931614,1291131,1211064,13175522,14956474,19197871,27180459,34197040,44700083,17676133,28590728,16758673,24086824,14430350,17673142,90262025,89532840
74,000415,2018-01-03,0.013468013468013407,0.011784511784511675,0.11247668702276016,18030.0,137581.43144801637,2804,64656663,69085622,2035916,1152015,14570455,15037088,9665411,13666650,11804585,11485291,4310712,5103820,4588887,5006585,1792084,1321357,15888613,16312816
75,000417,2018-01-03,0.010152284263959421,0.012690355329949332,0.19202807577513753,8723.0,139556.46420473073,1685,33363223,36035334,1191723,1919955,4993170,6756981,5269193,5684615,4689813,6430522,2195909,3586728,1766574,3526650,1747126,1327172,11509715,6802711
76,000418,2018-01-03,-0.008394543546694444,-0.010193374306700531,1.373921897673615,19930.5,137369.27995127792,2360,69788914,53395125,1119260,2549987,13022133,12662163,11442318,8508054,21314475,7807173,3917772,5231078,3410470,2406156,3108268,1730413,12454218,12500101
77,000419,2018-01-03,0.0016313213703098572,0.0032626427406199365,0.3281768457898339,5517.0,34720.100652260546,348,3193220,2463433,386708,217169,1235987,1063121,838394,664971,278230,307300,0,210872,0,0,453901,0,0,0
78,000420,2018-01-03,0.009493670886075778,0.0031645569620253333,0.11038334360905158,8848.0,99378.47711417264,821,15583850,9999708,823231,754750,2593007,3595277,1991042,2056240,2420366,1711434,1280355,745835,389360,630256,1377495,0,4708994,505916
79,000421,2018-01-03,0.004784688995215447,0.0015948963317384823,0.27116044602329203,10000.0,74767.75395568908,534,10493824,7313344,450818,602590,1866714,2292230,1411446,1607282,2545161,1057928,1319366,981614,1030671,0,480000,0,1389648,771700
80,000422,2018-01-03,0.012077294685990614,0.004830917874396157,0.15440554505570248,9960.0,85912.16873782131,719,14529417,13086140,692386,742972,2774374,3180778,2273838,2332965,2412422,2038014,2322300,2370543,680995,648695,439845,828999,2933257,943174
81,000423,2018-01-03,0.01794453507340954,0.020554649265905445,1.0714337645374947,67441.0,401894.06774072815,3273,248815803,310772908,525880,903644,16571582,13256718,24228121,20078848,37428656,37809492,28363082,27581528,19007202,20072282,15882301,16177321,106808979,174893075
82,000428,2018-01-03,0.004830917874396157,0.004830917874396157,0.17291464193082404,4130.0,29378.445931083006,573,4395820,3751282,563670,425162,1707097,1733735,913754,796891,968914,221937,242385,241115,0,332442,0,0,0,0
83,000429,2018-01-03,0.0,-0.002457002457002644,0.2664170806030833,4065.0,57389.18400847476,933,10520957,8214350,807280,902360,2778583,2884511,1360140,1622914,1241687,391200,1163217,957911,0,1045509,1303446,409945,1866604,0
84,000430,2018-01-03,0.011600928074246175,0.0046403712296985145,0.3836375583843086,5166.0,43913.86713158471,504,4876366,4270797,545976,587731,1600052,1885676,591597,845305,726686,363071,512426,201942,360734,387072,0,0,538895,0
85,000488,2018-01-03,-0.00519031141868509,-0.0023068050749711633,0.31450518164046926,45239.0,239043.00654707095,3041,198242619,176567465,1053222,1116949,12986244,13988386,17752095,15935409,35112029,35442652,22115686,22092136,15938159,10423609,13466555,10357705,79818629,67210619
86,000498,2018-01-03,0.0014492753623187582,-0.0028985507246377384,0.1618936486877374,10944.0,66186.86958904685,1819,28738822,20826128,1866895,1373113,11963131,4215883,5211425,3638371,3894972,2916608,2842495,2921819,673634,748955,883410,889486,1402860,4121893
87,000501,2018-01-03,0.017769607843137303,0.018995098039215508,0.3633662234803932,20979.0,139527.03639194294,2018,62489678,64312825,1561551,1358077,9139942,8535876,9548986,8932844,15713986,12444193,4980953,7374833,4499907,5200113,2649460,3934812,14394893,16532077
88,000502,2018-01-03,0.013661202185792476,0.005464480874316724,0.5254086549461914,9318.0,35968.24183035628,436,2876783,5518838,316480,418178,1490572,2353556,548534,1479206,210180,1061150,0,206748,311017,0,0,0,0,0
89,000503,2018-01-03,0.0,0.0044186046511627275,0.8366076742227563,54847.0,366041.3666764738,2644,228350925,213743027,1206387,1005909,9199217,13488913,14890114,16230896,24004651,28317730,20694783,24736627,11601317,15286302,13665636,12866840,133088820,101809810
90,000504,2018-01-03,0.01852649719948296,0.0004308487720809939,0.721302273935396,23360.0,236521.57102727826,1035,53675338,29882224,761866,619767,5518430,5061645,5702227,3972904,6381359,4365342,5393915,1683759,3787554,1709402,2826666,2204925,23303321,10264480
91,000505,2018-01-03,0.0047225501770955525,0.0047225501770955525,0.34392078987810115,6792.0,70371.38221254945,606,10143529,6411269,744414,387494,1619257,2350580,1924123,1462836,1658333,905381,693450,264888,1057350,0,412002,485640,2034600,554450
92,000506,2018-01-03,0.04065040650406493,0.05420054200542013,0.24372978922689661,14791.5,85077.56294065692,918,21318118,20175891,470887,939986,2953606,3408119,4172005,4231825,7486023,3932168,3368343,2647520,1583102,397879,1284152,496743,0,4121651
93,000507,2018-01-03,0.034653465346534684,0.03861386138613865,0.18348187976679312,53473.5,276977.7313597189,3034,173815265,231705495,1360150,735867,15481387,9299669,20918984,17315571,36007988,30146405,27473857,25895703,21110315,17482128,7116924,17359953,44345660,113470199
94,000510,2018-01-03,-0.020270270270270396,-0.016891891891891886,0.23227120274243135,14789.0,83055.83707661672,1462,38029607,20207273,1466216,1611246,7623280,5362367,7155998,5319178,8582971,3093456,4739550,2474794,2025134,1483942,1328511,862290,5107947,0
95,000513,2018-01-03,0.022895125553914264,0.01107828655834564,1.2229719131460437,60957.0,234739.3317498128,3065,153519891,208704559,763420,1309702,10693373,16226620,19485064,20670209,36095111,40530697,20092508,29647311,14289379,15722030,12052970,15654083,40048066,68943907
96,000514,2018-01-03,0.0,-0.004694835680751019,0.17290878209823718,7704.0,45491.774596219795,1367,17908340,13144677,1417430,2011596,4910637,4680517,4464208,2948247,3010741,2305100,1723876,1199217,626271,0,403225,0,1351952,0
97,000517,2018-01-03,0.011661807580174877,0.011661807580174877,0.11181682530435272,6593.0,54692.28153324918,943,11106054,11045917,577846,1272703,3114612,3076754,1375574,2828125,2063111,1638030,1055181,708948,1777714,1024730,450016,496627,692000,0
98,000518,2018-01-03,0.0043604651162791885,0.0029069767441860517,0.2831005842834009,6895.0,27365.08795420249,590,5011023,4653725,658521,589218,2265511,2194548,1372756,585957,714235,817290,0,466712,0,0,0,0,0,0
99,000519,2018-01-03,0.006072874493926905,0.005060728744939125,0.18944832460776365,26622.0,127294.4098430765,2723,89446420,77044144,1922150,1923319,14846631,13817951,15918943,14948422,18280180,16469722,12022335,11143290,7604806,5327376,2214387,3042117,16636988,10371947
100,000520,2018-01-03,0.007389162561576512,0.007389162561576512,0.13450264861202108,8160.0,69477.91019193929,912,12745715,11335616,959881,870060,3653509,3417198,1360257,2197839,1850613,1697018,1717054,1363241,750507,1329943,405999,460317,2047895,0
101,000521,2018-01-03,0.0019342359767891004,-0.0019342359767891004,0.23341415430568346,10041.5,87675.55053146314,490,8826329,9335908,409364,526723,1321166,2044937,1766457,1667362,1882019,1070769,467536,1815822,0,949741,916043,414142,2063744,846412
102,000523,2018-01-03,0.01261034047919285,0.01261034047919285,0.3662314442052586,8039.0,72571.85643580183,468,6147053,7713942,408508,549807,1638573,1847191,1123206,1875938,971056,1838902,514983,498112,344487,1103992,0,0,1146240,0
103,000524,2018-01-03,0.0,0.003451251078516071,0.3504826455527836,3495.0,30034.319835336504,1094,5274338,6437250,1727548,1224733,1803882,1765173,1062577,1107723,470009,844213,210322,218832,0,694576,0,0,0,582000
104,000525,2018-01-03,0.03074804956402022,0.04038549793483259,0.4292459147507504,39924.0,220768.39432645592,2580,103116046,141352391,1493249,932782,11330649,16854681,14157792,11181410,17932851,22855083,17290877,13249450,3867447,8447914,8855763,5769743,28187418,62061328
105,000528,2018-01-03,-0.003432494279176135,-0.005720823798627039,0.16671269805275443,22000.0,163380.69860143267,2753,107913153,69975430,2751505,1371722,17006310,10842332,17418259,10511895,16381140,13976659,10230511,4264979,7470119,4500127,5935679,3636942,30719630,20870774
106,000529,2018-01-03,0.010218978102189746,0.007299270072992803,0.2903203716102907,6201.0,36509.48581016799,556,4592373,3912113,654375,391258,1496438,1869603,372671,691723,1142767,740857,413400,218672,0,0,0,0,512722,0
107,000530,2018-01-03,0.03925233644859816,0.0542056074766355,0.11986445212741735,13560.0,122275.59271083235,1997,38677280,68137900,1698735,1291524,7261305,7840730,6970083,7975158,6725423,11562644,8063225,7190907,2325710,6741240,2224529,4511354,3408270,21024343
108,000531,2018-01-03,0.0074906367041198685,0.006242197253433224,0.4087942604502954,8070.0,51804.06379903894,383,4923277,5302748,402933,274487,1525262,1589133,1164830,1225619,969471,1528635,0,206916,309120,0,0,477958,551661,0
109,000532,2018-01-03,0.005687203791469031,-0.0009478672985783199,0.4672776682233422,10510.0,54984.06277513869,509,8454589,5905868,422276,556262,1681406,2465122,1500064,1291873,2353647,1382365,952041,210246,339625,0,470530,0,735000,0
110,000533,2018-01-03,0.0056764427625355385,-0.010406811731314969,0.5241228029410566,10500.0,86057.56428681279,406,9704580,6386264,328523,356380,1820950,1687275,790498,832934,2666435,917352,1173331,677199,1995109,344256,418000,0,511734,1570868
111,000534,2018-01-03,-0.014367816091953922,-0.002873563218390718,0.9797708138903165,9737.0,107612.69229234247,201,3403956,4044750,182687,169793,844521,762908,746273,409312,656775,183138,0,279800,0,0,0,839400,973700,1400399
112,000536,2018-01-03,0.0041407867494822614,0.0,0.14355008911579076,6762.0,82263.3987755114,1133,21895520,12050353,1680456,807903,4286436,3233484,3111653,1828612,5785262,1955723,2025073,2259263,1163025,736306,846254,409948,2997361,819114
113,000537,2018-01-03,-0.018964259664478567,-0.018234865061998562,0.34719018405038843,15655.0,137899.24368362816,1564,45141579,35215274,1350236,1058652,7015090,7227417,6048739,5802552,6698538,3993740,4827358,3820250,2097071,2504755,1797668,1702306,15306879,9105602
114,000538,2018-01-03,-0.012800620636152171,-0.009600465477114128,1.9281705354926761,41000.0,211859.2113407774,2865,141973185,135348770,0,2255,16698547,12987897,20693225,16403186,30911001,30074866,17159998,20438844,8357078,10169331,6674131,6186707,41479205,39085684
115,000539,2018-01-03,0.006185567010309256,0.006185567010309256,0.22285791428720503,2928.0,74698.13216302548,473,4517890,7831301,467851,391725,718643,1896448,390901,1571576,711188,1950799,563800,712533,0,359168,0,417960,1665507,531092
116,000541,2018-01-03,0.0021645021645020357,0.0010822510822510178,0.2381171796176483,9260.0,84974.4591719608,1506,28696248,27818836,1173101,1885581,5395877,4705905,5324540,5417126,5468217,6962726,4716190,1330193,1143771,2935731,2304473,0,3170079,4581574
117,000543,2018-01-03,0.007889546351084853,0.005917159763313418,0.14137909343141386,4590.0,104266.96942850607,1288,12138538,23672419,1672537,1541862,2633965,3633620,1380115,2802645,1637305,3593745,1338595,1465322,354200,1081245,487622,895271,2634199,8658709
118,000544,2018-01-03,0.02309782608695654,0.025815217391304213,0.4138094069128616,16280.0,61482.63205377086,1265,22262364,24920042,973993,1163129,6451480,6367044,4408863,7100567,5908700,6055641,1752503,1996061,705990,1408895,1296770,0,764065,828705
119,000545,2018-01-03,-0.007722007722007707,-0.005791505791505669,0.13793221114866805,13878.0,108397.9847940263,1412,35230600,27496223,1313638,907530,6847005,4661904,7669483,4974048,5759913,5650159,4053613,3139468,1649128,2428057,2372088,909325,5565732,4825732
120,000546,2018-01-03,-0.005116543490619629,-0.0022740193291642674,0.4108310641766963,19239.0,130301.80249224609,1837,53465652,47652861,963157,1526165,6751631,8904293,9607107,15098246,7826167,8280319,4232871,2132040,3504340,3546173,2675677,2139492,17904702,6026133
121,000548,2018-01-03,-0.0030030030030030463,-0.006006006006005982,0.23644577115682358,9324.0,66856.27311295632,793,14304096,7771459,1077631,744956,3582651,2053305,2893559,1807153,1945391,956469,240604,1572214,932876,637362,907429,0,2723955,0
122,000550,2018-01-03,0.009809932556713585,0.011649294911097563,0.5611593332438423,13272.0,102574.76603604539,844,13054310,14588982,783485,817939,4120104,3798128,2342652,2561797,1584964,3159983,1085846,944146,1071703,310576,438900,0,1626656,2996413
123,000551,2018-01-03,0.00969696969696976,0.004848484848484658,0.34780914491893977,8335.0,67166.78613840186,562,9988247,7731120,611500,430607,1918223,2190373,1762984,1916874,2639538,1867147,270580,720744,1033218,0,471328,0,1280876,605375
124,000552,2018-01-03,-0.0027855153203342198,-0.005571030640668551,0.08147128323265955,6462.0,106165.39932020735,1953,26208768,21477133,3684827,1263867,5314153,4683632,3956604,3183501,4417749,2370929,1682749,1167890,2487159,1077687,0,412491,4665527,7317136
125,000553,2018-01-03,-0.007250755287009136,-0.006646525679758319,0.3181153380175535,13186.5,102659.17799654354,2710,61311591,37695258,5345111,1209586,12860653,10825714,9244761,7290977,12778489,7447576,4153952,3888502,2105367,1404634,1339430,3569619,13483828,2058650
126,000554,2018-01-03,0.0073081607795368875,0.004872107186357999,0.22122352041141474,16520.0,116062.85154233438,1378,39960269,32707404,1312839,1358510,5796180,6469878,6852372,5248286,5321607,6522366,5964868,3534695,4047934,2346998,413000,2287687,10251469,4938984
127,000555,2018-01-03,0.004173622704507496,-0.0008347245409014992,0.30664976850590864,14394.0,80794.06926768784,1526,27608162,31787141,1118789,1243742,7900046,7698128,6499763,5191414,6014137,6118383,2594293,2931595,1352775,1459879,444312,1292920,1684047,5851080
128,000558,2018-01-03,0.027833001988071482,0.021868787276341894,0.13521437801785305,11403.5,88332.28732930087,1386,19614704,33478377,1020170,1276827,4978778,6357785,3464844,6324719,5181840,5876057,1632169,2628010,1356689,2713458,852920,815534,1127294,7485987
129,000559,2018-01-03,0.005988023952095967,0.009980039920159722,0.20471567483256523,20260.0,112179.83476909086,2399,73221346,60022970,1578750,1140502,14830871,9694465,13754160,10200655,13953266,11032046,10302341,4744253,6665910,3743186,4307347,1838046,7828701,17629817
130,000560,2018-01-03,0.018789144050104456,0.012526096033402823,0.22223088591621246,18468.0,94149.17866764605,1860,41900303,39856499,1690408,1679303,9591848,8427932,8639015,9295239,9416061,7710144,3881523,5273838,2463132,1989057,2311324,444906,3906992,5036080
131,000561,2018-01-03,0.015063731170335881,0.00811123986094997,0.28277871686031586,9559.0,63624.12911055921,931,11279614,14757666,884270,1354671,3358021,4801813,1701125,2542907,1578855,2255972,707406,1222014,1073408,959735,498875,0,1477654,1620554
132,000563,2018-01-03,0.004683840749414525,0.0023419203747074846,0.10360667804873377,8132.0,73114.54338857686,1705,22439529,22073735,1751981,2163105,5696514,6259288,3808169,2739989,1901755,3065874,1322512,929087,1724385,2263084,1723297,1304497,4510916,3348811
133,000565,2018-01-03,0.006906077348066253,0.008287292817679592,0.3082174172418728,12240.0,53840.882845863394,551,8283417,7371443,439674,620654,2887235,2454312,2127887,898694,943026,1349230,905802,736853,979793,728500,0,0,0,583200
134,000567,2018-01-03,0.031561461794020085,0.027823920265780844,0.7470482282830989,12182.5,109168.02482976705,1040,17502313,27614286,993043,1024674,4722849,3827367,3119089,3047007,3257874,3828746,2489968,3403323,1060185,993603,456580,2354842,1402725,9134724
135,000568,2018-01-03,0.005755831566192304,0.003332323538321802,1.1960262087878275,72110.0,394720.270335447,3048,307223505,248960373,900870,636475,11526295,10587236,21326481,20812616,33409035,34616553,26362983,25717335,37198375,24143476,22709464,18510777,153790002,113935905
136,000570,2018-01-03,0.010619469026548645,0.0070796460176991705,0.27348172328345766,7358.0,50528.05016328201,426,5358383,5366918,305276,331219,1433322,1396262,1116001,1088681,1254268,781933,1249516,984529,0,784294,0,0,0,0
137,000571,2018-01-03,-0.005300353356890497,-0.005300353356890497,0.14173973717145052,6281.0,75359.76163895281,1598,29241360,16076184,1551471,1048759,6462173,4356847,3828992,3184724,5771369,3967084,2551668,2074130,2183063,0,1365435,919755,5527189,524885
138,000572,2018-01-03,0.010869565217391353,0.01521739130434785,0.1182945938664697,8271.0,93873.60689253437,1516,25788838,27414764,2153808,1231965,5529108,4415517,4867109,2252041,5240536,6046902,2431843,3064075,671058,1412126,2217655,950815,2677721,8041323
139,000573,2018-01-03,0.006250000000000089,0.004166666666666874,0.21671097529619393,9811.5,49358.06256787316,490,6806043,6835938,428659,544823,2166984,2338037,916711,1435994,1564091,1310042,1729598,694676,0,0,0,0,0,512366
140,000576,2018-01-03,0.002354326074161417,-0.0005885815185402432,1.035981360425481,8445.0,104249.41537522839,268,3276992,7955697,271660,230139,610170,476093,505252,1605018,136728,2224705,202560,702064,0,1148080,454072,953478,1096550,616120
141,000581,2018-01-03,0.017783291976840365,0.015301902398676681,0.4288503612709779,61262.5,320228.8399297219,3180,202240431,288506181,375618,1981737,11546227,18187539,16722855,24121393,27672901,43314043,29488364,32397231,17392863,29102368,14160174,20635588,84881429,118766282
142,000582,2018-01-03,0.0,0.007070707070707005,0.2706552550237563,14767.5,67114.21962149574,1338,25822739,22208465,1218287,1526044,6765224,6165670,4654597,4307732,4797030,4707166,3976878,3115916,1727092,1407918,410000,469019,2273631,509000
143,000584,2018-01-03,-0.00877192982456143,-0.005398110661268607,0.4585305628641227,14770.0,107798.41065290933,1044,24137880,18759681,1398837,356145,9462841,2504854,3605737,2309858,4486724,2062129,653866,1391686,373175,335384,457560,2297400,3699140,7502225
144,000586,2018-01-03,0.008426966292134797,0.0022471910112358273,1.5327973734078622,5351.5,57677.6513893451,134,1483292,1559621,146157,91107,377707,360743,405975,325311,553453,0,0,232440,0,0,0,0,0,550020
145,000587,2018-01-03,-0.012605042016806678,-0.0056022408963585235,0.14388368844501553,44330.0,223702.1003521888,2474,116786616,101495498,1006789,786651,12698596,9616858,29906219,11329597,27024416,16990865,6675221,5572963,3086523,4352811,2192632,2095009,34196220,50750744
146,000589,2018-01-03,0.004237288135593209,0.0021186440677967155,0.23695779563791575,9450.0,50484.860510563885,396,4652824,5514224,307439,461504,1104609,2404966,807767,551659,1191757,1178061,556852,446034,684400,0,0,472000,0,0
147,000590,2018-01-03,-0.002629848783694988,-0.0032873109796187627,0.8683462908741404,10577.0,45231.40992989859,306,4386748,2516426,352058,241646,1614293,1165470,563454,671818,1226943,437492,0,0,0,0,0,0,630000,0
148,000591,2018-01-03,0.010291595197255532,0.006861063464836947,0.11857077426413311,29500.0,152876.61769793555,2424,72414873,77825993,1230674,1331463,15617668,12386395,20568812,10532607,15762585,13393675,7156268,9024315,2666936,8648501,4560648,5782041,4851282,16726996
149,000593,2018-01-03,0.0783460282916213,0.022850924918389692,0.2235020768486517,15008.0,78114.71483367965,1692,27077733,36747413,1647040,1395458,8497004,8292492,6000710,7329216,6222872,8102498,2476765,3448645,973742,2091753,442740,466932,816860,5620419
150,000595,2018-01-03,-0.009140767824497242,-0.005484460694698212,0.15867129870399677,10990.0,89895.96574489564,1190,22587340,24393642,861414,1237706,4232545,5110807,3692216,4902870,5202887,4944693,2431805,1789392,1098208,1411661,878851,1391381,4189414,3605132
151,000596,2018-01-03,0.016939078751857295,0.01842496285289763,1.3096036845043963,33730.0,128156.9770504853,2642,80423798,105010621,1237084,1280869,15346165,14765122,14771538,14780279,18553994,19156492,9053375,16920392,6740866,10041401,4955929,6073770,9764847,21992296
152,000597,2018-01-03,0.005833333333333357,0.006666666666666599,0.34061494874767945,27485.0,155027.19371607548,1241,35715690,50884248,565294,993197,4208254,9424721,4832314,6280530,6564145,7254097,3889196,8398033,2422789,3947012,3966480,3105534,9267218,11481124
153,000598,2018-01-03,0.012891344383057168,0.009208103130755152,0.11684592918786092,16440.0,158496.85695318386,2166,46716800,79432786,2000137,1544736,6985480,12030452,6063054,8208860,9465999,16263133,5255723,5800112,3363754,4143606,1797000,3543234,11785653,27898653
154,000599,2018-01-03,0.03144654088050314,0.03301886792452824,0.17242804306771237,14846.5,119862.7834403667,1362,21942675,38088350,1457888,798467,6110698,7781737,4505492,5372982,3905276,5661790,1308272,3676882,1699234,4421025,948217,0,2007598,10375467
155,000600,2018-01-03,0.09355246523388128,0.09355246523388128,0.19335842497266112,43250.0,625807.7850168803,1675,181119724,148771091,1781348,269671,8294960,3212346,8788920,6246847,13214620,12406797,13596642,14700319,12681466,14197743,8846943,8460877,113914825,89276491
156,000601,2018-01-03,0.008298755186721962,0.009681881051175623,0.28366001335094176,5856.0,102495.17996897288,649,9282620,10760881,782047,754842,1555122,1756911,2017638,2135745,1173701,1334234,731168,914121,732000,754620,0,415208,2290944,2695200
157,000603,2018-01-03,0.0008136696501221952,0.004882017900732283,0.35977642749481953,16184.0,72442.90426285086,1167,26097658,23016857,1172374,735037,5661592,4783191,5052068,5318176,6140924,3801854,4316694,4165421,1727761,2224209,909270,1376654,1116975,612315
158,000605,2018-01-03,0.08851017042330955,0.08851017042330955,0.4079728012013024,32861.0,292013.89259221853,1990,73478898,104070705,1544351,889223,9374139,8415314,11704341,11198206,16635801,18610201,7621789,14293879,5567058,8367852,7081766,5831783,13949653,36464247
159,000606,2018-01-03,0.001129943502824915,0.002259887005649608,0.5170836905369653,8895.0,55354.428521326365,292,3966531,3773575,318455,385028,1240933,1320629,938979,800016,892664,398780,264000,273730,311500,0,0,0,0,595392
160,000607,2018-01-03,0.011419249592169667,0.013050570962479524,0.20938343964125608,5562.0,44130.975032833034,857,6079803,8889451,644753,889886,2406319,2487219,1517022,1968912,1167203,1911374,0,274458,344506,0,0,0,0,1357602
161,000608,2018-01-03,0.014150943396226356,0.007861635220125729,0.2042944638829382,3822.0,27877.898591599347,970,4548708,5217347,1621657,1230200,1234051,1436606,479921,1046991,752891,551105,460188,487714,0,0,0,464731,0,0
162,000610,2018-01-03,0.0016920473773265332,-0.0008460236886632666,0.6825209633277347,5910.0,96785.08303653209,299,6573911,4956908,421917,221984,856490,720490,493763,580426,1542126,819675,659419,506248,1066998,301155,943198,0,590000,1806930
163,000611,2018-01-03,-0.05119047619047623,-0.055952380952380976,0.24890131073199834,19925.0,201353.00084505364,1144,50083955,33510889,447077,1395132,4303257,5460520,5481827,4478278,10397258,7469818,4410039,2215277,2516276,1125795,4826225,882021,17701996,10484048
164,000612,2018-01-03,-0.0010729613733905241,-0.005364806866952843,0.19564276223278323,16695.0,79938.637149434,2272,49399384,38335594,2153482,1633734,14766398,8782397,8907908,6618866,9953746,7377292,3507161,4359773,3197704,3033336,2253172,937162,4659813,5593034
165,000613,2018-01-03,0.007662835249041988,0.011494252873563093,0.29241300747841914,10309.0,47109.90029292587,719,8160625,9820275,670292,554992,3611478,3014993,1623189,2067751,1603002,1636830,652664,521200,0,696260,0,813032,0,515217
166,000616,2018-01-03,0.017699115044247815,0.01179941002949847,0.11423193730356662,6900.0,76604.45406422086,882,12266111,15875590,720964,719714,2792888,3196741,1440841,3063117,3088982,3222331,200508,1810009,2390754,603768,497350,403025,1133824,2856885
167,000617,2018-01-03,-0.023569023569023573,-0.022895622895622858,0.40543477672926287,11704.0,57580.26877041404,1342,23923346,7538369,1936389,534866,10663198,3179670,3311178,1195843,2901344,1282086,2121250,1018864,623312,327040,0,0,2366675,0
168,000619,2018-01-03,0.004860267314702238,0.006075334143377686,0.3663027724279948,14092.0,62657.383658644,504,9296829,9104437,424860,590921,2532550,2157975,1727903,2149482,2307474,1865186,1726542,720314,0,304880,0,1315679,577500,0
169,000620,2018-01-03,0.008710801393728262,0.010452961672473782,0.2156801286710017,4644.0,31545.191907001103,708,5019445,6302523,521949,595267,1900306,2080566,1459691,1153905,1137499,1737443,0,735342,0,0,0,0,0,0
170,000622,2018-01-03,0.025531914893617058,0.012765957446808418,0.2520572662778781,9500.0,75163.25227249974,347,5455161,5108869,344389,374663,1007315,1901134,467887,854062,1524130,781394,1161440,218550,0,329392,0,0,950000,649674
171,000623,2018-01-03,-0.007032967032967075,-0.007912087912087862,0.4517563126218227,32775.0,181801.92690698872,2536,118796948,87298591,1906348,853851,13108738,11474861,19051320,10650564,28806537,18455379,13080987,11515166,9170051,5895125,5778590,6576318,27894377,21877327
172,000625,2018-01-03,0.01733648542159183,0.005516154452324784,0.2626440021740355,21641.0,149725.21189104795,2335,73441165,72273618,2008980,1300175,11288312,12614745,10485322,8975054,13206493,12819001,7449679,6962903,6596777,6792821,2968124,3940567,19437478,18868352
173,000626,2018-01-03,0.030943396226415176,0.030943396226415176,0.4620945622849754,13430.0,88048.08785358816,822,15837783,18646035,543726,603763,3794536,3521924,3324726,2848826,2381532,4055327,2305498,2070756,719867,2089368,493106,877425,2274792,2578646
174,000627,2018-01-03,0.017241379310344973,0.017241379310344973,0.1612284957076027,23547.0,127657.6024466348,2541,71294962,85552910,2286778,1668622,13709526,10380282,11284321,14828680,13182455,17122079,7699856,7266863,6779120,6954799,8034265,6595749,8318641,20735836
175,000628,2018-01-03,0.005938242280285166,0.004750593824228044,0.4080120996916755,9273.0,63622.76722362756,425,6084439,6229270,440608,453535,1469587,1889484,955458,1536506,1806842,1387553,742648,0,669296,0,0,0,0,962192
176,000630,2018-01-03,-0.003424657534246478,-0.003424657534246478,0.053686617238863844,18104.0,226567.65107126688,2999,126177484,77346222,2829249,1715198,17613444,10971583,16396234,8498848,18498393,14425279,8173053,6959013,4443525,4270261,2225307,3621794,55998279,26884246
177,000631,2018-01-03,0.0092592592592593,0.004629629629629539,0.09706988430254285,11077.5,45368.19508667001,1992,23635158,19773777,2092462,521104,10269276,9808224,3168656,3377436,1714305,2681677,3144298,1901222,327214,992306,2169863,491808,749084,0
178,000632,2018-01-03,0.009724473257698651,0.006482982171799101,0.3001433933639734,3696.0,37702.6367823876,422,3415191,3464855,432240,303918,821974,1227019,741766,821175,796567,608551,250044,204048,372600,300144,0,0,0,0
179,000633,2018-01-03,-0.02694898941289714,-0.038498556304138676,0.28988480436572067,18342.0,144446.7346956877,1286,43915373,25314894,1011996,751275,6530689,5259103,6907569,4439022,6531213,4918594,5381637,4255355,3135724,2021218,1887406,454644,12529139,3215683
180,000635,2018-01-03,0.0026648900732846315,0.00799467021985345,0.3993649349010658,10570.0,98840.15400753365,1413,25301331,21162525,1272425,1250766,6458633,5101630,4664714,3565309,4165965,3752979,2137997,2004443,998632,1642443,465105,918735,5137860,2926220
181,000636,2018-01-03,0.03877887788778889,0.037953795379538136,0.20816221418230663,90474.0,489111.7129691041,3396,307237571,400501082,757865,659745,12290153,10938834,22713893,19775602,42363977,46525168,41536258,37956476,33454653,37982353,25586444,22102834,128534328,224560070
182,000637,2018-01-03,0.0,0.0016528925619834212,0.2341648918926698,12080.0,49963.051665598054,667,11535040,6796255,897504,471945,3056197,2409784,2494032,1812121,1987864,1264414,1803584,231491,301822,606500,424200,0,569837,0
183,000639,2018-01-03,0.0053050397877982824,0.0053050397877982824,0.6916984977682065,9430.0,112386.65095599332,742,9306183,10770864,577809,1070926,2804280,2237545,1523181,1450038,665361,1251983,1104845,0,309796,0,2320911,0,0,4760372
184,000650,2018-01-03,0.01893939393939381,0.009469696969697017,0.1640063288908903,5340.0,93734.27444508391,1037,10411797,17867085,909843,917366,2790153,2962749,1966395,1518242,2064293,2497042,1179233,1031113,0,1035254,440880,0,1061000,7905319
185,000651,2018-01-03,0.007726269315673218,0.006181015452538574,0.7552371504068149,491359.0,1375221.2396014465,3598,1366757180,1574480406,27521,0,1046630,625091,6317328,6708116,31070442,27299468,51297473,47628260,66534823,58857661,72238740,71762664,1138224223,1361599146
186,000652,2018-01-03,0.020179372197309364,0.022421524663676973,0.11317013379073437,7312.0,68049.30109441496,1557,19089101,26147315,1557788,1482407,5438541,5203722,3166195,4399584,2887219,5525935,1960865,4895989,1388892,1661742,960051,1701075,1729550,1276861
187,000655,2018-01-03,0.020740740740740726,0.0251851851851852,0.1408438789593685,20610.0,286417.1202295453,2303,69515980,82571582,1285424,1977480,9838333,11981905,10187967,10739658,14324042,15090592,6778122,9274810,6834473,5450556,4913349,2656404,15354270,25400177
188,000656,2018-01-03,-0.012024048096192508,-0.014028056112224463,0.10924410086833977,11066.0,184192.55324190643,2093,74352776,51433461,2238776,2142652,8095929,8478315,7232686,6220899,7496741,5101841,6708318,5858816,2719998,3034044,3065729,1780499,36794599,18816395
189,000657,2018-01-03,0.0023980815347721673,0.006394884092725928,0.37852560757253967,13898.5,75112.23057886004,1092,21845638,18474871,750897,753944,5384815,4825322,6244451,2586573,5121416,4096252,2066374,1714369,348528,2408071,1293621,0,635536,2090340
190,000659,2018-01-03,-0.006507592190889477,-0.010845986984815759,0.1618253030802904,14655.0,112107.05127101523,812,26069562,18454021,609696,642096,3506997,3531986,2627529,2224048,4770366,3178492,4220881,1937703,3129722,2643909,3004033,2678288,4200338,1617499
191,000661,2018-01-03,0.019640852974186274,0.013916947250280698,4.04291142659162,36160.0,202425.80919083755,1944,80913048,107318710,25464,9222,13219924,8615441,11570485,11791700,16627275,20116395,7963055,8832376,7398993,4473162,3056378,4864845,21051474,48615569
192,000662,2018-01-03,-0.008742434431741719,-0.00672494956287828,0.5838675388449482,2957.0,49219.400521004914,648,7733153,5257111,874622,453710,1647906,1101897,1783155,911042,1804800,1575108,0,1215354,1021922,0,0,0,600748,0
193,000663,2018-01-03,-0.016260162601626105,-0.007046070460704601,0.7191711874812609,12911.5,111260.87216296817,658,15525750,10600282,926628,228046,4318300,1741962,3208656,1598739,2656720,514576,1169476,766140,0,732800,1320295,484176,1925675,4533843
194,000665,2018-01-03,0.000983284169124854,0.000983284169124854,0.3962213313176569,6084.0,67504.90486050099,658,7257854,10678896,653961,355823,1952737,1781371,1665710,1571487,1386859,2309317,0,1433584,658056,997910,940531,406000,0,1823404
195,000666,2018-01-03,0.005626598465473087,0.003069053708439906,0.45679225666267853,8488.5,74126.53556205211,1832,32417757,17961741,3542675,1594971,6214447,5367165,5515337,3110701,4673034,2879033,1998765,854433,1844573,2176180,3121846,0,5507080,1979258
196,000667,2018-01-03,0.0,0.0032573289902280145,0.08054481635894928,11070.0,104084.25398947994,1460,28966850,16999944,1796235,693029,9211984,3472530,2385277,2943352,2778495,2451496,1914095,1615399,2594457,999191,1824010,1366038,6462297,3458909
197,000668,2018-01-03,-0.0006666666666667043,-0.0040000000000000036,0.8662974294892247,8994.0,48503.40831180873,299,4793594,1939186,312229,215142,1481253,863101,1024267,520343,304272,340600,211580,0,1033281,0,426712,0,0,0
198,000669,2018-01-03,-0.004861111111111094,-0.008333333333333415,0.41052476102789914,14320.0,90944.2766483811,1230,30305032,17747990,1182871,902605,5743491,5436176,5837395,4757888,4579715,3320950,3943929,512394,1982406,983375,2634364,1293984,4400861,540618
199,000670,2018-01-03,-0.0014409221902018654,0.0014409221902016434,0.126250783196418,30057.0,143406.76245042874,3030,113842526,104202610,1784944,1733861,14975273,13633656,20281180,18161702,25347802,22445125,13732698,15278480,11286087,6020170,7042333,8043152,19392209,18886464
200,000671,2018-01-03,-0.00476758045292025,-0.0035756853396902155,0.15776885540474386,42100.0,328197.0136181655,2839,175836565,200365147,1363651,2506681,10271654,11033606,14456459,19717222,24987946,33652045,17808303,14120385,18396623,15328446,12857178,18862786,75694751,85143976
201,000672,2018-01-03,0.015192135835567555,0.01251117068811447,0.1907709327537109,86502.0,922152.7410712636,3453,387174345,549094601,740974,956526,11774493,12801517,18690706,21325104,38120435,43912802,32600519,36042410,24720742,31792785,24207728,28929062,236318748,373334395
202,000673,2018-01-03,0.013835511145272816,0.002305918524212025,0.42264242003707836,18270.0,204162.51728308198,948,18848936,63606402,724033,574128,4371906,2982819,2644113,3900719,3155609,9028222,2310420,6893170,2112046,4277683,1784520,4093880,1746289,31855781
203,000676,2018-01-03,0.014272970561998166,0.008920606601248826,0.375191574832931,7882.0,42954.287017544244,892,8179115,11532587,445646,1166797,3188328,3866223,2148197,3188028,1848542,1996800,548402,488648,0,0,0,0,0,826091
204,000677,2018-01-03,0.014598540145985384,0.014598540145985384,0.16949668911349253,8190.0,78615.2833634583,588,7821726,6639898,585661,616624,2035406,2024863,1334581,1102219,1303450,473606,1277877,511919,0,0,1284751,403602,0,1507065
205,000679,2018-01-03,0.00419580419580412,0.0013986013986013734,0.32307622345182563,3580.0,31564.7721999035,489,3929707,3476503,587351,260558,1161800,1634780,486910,736927,997605,625662,696041,218576,0,0,0,0,0,0
206,000680,2018-01-03,0.0039215686274509665,0.0,0.1182713612018848,10260.0,124729.29922248398,1864,47255369,27192965,2016984,1263159,7674115,6809842,6242779,5410590,7780400,6145417,5248714,3871359,2297666,2335527,976889,1357071,15017822,0
207,000681,2018-01-03,0.023017902813299296,0.006649616368286315,0.44861070839414646,9777.5,69341.6607918418,1904,22910728,28793960,2415225,3783405,7539343,6181626,7874224,3767158,2741441,3789132,907617,1902142,981025,2158814,451853,1902018,0,5309665
208,000682,2018-01-03,0.006396588486140553,0.008528784648187626,0.21527678087039218,8478.0,37767.801355499556,474,4311344,5318430,611527,555884,1675278,1730260,1242518,1104445,315021,1454869,0,472972,0,0,467000,0,0,0
209,000683,2018-01-03,0.013377926421404451,0.013377926421404451,0.06531546725544635,14440.0,151686.89211873038,2114,50979684,68144473,1809585,1659315,7691277,8440834,6780823,9208348,9880162,9965471,6178764,7597647,5069456,5193335,2780248,4551036,10789369,21528487
210,000685,2018-01-03,0.005802707930367523,0.003868471953578423,0.2521820854335238,10390.0,76013.47334818424,1682,25559080,27595979,835636,1902781,9402179,4867793,3277970,5388831,3748832,5082995,2581127,2609330,1417558,2047924,418409,938288,3877369,4758037
211,000686,2018-01-03,0.005636978579481422,0.006764374295377795,0.20505823285459418,18595.5,136410.58317172428,1872,56695813,56560875,2109364,1379651,10934850,7223526,10116263,6618456,8753187,9353371,5915968,5827493,2438160,8279177,3481231,2173612,12946790,15705589
212,000687,2018-01-03,0.08695652173913038,0.05293005671077511,0.23606092144001556,22280.0,119911.46562697826,2011,50193027,67126325,1264821,1178664,9854371,9844163,10062694,10402847,10660698,13423746,4170486,9335686,4494292,7123046,3142766,3197674,6542899,12620499
213,000690,2018-01-03,0.032490974729241895,0.02406738868832714,0.17491296866714579,27392.0,312079.11069515126,2261,111774865,123551754,1540185,1158908,12714207,7997401,13382190,9538487,20004764,15905808,13084665,11102034,5761151,8409502,7988025,8060374,37299678,61379240
214,000691,2018-01-03,0.010243277848911658,0.00768245838668391,0.42696765425890926,10218.0,65307.83377629754,334,7103789,2668142,445354,226531,1943582,881464,1196321,630937,1554380,723842,271610,205368,339120,0,0,0,1353422,0
215,000692,2018-01-03,-0.005681818181818232,-0.0037878787878788955,0.29999601314192226,7860.0,40843.91579208953,309,2967619,2334551,359155,189897,1307619,776671,748449,298255,164112,334224,0,0,388284,735504,0,0,0,0
216,000697,2018-01-03,0.015079707022834787,0.016803102111158985,0.6280897084243222,18592.0,102289.89498244502,1365,32003929,33711875,1315170,874441,7101288,6455560,5249502,4694675,7628919,7382373,3079946,4424136,3814181,330292,926400,1822072,2888523,7728326
217,000698,2018-01-03,0.0033222591362127574,0.0033222591362127574,0.19103592410510398,9045.0,69892.04882708665,993,19442718,12840072,1189940,497518,4157471,3456938,2988640,2324097,4747387,2500927,2035952,972854,2282510,1632702,1435808,0,605010,1455036
218,000700,2018-01-03,0.015706806282722585,0.008726003490401313,0.20537650738055951,9707.0,62638.46059944475,778,9571863,12488819,654322,990254,3503772,2451594,1823164,2261805,2180004,2449991,894001,1594495,0,334653,0,893288,516600,1512739
219,000701,2018-01-03,0.005928853754940677,0.007905138339920903,0.2661529237731742,3035.0,40414.868535402,1446,10780244,13758736,961824,1641413,2928139,3721428,1898582,2324032,3034424,3007906,1296620,1636717,660655,919740,0,0,0,507500
220,000702,2018-01-03,0.034482758620689724,0.031609195402298784,0.19770655002603948,5752.0,52665.78846083436,1241,8599764,17871043,901695,1916390,3114278,3478106,1953562,2830021,1746702,3508124,0,2496605,330832,1994242,0,951095,552695,696460
221,000703,2018-01-03,0.012396694214876103,-0.0008264462809917106,0.4296724870568669,35580.0,335874.7959550651,3183,213440600,206400328,1908070,1589605,13876268,14342438,17192261,14640128,21631715,26806379,15125074,17562206,17526144,14252958,17615260,18357324,108565808,98849290
222,000705,2018-01-03,0.014598540145985384,0.012165450121654375,0.3058155711748889,4147.5,57268.929731239405,722,8809448,8590633,612224,815806,1529572,2370725,1909444,1252020,1405784,1280591,1781651,1324185,701575,630341,869198,916965,0,0
223,000707,2018-01-03,0.02987697715289972,0.03163444639718804,0.18514298113185138,5880.0,62884.81343583079,945,11299952,16292730,786606,839699,3124175,3049299,2184386,2084507,2512652,5091757,1514131,2883781,0,737068,0,466400,1178002,1140219
224,000708,2018-01-03,0.0017167381974247942,0.0017167381974247942,0.3692584266634659,12870.0,112787.22467166548,995,26080518,18071007,698462,569752,5388132,3962611,3809951,2945712,4680281,4516494,2208409,1895080,674235,1411804,1359938,1739594,7261110,1029960
225,000709,2018-01-03,0.04534005037783384,0.04534005037783384,0.0684009445870091,68770.5,550540.1910850263,3396,363837293,496582084,1075228,1240085,14684945,12013748,16822241,17880965,32658483,37669508,31025654,28315051,21487753,23779763,19587988,33583212,226495001,342099752
226,000710,2018-01-03,0.0030603060306031438,-0.0009000900090008201,1.362740403867598,16651.5,84794.45108110324,1662,36132520,32978962,692691,1924686,8178044,7872206,7376717,6872027,8613537,6101318,4144385,2569215,1691989,2386149,0,1808770,5435157,3444591
227,000711,2018-01-03,0.012461059190031154,0.02414330218068539,0.308823854202743,22372.0,126021.52204096892,1729,39589258,68886869,1231910,1024988,7187342,9960965,7347631,8423676,7323163,9328718,6058645,9213540,3866275,7223627,2683876,4549448,3890416,19161907
228,000712,2018-01-03,0.005181347150259086,0.005181347150259086,0.44928995329441335,17530.0,95609.68355387094,1495,39063085,30433643,1637778,665391,9631476,5347065,6824585,5891731,7483153,7519823,3283991,3937034,2764683,1716251,973312,1738771,6464107,3617577
229,000713,2018-01-03,0.004341534008683201,0.0028943560057885787,0.2783547952621879,6910.0,31204.327359568633,616,4826107,4950502,1187611,1021252,1375292,1258168,1097041,1300099,958263,522913,207900,488230,0,359840,0,0,0,0
230,000715,2018-01-03,0.0010460251046024993,-0.0010460251046024993,0.4463901007649955,2861.0,50146.082080243075,458,4949538,1546956,606537,291263,809111,649814,568642,240828,672318,365051,535024,0,667449,0,436968,0,653489,0
231,000716,2018-01-03,0.005357142857142838,0.0017857142857145014,0.15913151204066917,5026.5,65511.39427958645,1240,14729766,11279476,1571660,829640,3970204,2745839,2787175,2284023,2380736,1898041,429825,1254252,692782,676200,418307,471911,2479077,1119570
232,000717,2018-01-03,-0.006472491909384925,-0.007551240560949357,0.15750523190035234,88949.0,350047.35272705177,3472,349450855,347629316,410464,799605,10019463,15352457,23319607,30027505,45912232,47434507,37071587,40833634,24490676,33498457,23678189,29140340,184548637,150542811
233,000718,2018-01-03,0.0,0.00222717149220486,0.10272167495893483,8920.0,89262.92647403052,1918,36528130,21413389,2163531,1430644,10512184,4339778,3627340,2168551,4869750,4836230,2772656,3518220,1464192,2194559,2715968,1706718,8402509,1218689
234,000719,2018-01-03,0.0032467532467532756,0.0043290043290042934,0.27781102385411194,2778.0,32750.12480040172,1106,7548817,6571887,1482422,955575,2348071,1593676,1791736,1614356,1050990,1476433,438471,243439,0,688408,437127,0,0,0
235,000720,2018-01-03,0.01348314606741563,0.01348314606741563,0.15935697288179346,8910.0,59337.46815136537,780,8860521,10018945,781940,789575,3494843,2774038,1488642,1747917,2109506,1873143,985590,682116,0,0,0,428043,0,1724113
236,000721,2018-01-03,0.003502626970227851,0.0,0.20710536305421254,5710.0,34612.13888472686,760,6502184,6709367,692376,714588,2013517,2886941,1108455,1736248,1223145,1147798,789329,223792,675362,0,0,0,0,0
237,000722,2018-01-03,0.004319654427645814,-0.002159827213822796,0.3355224389816314,9240.0,36524.91618492985,761,10442221,6350652,1033488,731477,3833913,2523421,2169432,1690869,2284810,862635,750465,542250,370113,0,0,0,0,0
238,000723,2018-01-03,-0.008720930232558044,-0.008720930232558044,0.15190934162401942,9562.0,106267.36188887409,2056,49428407,28087618,1078273,2009459,4724463,7621065,13756371,5491451,9618913,5824746,5802837,3821825,4028825,1003334,1752814,498722,8665911,1817016
239,000725,2018-01-03,0.003478260869565153,0.003478260869565153,0.09606581093713702,541304.0,2316904.367677947,3598,2315553025,2188034455,0,15054,577959,725143,6212372,5167373,36178982,24666195,66242026,44712354,79021992,54854604,67905237,59156675,2059414457,1998737057
240,000726,2018-01-03,0.0027347310847765094,0.003646308113035568,0.3021271667943892,6600.0,112850.32273183028,1318,25084393,25372860,1318071,746890,4594341,3844424,2693034,3035685,2530280,3619627,2791787,2252338,2171501,1689167,1782448,2201094,7202931,7983635
241,000727,2018-01-03,0.00401606425702794,0.00401606425702794,0.05490083669292727,7470.0,144605.88810429542,2085,51611529,33066706,2445005,1458713,7991889,6142659,6034039,4707624,7415713,3888789,3115224,3005095,1654764,2808170,4626012,1846335,18328883,9209321
242,000728,2018-01-03,0.008108108108108025,0.008108108108108025,0.21809446867883692,27962.5,299387.28389207984,2592,110082842,141175166,1159735,1219432,14651557,11700401,12728514,12842635,20275779,18127253,13606349,10585921,10290842,11237147,4542427,8295308,32827639,67167069
243,000729,2018-01-03,0.03177004538577921,0.004538577912253983,0.1357430997751511,17685.0,205784.39168413208,2377,102853515,72066158,3647897,1297831,9636198,8692473,13030671,8481801,12086501,11430050,10293234,6574973,12038384,11740035,6224625,9047948,35896005,14801047
244,000731,2018-01-03,-0.004848484848484769,-0.0060606060606061,0.19879188140178472,23896.0,136810.3547295474,1724,70319915,42340086,1475080,1219386,9872395,7693473,8580303,8167075,10610777,9405664,7840149,5306251,2040320,2417275,6941800,4983792,22959091,3147170
245,000732,2018-01-03,0.0776470588235294,0.04470588235294115,0.4039558590549179,66340.0,566561.5762824905,2773,307038990,321268810,1343932,725820,11722941,7868094,12270019,10600599,25496576,24697822,28628071,32717152,15659857,20732259,15117297,23902458,196800297,200024606
246,000733,2018-01-03,0.010759919300605159,0.007397444519166241,0.37656431159975373,22365.0,104820.41795885554,1559,49342009,38585843,1026237,990808,7891282,8500835,8092181,6977745,10464736,8856160,6349033,5783958,3187161,1682608,3077802,1735804,9253577,4057925
247,000735,2018-01-03,-0.002525252525252486,-0.0063131313131312705,0.18319248063961796,20358.0,171983.2122058259,1871,72794858,57816711,1433546,1484830,8850102,7699682,9687213,7957666,12942252,8812496,7793152,7269436,8419606,4595010,3988043,3496811,19680944,16500780
248,000736,2018-01-03,0.012106537530266248,-0.001210653753026647,0.5090079032971112,16460.0,155488.36145546738,1055,29520549,22525030,1049376,889327,5369115,4292807,3836372,2762105,5128980,3042503,3047329,2850926,725310,1040278,1355659,0,9008408,7647084
249,000737,2018-01-03,0.010395010395010562,0.004158004158004269,0.1818208419610595,9680.0,49497.31386412494,700,10003596,9672720,707770,705729,2833357,2608831,1590666,2785698,2554926,2076546,1141358,1170282,712550,325634,462969,0,0,0
250,000738,2018-01-03,0.02012987012987022,0.010389610389610393,0.38304422975401714,12432.0,79025.56633964644,1616,24382975,31489926,1368303,1548487,6264486,7707861,3955127,4838190,6498355,5966427,2112352,2861480,1729386,1045290,1285217,921505,1169749,6600686
251,000739,2018-01-03,-0.0030674846625766694,-0.0015337423312883347,0.3094932647864621,6490.0,44485.502155142065,443,4893519,3941527,387653,759700,1519355,1109320,972195,934139,946916,450066,0,0,639765,688302,427635,0,0,0
252,000750,2018-01-03,0.010121457489878471,0.010121457489878471,0.11287298733374328,16000.0,123088.60207384826,1921,41621405,45552353,2231582,1504859,11403036,7429199,4299167,5753664,7262240,5581532,4119727,5975825,2382863,1469520,900695,2358863,9022095,15478891
253,000751,2018-01-03,-0.007633587786259555,-0.011450381679389388,0.11371021302754249,24534.0,169581.5088771768,2129,73940090,81111479,1395005,1278012,9473573,8627440,11030843,10578412,14258945,17586801,10402558,7374200,4153352,5494811,6130461,6085595,17095353,24086208
254,000752,2018-01-03,-0.01596516690856309,-0.013062409288824406,0.535750892650652,10896.0,64199.12313389226,661,13102976,6302249,712339,662199,2850919,2040948,2596359,1052880,2864738,257073,2330232,449768,663889,753740,408000,414048,676500,671593
255,000753,2018-01-03,0.0078125,0.0078125,0.16354355660234143,9600.0,74347.00429371512,551,8560859,8445931,341318,633854,1799468,2730559,819895,1669370,1255053,1853127,784830,201305,1096732,388000,0,465600,2463563,504116
256,000755,2018-01-03,0.002936857562408246,-0.002936857562408135,0.2799972494381186,7458.0,48491.44000912987,591,9057972,3859092,665194,511105,2988256,1557851,1627731,945615,1989208,382433,947883,462088,0,0,0,0,839700,0
257,000756,2018-01-03,0.0028694404591105283,-0.010043041606886516,0.32979171951739544,16446.0,96433.04103689248,1788,49810265,20993481,719463,1586411,11246313,7054470,5962980,3836560,10249883,4309421,3554936,1677170,3191490,695593,4224519,418608,10660681,1415248
258,000758,2018-01-03,0.0030911901081918103,0.0015455950540959051,0.13515775374717626,19440.0,131578.72314539662,2297,68644904,65808058,1588893,1624602,12689925,9107265,10449380,12125048,11326536,14151933,7743277,4566638,6165215,7044422,4452238,4799692,14229440,12388458
259,000759,2018-01-03,-0.004106776180698213,0.006160164271047375,0.20717408967651446,25376.0,168598.88011112108,2213,75724966,86476763,1548021,1759684,10842194,8993109,12700183,10886148,13789478,13119269,10990722,10207698,8189729,12301618,4841836,4827606,12822803,24381631
260,000761,2018-01-03,-0.001879699248120481,-0.001879699248120481,0.12100616818706002,12074.0,165742.87696147457,1938,62469772,56462665,1545559,1113099,6109793,6288726,8401122,6837900,7959033,10740699,8808664,4234584,4779482,2701796,2664034,2550271,22202085,21995590
261,000762,2018-01-03,0.006935687263556201,0.008827238335435084,0.3058363705867617,35508.0,161714.77243372586,2691,111717081,115824184,1573754,1382326,14094727,11913628,19121671,15296228,24314214,25666060,13609046,16423481,9626477,12701759,5293408,8489002,24083784,23951700
262,000767,2018-01-03,0.006734006734006703,0.0033670033670032407,0.12552277925637603,5241.0,86520.32927297478,560,5137919,9753977,440513,624517,1213129,2169741,400079,1782833,754475,1769491,496366,840424,0,382728,0,448500,1833357,1735743
263,000768,2018-01-03,0.011143695014662613,0.009384164222873803,0.34958499420751205,29307.0,125801.05944378169,2379,50978870,89865039,1331628,1180377,11242029,16179586,10023928,21582945,10938966,19568218,6256196,6604932,3444473,2859623,1315509,3532082,6426141,18357276
264,000777,2018-01-03,0.007766990291262266,0.0012944983818770073,0.416928381425309,15400.0,85793.31840417272,1373,29914272,25147972,1651890,699703,7355850,4977914,5494512,4971500,6013861,5122955,2775406,2397161,2795988,1321336,861338,461700,2965427,5195703
265,000778,2018-01-03,0.059813084112149584,0.05794392523364489,0.09282984889091406,52638.0,332353.11523012054,3337,222764257,322706628,1100638,1373367,13403388,14469965,16725118,21884637,28136595,35733971,22451189,30374505,20093208,30346289,14361250,23222598,106492871,165301296
266,000779,2018-01-03,0.012048192771084265,0.0049610205527994555,0.636907144360366,5646.0,38113.22691633371,490,5334164,4294261,608396,332955,1752096,1532842,1297834,989011,1026314,675981,297860,763472,351664,0,0,0,0,0
267,000780,2018-01-03,-0.0039447731755425375,-0.0039447731755425375,0.1692144195954025,2515.0,60558.63948506063,898,11168496,6085787,798799,327914,2159154,1770110,2067376,1976826,1791389,1601784,655645,409153,1751022,0,0,0,1945111,0
268,000782,2018-01-03,0.011249999999999982,0.010000000000000009,0.4025946887932848,9672.0,52477.72663772463,394,4379714,5434938,409722,297088,1950604,1559473,1445565,1410135,354319,325503,219504,668467,0,0,0,480000,0,694272
269,000783,2018-01-03,0.012642225031605614,0.010113780025284402,0.15650220750884547,24831.0,156411.0355427327,2558,82380347,92683793,1328002,1596323,15275353,16154327,10375549,11214989,13389993,12549436,7238945,9907608,4557241,8241845,5171950,5599836,25043314,27419429
270,000785,2018-01-03,0.005015045135406071,0.0,0.6171646982717818,15404.5,31421.45567126922,260,2899203,3695101,251857,330272,1646864,1439206,881322,981845,119160,724438,0,219340,0,0,0,0,0,0
271,000786,2018-01-03,0.005199999999999871,0.016800000000000148,0.4220817702593046,135706.5,857098.0617347532,3512,562539766,704249980,326889,502475,7523532,11069082,14705267,26827022,37557960,45403091,35329183,42134729,38990403,30116872,32081671,32616910,396024861,515579799
272,000788,2018-01-03,0.014891179839633395,0.013745704467353903,0.3706232521432766,8890.0,56416.43030941701,554,7727719,8258493,615113,707758,2486160,2561576,1279723,1283181,1082246,2672886,246597,243924,1024706,322080,430549,467088,562625,0
273,000789,2018-01-03,0.0,0.0,0.26351171187316885,87664.5,2020302.151913293,2334,917331981,229145502,1534628,85910,10792131,1870857,17206983,5055026,32937050,14145978,24952758,12515508,25238046,13149249,19780200,14593514,784890185,167729460
274,000790,2018-01-03,0.11029411764705888,0.0117647058823529,0.16196234959479838,13860.0,252836.44923220956,1768,38364870,53482183,732081,2238553,5723087,9305162,5074342,7739515,8234875,7332293,4979497,2231240,4693219,2366370,4059785,4397202,4867984,17871848
275,000791,2018-01-03,0.0012437810945276073,0.0,0.20191523443842804,16100.0,112666.53216499703,1586,40249565,30864999,1607454,1265958,9196608,6435062,7884425,5417638,7502188,3914867,3159844,3997786,330870,2815330,3070782,2309708,7497394,4708650
276,000793,2018-01-03,-0.0009990009990009652,-0.0019980019980019303,0.23046925197114634,23000.0,227486.98091688656,1889,138262209,48060917,1429592,929534,11443495,5636498,10669600,5184683,12389624,6543526,7332913,4402587,7082042,2207099,20638301,937000,67276642,22219990
277,000795,2018-01-03,-0.0015948963317383713,0.0,0.14701591766875083,16328.0,74698.48041530146,1821,42572983,30427534,1553365,1394692,9063591,8925391,8584254,7573958,9330867,6985916,3342307,2527842,2250482,1642069,2581258,1377666,5866859,0
278,000796,2018-01-03,-0.004255319148936176,-0.005673758865248235,0.37391904389292346,12586.5,55118.78016041715,1422,24120485,16293209,2198007,1006875,7579344,5788918,5326137,3128632,4180516,2413613,2591370,1402290,712561,614644,851862,422498,680688,1515739
279,000797,2018-01-03,0.00540540540540535,0.003603603603603789,0.32812633127092083,15708.0,72678.4117295053,1144,24409824,21575534,621119,884620,5412538,5456329,4795062,4724576,5810255,4328699,3775449,2982973,1639910,674550,421040,0,1934451,2523787
280,000798,2018-01-03,0.01298701298701288,0.01298701298701288,0.3244018545411957,3400.0,28770.200362534895,681,2909235,5137452,541716,957990,1474600,1556060,892919,952466,0,754618,0,481819,0,0,0,434499,0,0
281,000799,2018-01-03,0.00952380952380949,0.009157509157509125,0.542000894060112,27540.0,119683.79472049871,2537,84541790,79613664,1090903,1441379,12421749,14385860,13550061,15155607,22428156,16464430,9707923,10705495,8359133,6639073,3907864,2133928,13076001,12687892
282,000800,2018-01-03,0.005560704355885182,0.003707136237256714,0.23239249094487596,26304.0,153501.99603229234,2157,75848205,82857054,1259874,1053025,10498780,9714229,12233174,11258191,17661575,15718084,9283122,10823390,6361572,6463271,4547407,3576323,14002701,24250541
283,000801,2018-01-03,0.0,0.003389830508474523,0.190960926896048,11700.0,68865.66490543066,955,17990640,12066826,925451,795117,4072054,3171512,4070911,3151155,3072156,3067442,1668908,496780,1325095,953675,458052,431145,2398013,0
284,000802,2018-01-03,-0.00695894224077942,-0.0076548364648573175,0.3767595988504979,15675.0,123699.47894636444,1455,42043315,26678716,1073637,1254809,7387372,7320680,7094710,5172151,7242619,4618073,4692151,2733778,1339512,672716,2760739,2138341,10452575,2768168
285,000803,2018-01-03,-0.0051502145922747156,-0.007296137339055875,2.0383951817936983,6903.0,22127.29860569433,130,665442,1009181,175053,78600,339313,607433,151076,119956,0,0,0,203192,0,0,0,0,0,0
286,000807,2018-01-03,0.03831417624521083,0.01724137931034475,0.17562007980119623,110562.0,502218.66344642633,3540,453308780,434530428,376911,496369,10303850,13604920,22240672,23754918,46572363,55074793,35603124,44880316,39187404,33576762,34020646,33541329,265003810,229601021
287,000809,2018-01-03,0.007772020725388629,0.002590673575129543,0.2010272660379432,10395.0,55911.73203134693,368,6220914,4825483,400556,208159,1656114,1327738,1344729,856383,1183692,1611346,558617,511870,1077206,309987,0,0,0,0
288,000810,2018-01-03,0.012784090909090828,0.01846590909090917,0.21111784737665681,8400.0,55632.566915934636,1112,12366304,17570336,1208017,1060223,3778546,4373904,2738496,2189299,2400258,3554738,1480667,2247955,348500,3149186,411820,439671,0,555360
289,000811,2018-01-03,0.01251564455569465,0.007509386733416834,0.2587288975001206,16239.0,133917.35240187496,954,32273752,24613571,761713,825762,3619891,3665154,4564374,2709010,13511862,3177970,2851170,1919069,2567572,2086788,468523,1759217,3928647,8470601
290,000813,2018-01-03,-0.0043290043290044045,-0.011904761904761862,0.22430187973486793,17210.0,116436.47209750349,1700,44276191,24311432,1228049,1057877,10108704,6954638,6507464,5485729,6503500,5117818,2507446,2762351,3062363,1010900,2216577,444511,12142088,1477608
291,000815,2018-01-03,0.015211640211640232,0.011904761904762085,0.5405063603160357,10675.0,42075.778879802805,782,9910811,9027674,442919,1098730,3871759,2901057,2476741,1900900,1553231,2533379,738503,230728,309666,362880,0,0,517992,0
292,000816,2018-01-03,0.015479876160990669,0.01238390092879249,0.08160341907380564,9309.0,93007.92550175724,1575,21225928,32343339,1479109,1355190,5481682,6588069,3943455,4590338,3573779,5040771,1473783,2269213,2424864,3296983,413328,1413541,2435928,7789234
293,000818,2018-01-03,-0.0166163141993958,-0.00981873111782483,0.31082154059544564,26220.0,139515.10360125892,1815,65715361,49734579,1234363,998274,9235454,7969746,9922202,9381912,13733972,10623553,7777529,7017771,6793167,3620258,3118110,2562681,13900564,7560384
294,000819,2018-01-03,0.02231075697211149,0.01673306772908356,0.5248945442272718,12760.0,55114.50922272989,571,8202485,7044225,573673,321464,2927125,2606072,1900520,1643080,1011870,1512823,493860,454830,0,0,440972,0,854465,505956
295,000821,2018-01-03,0.011244979919678766,0.010441767068273267,0.404484218726471,12610.0,51847.2247541606,947,11778841,18079270,719464,756446,4649757,4347867,3580812,4034072,1669932,4609988,654876,1694965,0,2207720,0,428212,504000,0
296,000822,2018-01-03,-0.0010582010582009804,-0.0031746031746030523,0.17406577994131817,27709.5,155936.99233966193,2952,105650670,106780253,1719998,1837765,12657981,16341519,14617311,14949578,22999189,22677134,12029318,13108420,10098123,9845502,4909467,6180352,26619283,21839983
297,000823,2018-01-03,0.0314327485380117,0.03289473684210531,0.3173558555001597,27360.0,197031.8027855748,1859,75147013,91043022,1314899,969269,9482020,7563658,9246504,8581874,13165706,13019842,10420437,9688458,8694524,5455406,2643808,6084949,20179115,39679566
298,000825,2018-01-03,0.0,0.0,0.09547263070469256,22528.0,207694.12499392653,2844,102697086,131752807,1553028,1833894,9534549,13881970,9277600,15608291,14424753,21714550,9987519,15722575,7425431,8900085,4827750,7475249,45666456,46616193
299,000826,2018-01-03,0.02238354506957041,0.020266182698124524,0.6387119076763266,47446.0,273074.9199235834,2679,153930196,174107398,932805,898461,11243820,12127112,14848131,15324723,42881035,27137808,15738626,17964084,11791685,12539640,8467828,10527368,48026266,77588202
300,000828,2018-01-03,-0.0017699115044248481,0.0,0.45914570716840436,6762.0,81215.46156609754,605,11683550,10215511,638083,296908,2166055,1702527,1548676,1260330,2320102,1915085,2482478,1176317,1070940,1688786,919778,861832,537438,1313726
301,000829,2018-01-03,0.010537407797681642,0.011591148577449806,0.3042316871339337,7712.0,91140.77986361223,973,13284161,14499623,1609495,847029,3621722,2936000,2167506,2317012,2663259,2212449,1050579,213087,378180,325650,442560,1391636,1350860,4256760
302,000830,2018-01-03,0.0011675423234092097,-0.017513134851138368,0.2911928764241124,85272.0,566879.0885997681,3465,395713285,412967857,633570,907480,12333339,13841828,20629463,21389895,37560200,40681925,37450190,39502492,35631945,29914191,22452657,25663979,229021921,241066067
303,000831,2018-01-03,0.001612903225806317,0.0008064516129031585,0.25896208635905654,23978.0,115679.07377548056,2294,74431339,64022884,1294521,1680901,11244340,11284584,11517624,11493027,18796805,14383068,9994655,8952882,5345994,3151063,2600099,3697638,13637301,9379721
304,000833,2018-01-03,0.008746355685131046,0.004373177842565523,0.27316239562109623,9982.0,41213.58169392479,630,7969333,7297853,710555,564089,2430472,2385560,2220918,1947905,1652158,1267361,206400,1132938,336630,0,412200,0,0,0
305,000835,2018-01-03,0.00363196125907983,0.00363196125907983,0.3206527179383117,16620.0,70677.53520689075,663,13294356,12044279,525824,674251,3098249,2767255,3451410,2392667,4678893,2571838,461580,931292,333200,354058,0,931860,745200,1421058
306,000836,2018-01-03,0.01918465227817756,0.01918465227817756,0.12851347917411718,10733.5,81512.08816676371,1054,11799807,24945806,840757,1110957,4183244,5245540,2166120,4220432,2850997,3767338,1390849,1839306,367840,2014747,0,1386880,0,5360606
307,000837,2018-01-03,0.012924071082390798,0.009693053311793154,0.21744610426709382,10591.0,54859.309456036484,810,9897833,13409546,732767,852956,2962459,3539016,1794420,2942650,2669960,2280672,695966,1211142,1042261,1589123,0,475237,0,518750
308,000838,2018-01-03,0.010152284263959421,0.008460236886632888,0.1608653210063998,11860.0,73337.24437674064,1351,24357110,18705288,1342103,1009038,7396440,4988480,4389060,3902961,3806257,2874641,1817531,1047189,1372549,2783228,895647,900988,3337523,1198763
309,000839,2018-01-03,-0.0020790020790020236,0.0031185031185032575,0.16394076052562162,104784.0,398181.6757441298,3449,429568530,416013587,889287,561884,13231310,10427801,22623524,18425818,41751233,41041539,39370535,41659507,37913716,33764923,26545249,37157049,247243676,232975066
310,000848,2018-01-03,-0.010582010582010581,-0.00952380952380949,0.2533236850698337,7504.0,114228.90006632188,1392,28520525,19570339,1973896,1604949,3643423,4876757,3282385,3541286,1946240,5254939,3151952,1718196,2801970,994563,1811935,0,9908724,1579649
311,000850,2018-01-03,0.006507592190889255,0.006507592190889255,0.24507736901591337,9260.0,60994.72719031055,353,4891527,5365164,479656,262550,1441958,1675711,854363,1102093,633419,676931,458312,948286,1023819,0,0,0,0,699593
312,000851,2018-01-03,0.01734104046242768,0.01734104046242768,0.3165463619049224,15659.0,70094.51082986356,746,13416065,14852133,671712,810372,3178235,3963894,1846156,3176999,3189141,2717336,1793952,1895622,1315315,1020574,890506,458120,531048,809216
313,000852,2018-01-03,0.04343434343434338,0.045454545454545414,0.20694420079084852,23851.0,121399.39511243605,2291,67485787,81220381,1215049,1375641,10460833,11553557,9743662,13366554,13387830,17131335,8284384,14765302,6322985,7706361,3976117,3577189,14094927,11744442
314,000856,2018-01-03,0.030941704035874373,0.030941704035874373,0.5256264743639023,64419.0,1696162.7433406492,1806,369661700,222683665,1520311,0,10689593,815806,11303427,2628174,19296161,9481180,19279973,11990220,18731834,12534285,15960723,10914957,272879678,174319043
315,000858,2018-01-03,0.00496894409937898,0.009565217391304337,1.345557409801372,276641.0,788732.5657195509,3580,777181182,905683652,129067,80842,3448987,3173825,13695235,10434607,48336154,47918087,60674494,58595332,57250351,58786806,55314024,57380826,538332870,669313327
316,000859,2018-01-03,0.007025761124121788,0.007025761124121788,0.199591160250972,8580.0,48381.837380017794,457,5388208,6613942,399014,600222,1354422,2158409,1492490,1031006,1001004,1815993,471300,256800,669978,343200,0,408312,0,0
317,000860,2018-01-03,-0.0015633142261595179,-0.0031266284523190357,0.5063386896500915,17149.5,85295.7920812309,1436,30261131,28051216,1361253,1301769,8443349,4544131,3852374,5544804,5231020,9069631,2871524,3228151,2674868,618681,3113917,886764,2712826,2857285
318,000861,2018-01-03,0.0032894736842103978,0.0,0.1269125439744339,3035.0,45587.175414109726,574,4877496,3960396,488578,567399,906548,1319730,964216,951616,659761,296598,486012,485009,0,340044,837341,0,535040,0
319,000862,2018-01-03,0.03469387755102038,0.04285714285714293,0.14479456271041,9780.0,61844.970115943164,1148,15260446,18120102,762035,1068264,4285958,4566884,3078421,3274520,3036349,3140787,2172894,3199464,1001445,1274407,408000,0,515344,1595776
320,000863,2018-01-03,0.005639097744360777,0.001879699248120259,0.2581259468316432,8544.0,58103.688476205076,424,8005205,4370485,372667,479902,1725548,1109281,1428756,873323,1557217,1287866,1684031,272363,318600,347750,918386,0,0,0
321,000868,2018-01-03,0.06365740740740722,0.06018518518518512,0.14591131772385962,100921.5,548600.7807932287,3522,399191979,502126050,639086,675803,12346967,10567318,23805879,21511232,48861911,40431055,45176729,35018994,33211455,28946941,26952504,22697100,208197448,342277607
322,000869,2018-01-03,-0.004166666666666541,-0.004687499999999956,0.9881090388488044,26516.0,125286.55015650897,1510,45601563,32794651,837080,1026171,9090428,9266089,7605514,8960356,9449517,4930751,4698413,1747460,4783650,3231975,1855185,1706087,7281776,1925762
323,000875,2018-01-03,0.010204081632652962,0.005102040816326481,0.1487059958968436,6320.0,60640.39001504367,695,6711304,9952862,521908,935881,1561827,2885023,1029960,1377144,537185,2706304,994340,410568,0,1136180,1417634,0,648450,501762
324,000876,2018-01-03,0.009283819628647327,0.006631299734747964,0.14636040954108256,19734.0,138708.62863210568,2660,50261977,76912110,1166864,2027734,11541059,17264570,7759288,18479931,6331279,11809161,3687981,3117286,3511024,4641789,2677574,3520740,13586908,16050899
325,000877,2018-01-03,0.0027649769585254003,0.004608294930875667,0.19472422800625794,50094.0,217065.515397259,3109,190222627,172543126,1321681,928551,16841049,10744363,22632778,17462790,36105159,30370606,24495554,25502683,18590223,16557145,9819707,13921391,60416476,57055597
326,000878,2018-01-03,0.002826855123674754,0.0035335689045936647,0.2624452563413958,32821.0,243939.32413582713,2909,145953805,148729099,1610299,2683514,13876712,13185403,17006753,15836205,23956081,24275089,15319850,16975911,9494499,13518752,10850890,8873203,53838721,53381022
327,000880,2018-01-03,0.009761388286334105,0.005422993492407713,0.43323689835778817,9280.0,39664.11946327592,452,3911619,6233116,529575,438352,1971427,1986967,1109197,1464074,301420,897480,0,707117,0,333490,0,405636,0,0
328,000881,2018-01-03,0.014581734458940954,0.013814274750575617,0.35944517565347067,14558.5,70494.92057665963,1314,28130903,22786915,1020100,979139,6806000,5874044,6295010,4839361,6613579,5942241,2728654,2213060,920962,1017964,400754,0,3345844,1921106
329,000882,2018-01-03,0.006535947712418277,0.0032679738562091387,0.11168062657175566,6140.0,71213.67647190165,752,10312084,8615768,617969,964820,2312558,1987864,1634390,2147917,1484472,1579800,480148,1486533,1311197,0,0,448834,2471350,0
330,000883,2018-01-03,0.0021141649048626032,0.0021141649048626032,0.13131616934468104,6162.0,233975.39250215373,1300,26086851,31364521,1399525,1729714,3015600,3751618,2139385,1865554,2094175,3723151,2828228,2897509,1345572,2068834,2317897,1215206,10946469,14112935
331,000885,2018-01-03,-0.028719126938541062,-0.02010338885697882,0.30867591868098243,56991.0,463677.0042635427,3185,231371798,242048722,949984,971062,12829811,14446014,19715064,20434350,35982252,38545583,28318290,27831138,21783506,15617051,13350868,9785371,98442023,114418153
332,000886,2018-01-03,0.004087193460490468,-0.0013623978201634523,0.23232091908768182,14740.0,97474.19215599,998,28676611,22643165,829513,734855,4514967,3354089,5824006,4035033,6001320,3794963,4539353,3453176,2407782,3436871,1359578,1738902,3200092,2095276
333,000887,2018-01-03,0.03088803088803105,0.025372311086596877,0.4125337204184891,21864.0,167375.44148456887,1932,59632440,90075711,1718501,1007583,10201460,8874729,8670895,8232406,10055600,14670807,6426969,7488591,4090099,11219669,4102892,2670528,14366024,35911398
334,000888,2018-01-03,0.01800180018001818,0.014401440144014455,0.23691718559344657,11270.0,83211.55240409532,2203,43695159,37242905,3347332,1962151,12505972,10333454,7282581,5435156,4583000,6195617,3965738,4522311,3392106,2015113,455840,1386114,8162590,5392989
335,000889,2018-01-03,0.012003000750187454,0.009752438109527528,0.6499528170560482,13465.0,84854.0763917198,420,6596510,6737145,289342,353297,1729660,2360725,1029100,931813,772030,1383575,472818,945061,333560,307050,0,455624,1970000,0
336,000890,2018-01-03,-0.0014705882352941124,-0.00588235294117645,0.22482113659981418,2040.0,45026.961462829946,915,7870352,6098121,308325,1298765,1488614,1504094,1498290,1602763,1327511,894058,1469381,488586,655235,309855,472500,0,650496,0
337,000892,2018-01-03,-0.016455696202531733,-0.012658227848101333,0.3548899129609009,5467.0,73711.40235549549,495,8356472,3635642,563613,267370,2670530,1330546,894363,438473,1008188,659053,0,235500,1031878,0,0,0,2187900,704700
338,000893,2018-01-03,-0.0032188841201717944,-0.010729613733905574,0.2958218073792936,14704.0,145335.9306824595,994,24071128,18839688,644007,892042,5803232,3581086,4748488,2385411,2957384,2559389,1621752,1556790,333060,377199,807474,458916,7155731,7028855
339,000895,2018-01-03,-0.0007254261878854029,-0.008342401160681967,0.4759615322259455,49518.0,180631.6415072023,3363,182699334,147866948,568916,1150262,18942486,16355255,24133255,21289074,44535690,35075245,26534057,19563303,20609116,11974854,5509541,4755220,41866273,37703735
340,000897,2018-01-03,0.05555555555555558,0.0584795321637428,0.07254866136909206,7240.0,72834.59491686024,2239,28717674,41931876,1799839,2266093,5768880,9024163,4295226,8282867,7961455,8336111,2688376,5993494,2432781,2354138,0,1770364,3771117,3904646
341,000898,2018-01-03,-0.007587253414264028,-0.007587253414264028,0.13149385121639304,24123.5,211675.40114954225,2518,115181220,106131499,1955106,1503632,13185627,10288762,9775303,8101303,12708546,21096036,10411132,9801919,7009880,8000099,6186511,8425268,53949115,38914480
342,000899,2018-01-03,0.0,-0.005008347245409106,0.24635514158750899,11860.0,178302.10851246314,591,30062156,7824889,331260,544249,1736639,3099474,960225,1507821,2053351,1129703,1075962,556069,1626825,987573,2284584,0,19993310,0
343,000901,2018-01-03,0.00634249471458781,0.005496828752642902,0.6017774573578777,23660.0,104945.7668527049,1544,41651322,44152829,1078225,1172349,7756999,8731619,7352053,7623760,8016572,8977559,5235118,6657989,2477480,3074285,3688529,1430849,6046346,6484419
344,000902,2018-01-03,0.019607843137255054,0.01764705882352957,0.2519577726804744,11539.0,185907.7870503327,1641,37809704,52215662,1540305,872151,6488293,4109613,6822545,9139444,6690123,4717423,4066771,4503361,2272967,3668099,3250471,2651374,6678229,22554197
345,000903,2018-01-03,0.005698005698005604,0.002849002849002913,0.12462131537022597,6833.5,80427.78861189024,794,9581896,9458170,612618,850300,2463949,2939582,1637397,1358348,1558241,1066984,967424,546007,378000,0,408915,0,1555352,2696949
346,000905,2018-01-03,0.020676691729323293,0.015977443609022535,0.30570194361703734,14896.0,61183.894638968064,1211,19302153,24342314,1024024,839572,5958094,5199283,4725427,5665984,4108396,6138430,2053870,3575579,1003078,1351246,429264,0,0,1572220
347,000906,2018-01-03,0.006720430107526765,0.004032258064516014,0.3048501959560414,10472.0,48097.75655445569,595,8322306,7679488,636515,402058,2488237,2350270,2121967,1942263,1361695,1564090,651283,680982,1062609,301600,0,438225,0,0
348,000908,2018-01-03,0.014634146341463428,0.009756097560975618,0.3056556186222871,6205.0,34983.477786207324,404,4026376,3846323,441027,320083,1645432,1273782,916103,1228142,610652,1024316,0,0,0,0,413162,0,0,0
349,000909,2018-01-03,0.04421448730009403,0.008466603951081897,0.48833116070926247,10650.0,40296.80542542074,473,4780467,6228665,342716,500614,1929528,2425420,1439389,928758,834266,1381027,234568,506906,0,0,0,485940,0,0
350,000910,2018-01-03,-0.000843170320404707,0.00885328836424959,0.5030494599909014,33348.0,177482.276926539,2243,134844001,79952645,1680620,983729,13433090,6961006,12926443,5957416,21222427,7068917,27129116,12152094,10907849,3772084,13206050,16748460,34338406,26308939
351,000911,2018-01-03,0.009635974304068595,0.004282655246252709,0.2978288577054987,9390.0,44370.11536164317,983,11716087,11210403,977228,1243434,3983020,4510866,2668530,2157777,2883263,2079529,200090,204765,371988,386780,0,0,631968,627252
352,000912,2018-01-03,0.04006968641114983,0.04006968641114983,0.20188220138658208,10944.0,165511.1070474718,808,23536935,13811724,1284858,87137,4483879,1342866,3774812,1532990,3825194,2298331,1728305,1018379,1586660,1959504,0,910573,6853227,4661944
353,000913,2018-01-03,0.011038635223281412,0.008028098344204704,0.7147483432311548,16072.0,109962.02634627413,777,17533907,14488162,663268,495486,4267403,3308619,2373875,2204714,2551086,2292356,1956937,1412555,339183,624017,439706,0,4942449,4150415
354,000915,2018-01-03,0.007419354838709591,0.004838709677419395,0.7479601683435104,12468.0,85093.56158333592,1718,41857351,27525518,2831947,1425145,7209841,7013752,6688490,5294875,10398005,6703371,2037372,2321426,5031783,2420029,855766,935842,6804147,1411078
355,000917,2018-01-03,0.004439511653718142,0.008879023307436285,0.21779673592426121,18120.0,156053.21160079315,1712,51769161,56074083,1428148,1157465,8955275,6490640,8776141,6740452,9243265,9165897,5451056,4728092,5409122,3991412,3508773,3953219,8997381,19846906
356,000918,2018-01-03,-0.0014245014245013454,-0.0014245014245013454,0.23191827163683665,11908.5,229677.98497889462,916,28860149,17108125,878182,761407,3528757,3278767,4160448,3579065,3870062,3308419,2891817,629400,745898,1401837,418800,421200,12366185,3728030
357,000919,2018-01-03,0.013498312710910954,0.003374578177727683,0.34323927553139977,8930.0,63052.554095241234,670,11173563,9092599,865846,601775,2592520,2156092,1895871,2500002,2380213,1374758,1977664,714618,316122,311818,0,860230,1145327,573306
358,000920,2018-01-03,0.02564102564102555,0.02564102564102555,0.2995409949284922,9940.0,65805.895280498,1059,10983766,17901274,915002,1212170,4034094,4290047,2236658,4573035,2067714,1869893,712980,2214231,377244,682362,0,463536,640074,2596000
359,000921,2018-01-03,-0.0013966480446927498,-0.006284916201117263,0.31556191403615125,14330.0,124927.75242430273,2060,47326793,47856936,1830055,1429991,9923175,8934109,7919246,7014582,9421920,8813951,4266790,4873592,4114039,2484574,1232904,2116698,8618664,12189439
360,000922,2018-01-03,-0.0011778563015312216,-0.005889281507656108,0.3435924568499612,8460.0,60078.16350444547,610,11080861,4342703,756417,498507,2698202,2075345,2135386,956922,2226092,388929,1019603,0,303840,0,0,423000,1941321,0
361,000923,2018-01-03,0.07223855522889555,0.07223855522889555,0.4598467559726492,53789.5,323743.165141874,2684,138277891,193764959,836957,833063,10526063,11379783,16522636,19919379,27044482,30278243,21566945,23259272,10938215,18200202,7598646,15602866,43243947,74292151
362,000925,2018-01-03,-0.016239850093691555,-0.018113678950655854,0.5326345812418581,11158.0,47166.68374804842,903,13125182,11106999,1422105,758777,4293500,3657332,2584927,1943723,3507105,2666772,863945,740507,0,356088,453600,983800,0,0
363,000927,2018-01-03,0.002192982456140413,-0.002192982456140302,0.1312382220296123,10419.0,59890.68906829303,1209,21640607,17547303,1416325,922532,5654696,5005562,4493216,3336215,3397111,3802847,3788334,2179565,2001971,776411,888954,879251,0,644920
364,000928,2018-01-03,0.010526315789473495,0.006015037593984918,0.15254502586027305,20100.0,156666.16166867496,1903,60877906,61457040,1537245,1107052,9786488,8096016,9422503,9248160,9944014,10958580,7474118,5149674,6266688,5893775,5947519,4116909,10499331,16886874
365,000929,2018-01-03,-0.0008417508417509767,0.002525252525252375,0.721893951036584,11830.0,65516.931899825184,270,3449067,5234580,267619,258208,916009,1396271,660437,941593,783207,961514,230295,451737,0,729092,0,496165,591500,0
366,000931,2018-01-03,0.02318840579710124,0.014492753623188248,0.1961726268913327,13328.5,100245.46717298141,1238,19952148,28698885,1039506,1251821,4826377,6396361,3472866,4288855,3211717,4670506,2987440,3013435,767486,702576,950666,422031,2696090,7953300
367,000932,2018-01-03,-0.006984866123399325,-0.0011641443538998875,0.1540130175613443,57552.0,451610.1570434381,3118,262305539,316280072,1193531,1635802,10599818,12579936,16391057,17223997,33564626,30656068,20573944,24478132,19682866,22028208,27974730,32604159,132324967,175073770
368,000933,2018-01-03,0.016346153846153788,0.01057692307692304,0.1747708299788905,122720.0,465462.88347241905,3547,493899943,429808811,516001,401265,10090367,10658328,24326887,18598283,55642032,47440851,42490857,44384982,42095962,40141870,37574263,30859940,281163574,237323292
369,000935,2018-01-03,0.012152777777777679,0.0063657407407407,0.32537875454659815,35080.0,141255.30948838222,2823,118473727,107628689,1455625,1083803,15259593,12837816,18418885,17663522,25224065,24017626,13386879,13859046,11460003,12115552,7689466,7275923,25579211,18775401
370,000936,2018-01-03,0.0,-0.004418262150220897,0.1885753239644611,14154.0,75684.71432889893,1297,32289907,19019150,947795,1178620,5555683,5647789,5668308,4858961,7481257,4440415,3461512,1453991,3121035,1032882,1352910,406492,4701407,0
371,000937,2018-01-03,0.023333333333333206,0.016666666666666607,0.11284033737339595,30650.0,233109.8610355533,2838,141728039,158700865,1751637,1450470,11786869,11719680,15964239,14044763,23776730,22917698,14664085,14368469,15089315,12799054,9286887,7919614,49408277,73481117
372,000938,2018-01-03,0.0029085872576175564,0.0029085872576175564,1.329882180169671,58008.0,225187.73335843429,2948,193333024,180314335,1016709,1693044,11369428,10991481,19622617,19474378,34445413,28282315,20770929,21052676,18381728,17228817,16154546,12807085,71571654,68784539
373,000948,2018-01-03,-0.012206572769953072,-0.015023474178403773,0.42966216862405787,13624.0,74500.22703641077,614,11391320,11156662,421804,486205,2814707,2415013,2496461,2162826,1740556,3121643,1644189,1609710,639880,316500,920843,0,712880,1044765
374,000949,2018-01-03,0.0022123893805310324,0.0,0.14201234659123033,8172.0,60945.097783035795,1014,15538996,7420551,1484391,623739,5176120,2945603,2888239,1845440,2356894,1286973,1291543,718796,0,0,810886,0,1530923,0
375,000951,2018-01-03,-0.006176305446378372,-0.006176305446378372,0.41824401469644473,14256.0,181000.637572729,1814,55732910,32055398,2019142,1356525,8709968,6764856,7864542,5346525,9436367,5371940,5190928,3143090,3538154,1064490,2239491,2265086,16734318,6742886
376,000952,2018-01-03,-0.011463250168577188,-0.008766014834794333,0.5493657345252785,14705.0,64089.092461710985,728,14173515,9453112,489211,673018,3685339,3370592,2472541,1552236,3816113,2070640,1394799,1146142,0,0,487376,0,1828136,640484
377,000953,2018-01-03,0.0024330900243307862,-0.0024330900243311193,0.2818837768794438,11438.0,42980.00472057252,850,11793764,10076092,780556,893941,3982059,3781804,2266102,2942862,2219879,1715896,1461122,741589,635796,0,448250,0,0,0
378,000955,2018-01-03,0.008915304606240682,0.007429420505200568,0.28214098593014797,10912.0,57381.60356245865,569,7489355,9587455,271970,571940,2668033,2003115,2465265,1462835,1666335,1910334,417752,1752026,0,0,0,1292205,0,595000
379,000957,2018-01-03,0.027482269503546153,0.02127659574468077,0.226650877870892,28300.0,162893.46239961023,2481,103369272,94637380,1387625,1126300,13501108,11732843,13146814,11456861,19514190,15485798,11593158,10106999,7442332,9880502,7732012,7622346,29052033,27225731
380,000958,2018-01-03,0.0885826771653544,0.0885826771653544,0.1329717092634364,18999.5,256641.2132710542,1460,60381878,38093706,1645888,266792,8588375,3975738,7030943,5176349,8831736,10485902,7407718,4998865,5190953,3125102,4034657,4156201,17651608,5908757
381,000959,2018-01-03,0.03262642740619914,0.03588907014681886,0.1201393516419383,12170.0,79400.23279231373,2614,39726106,51396674,1301905,2569160,10459202,12605387,6625226,9548351,8057031,10461654,4321889,4972201,3234460,3373231,917249,1287148,4809144,6579542
382,000960,2018-01-03,0.0015209125475283969,0.0038022813688212143,0.2756999756170405,27741.0,213006.47446479736,2276,119696041,88736211,1550877,1199809,12734231,9178949,10852656,10371296,16958115,16043105,11858270,11968464,11198573,8937814,9396403,4025302,45146916,27011472
383,000961,2018-01-03,-0.009049773755656076,-0.009049773755656076,0.12666606587649312,19845.0,176368.83706787028,2750,112810607,78675521,1610960,2995581,12651883,11475695,15731123,10701776,19880556,15246788,10164627,8532950,7151057,5398360,8489944,3649345,37130457,20675026
384,000962,2018-01-03,0.006993006993007089,0.0034965034965033226,0.28482642677348835,12945.0,48068.15502401422,907,13221841,12916664,872860,942003,4091551,4296372,3927538,2961119,3037500,2548404,228290,1477266,383195,691500,0,0,680907,0
385,000963,2018-01-03,0.03761467889908254,0.027706422018348498,0.9771097579593628,44244.0,252919.6869540046,3118,138710715,218654669,692910,791300,14500104,16820083,14144848,23013605,20803297,32818891,14464432,26111230,14788276,15555298,5779465,12356618,53537383,91187644
386,000966,2018-01-03,0.010282776349614497,0.005141388174807249,0.15295376552014187,3910.0,74384.29982308067,647,6396971,10501045,394859,956089,1426483,2100034,577809,1894860,1653078,1906893,481712,229712,1056120,1467450,0,406640,806910,1539367
387,000967,2018-01-03,0.018027571580063517,0.018027571580063517,0.23465392558034823,19220.0,142235.22750954522,1617,48213144,40893071,1517448,1126599,9628847,6582487,7592927,5011911,10516271,9126750,5727561,4695043,1029767,3787885,2290299,2714159,9910024,7848237
388,000968,2018-01-03,-0.005331753554502328,0.0023696682464455776,0.37422260002803875,27000.0,139697.14513866158,2038,75123257,63565187,1294962,809395,13118882,7125507,12771481,10399599,13239456,13065195,7730718,11325175,8491875,8163986,3615497,852256,14860386,11824074
389,000969,2018-01-03,0.005549389567147678,0.004439511653718142,0.24542541861934908,10032.0,76487.96296271689,1348,28943776,23281479,1484054,1249985,4689762,4577196,6112684,5189881,6757104,5820074,2810605,1698515,1790723,1746319,3168937,2303658,2129907,695851
390,000970,2018-01-03,-0.0027700831024930483,0.0027700831024930483,0.27474138767601103,43485.0,184315.3104737785,2764,150081046,131555218,1292196,1008418,13486419,12286559,16837302,14724524,34817190,30564536,19376365,17047719,14670275,11461622,8870245,6835583,40731054,37626257
391,000972,2018-01-03,0.014319809069212264,0.007159904534606021,0.22092231602664683,8820.0,63497.51607708938,359,5410360,5504216,333003,313193,1400702,1410276,1479819,1114226,1526983,993106,290953,211500,378900,300330,0,418912,0,742673
392,000973,2018-01-03,0.021381578947368363,0.024671052631578982,0.14985662339263425,12230.0,83589.41927365598,1648,22624572,36611321,1493288,1454944,6130690,7823234,4496261,6413367,5595253,5624670,1131741,2841395,1258656,4439383,1294035,844253,1224648,7170075
393,000975,2018-01-03,0.017777777777777892,0.015555555555555545,0.3142195260223994,17953.0,130995.93841937296,1847,38323627,59005132,1369354,1220731,9674584,9164531,3808406,6266625,6604755,11003568,4415827,5896889,2999875,3322156,3427515,3487805,6023311,18642827
394,000976,2018-01-03,0.015531660692951199,0.01433691756272415,0.22541089019237104,8540.0,69946.50000587535,1381,25860250,20876308,2655606,957735,4947311,5157436,5458332,3794352,4706390,4136108,2228003,3787660,1058829,1735783,1394564,1307234,3411215,0
395,000977,2018-01-03,0.0014888337468983437,0.001985111662531125,0.3551738726235014,80360.0,303611.5044462855,3220,274409420,276381551,483880,557395,12214993,12641089,19248380,20466296,40009064,42494098,35414455,38888710,31499622,22831523,29748577,25068354,105790449,113434086
396,000978,2018-01-03,0.00959232613908867,0.004796163069544557,0.32325040783137804,5866.0,34056.005583506674,665,6896253,5025974,773610,724852,2232374,2067839,1847891,1339152,1178848,571443,519524,0,344006,322688,0,0,0,0
397,000980,2018-01-03,0.008305647840531671,0.00913621262458486,0.23753882090165412,24300.0,118599.3053029138,2571,78474584,83492379,1118811,1643152,15548148,12496117,11561136,12612741,16767101,16933058,10150475,9228583,7131597,7040272,5190657,6054900,11006659,17483556
