,code,date,pchange_whole,pchange,change_std,amount_median,amount_std,length,sumsell,sumbuy,sell_vol_0,buy_vol_0,sell_vol_1,buy_vol_1,sell_vol_2,buy_vol_2,sell_vol_3,buy_vol_3,sell_vol_4,buy_vol_4,sell_vol_5,buy_vol_5,sell_vol_6,buy_vol_6,sell_vol_7,buy_vol_7
0,000001,2017-09-07,-0.01802575107296145,-0.006866952789699621,0.2110530046729862,33669.0,407300.31627735234,3051,228533974,177086026,1393712,929991,14048699,14450623,17083842,13299378,24373778,21302317,20139060,17315005,17267132,12175742,9068572,12368689,125159179,85244281
1,000002,2017-09-07,0.083889816360601,0.0763772954924875,0.4013532623838171,266549.0,2414706.4827113845,3568,1083559242,1580429983,142294,228915,6456142,4892292,16989411,13268265,47979411,38311138,53621855,40092276,50705026,32814828,42738352,29839208,864926751,1420983061
2,000004,2017-09-07,0.032489451476793274,0.03080168776371317,0.6064680318724299,19724.0,93567.37343696361,1528,34255446,37835955,1198051,1205293,7801626,8124539,5520835,7669890,6110977,7514087,3446294,3842155,3098993,3141473,2313437,1762598,4765233,4575920
3,000005,2017-09-07,0.0,0.006122448979591688,0.14493866094093516,9840.0,72551.66134017963,1144,13277473,20602681,1001782,1533815,3403583,6332444,1582284,4247387,2520953,2698643,2050750,684392,393600,973468,493000,1318436,1831521,2814096
4,000006,2017-09-07,0.03662597114317423,0.05771365149833518,0.15807796971579044,63047.0,352363.6735596372,3257,285502265,317637168,1075857,806183,16616946,9805575,23674323,15332539,38372880,28044653,30122398,24668183,24043789,19837598,20271339,28072117,131324733,191070320
5,000007,2017-09-07,-0.01679586563307489,-0.009689922480620172,0.6549463535129286,17661.5,116865.36601406576,558,19977720,10614314,253912,546161,2954661,2686894,2557894,2649813,2597473,1690313,1763004,0,1769696,309800,2390755,1328997,5690325,1402336
6,000008,2017-09-07,0.009815950920245342,0.008588957055214674,0.218597293765438,8180.0,55618.37349634406,1391,11082915,16885913,1193468,1843624,3507827,5238616,3253915,1047216,1482321,2655176,894870,1253988,750514,624810,0,908548,0,3313935
7,000009,2017-09-07,-0.0033333333333332993,-0.0022222222222221255,0.1654468791902005,47726.5,364937.4277394875,2964,217214070,191874294,1854429,1303848,13319341,10861283,19438659,17253253,31017920,31892975,22716658,25175154,17249704,14198345,11583314,17529790,100034045,73659646
8,000010,2017-09-07,-0.007766990291262155,-0.003883495145631133,0.20317843524392581,11822.0,42982.103702419015,642,7825718,7535610,489370,333889,2191122,3850564,1613417,969212,1872909,1225328,1253630,467343,0,689274,405270,0,0,0
9,000011,2017-09-07,0.003034901365705611,0.01264542235710664,0.39095116410921577,39820.0,147428.97515907724,2558,105592261,116899030,1355166,1284477,13933453,11245403,17556118,16337308,23722752,22726348,16401024,16875701,7996516,9859904,6764171,9589934,17863061,28979955
10,000012,2017-09-07,0.0035211267605634866,0.007042253521126751,0.2102515577520687,21549.0,359894.03794652864,1643,61434274,85480716,1066227,1605478,7796976,8001591,6223085,8006655,9785893,10547274,5003398,6592801,4418573,3767019,2781721,4876550,24358401,42083348
11,000014,2017-09-07,-0.00932944606413999,-0.0005830903790086106,0.5982953541400067,18865.0,115167.42469194274,821,19760055,20621034,467527,592918,4031906,4396974,4313968,3414822,3938470,4449477,1368547,3146247,1734175,306985,837402,841878,3068060,3471733
12,000016,2017-09-07,0.008210180623973606,0.009852216748768461,0.18074670419962566,14712.0,172546.69589498485,1136,38573812,35729253,956794,802063,4388726,4388099,3783797,4193566,3852328,5515434,4114294,4801404,4294608,3393658,1774700,2730590,15408565,9904439
13,000017,2017-09-07,-0.0024721878862793423,0.003708281829418958,0.34225909297709617,8155.0,61522.62675784108,558,6459505,8572197,603021,611181,1825199,2453609,1483233,1542100,934652,1106463,243599,791977,325191,1006167,405500,490200,639110,570500
14,000018,2017-09-07,-0.012376237623762387,-0.0024752475247524774,0.1841636115635859,17754.0,137707.23378783299,1926,57549038,44419766,1018986,2340458,6938978,12503041,8106317,10137552,5823911,10402194,6036689,2831939,3091653,2106409,2589387,2206387,23943117,1891786
15,000020,2017-09-07,-0.014587525150905445,-0.007545271629778583,0.6957661261521703,11796.0,83699.33284105785,816,18981523,9834685,766208,1139383,4338736,3265174,2441074,2222452,2252994,1275030,2254638,223440,1541232,726820,2121741,454608,3264900,527778
16,000021,2017-09-07,-0.025504782146652527,-0.011689691817215686,0.22293822834012567,15810.0,98186.2746932447,1783,49090394,32131041,1720566,1599497,9058717,7784961,8360660,6463982,10044417,4528060,3220559,5099353,4783874,1100401,2717818,2794960,9183783,2759827
17,000022,2017-09-07,-0.011405445180279528,-0.004047093451066908,0.8130141486225407,24246.0,107877.15133276072,1117,36247248,23980317,585102,715528,6882209,5735800,5389404,4825615,8215722,4707477,4013933,2784990,2822753,714634,935862,1693320,7402263,2802953
18,000023,2017-09-07,-0.011827079934747076,-0.004893964110929905,0.9872172507365318,17129.0,53287.52011609359,616,11819082,7865298,488764,606214,3686869,3181228,2611919,1508037,2283708,903305,2747822,249594,0,337548,0,491852,0,587520
19,000025,2017-09-07,-0.00021285653469560462,0.004044274159216821,1.0480873521593808,28116.0,85525.10394011161,2009,54925451,54024530,1520062,1731305,10271928,9835091,11349372,13260631,13980375,14295171,7731403,5175482,4671460,2450974,1754273,2224133,3646578,5051743
20,000026,2017-09-07,-0.005872483221476488,0.0008389261744965459,0.3165551196004229,2385.0,34958.15571830446,1418,13300480,7550353,1345784,1084212,4544080,2919509,1832883,1436379,3347428,1630886,923121,479367,320220,0,413424,0,573540,0
21,000027,2017-09-07,-0.004552352048558417,-0.0015174506828528056,0.19836967358212906,6580.0,114448.21519520182,1104,17815485,11344854,1181315,1330457,3782287,2698354,2631270,2327710,1880903,2010529,1397264,1318659,305970,329500,427050,0,6209426,1329645
22,000028,2017-09-07,-0.017142857142857237,-0.015285714285714236,1.9592865191598738,20590.5,113536.3143044165,1276,44614245,17215909,1455851,1098381,7064332,4925088,6825546,2214951,7397885,2767576,7070057,2397181,2446435,348750,1337349,987335,11016790,2476647
23,000030,2017-09-07,0.0075593952483801186,0.006479481641468832,0.18091233644305493,6531.0,89655.95314271637,2623,40607795,34972094,3260363,1336718,9559357,6457179,7501749,6518204,10421649,5391135,3488828,3006098,2716718,1447580,1917337,1695150,1741794,9120030
24,000034,2017-09-07,0.02445777572681118,0.02630364559298548,0.50463590141899,24002.0,177068.70843436837,1847,64759676,79412173,1042671,860326,9780654,8066141,7074971,8983253,15317302,11976779,4865367,10896156,4778138,8677267,3484379,7668238,18416194,22284013
25,000036,2017-09-07,0.013428827215756556,0.022381378692927445,0.2086262248028144,39865.0,285978.1200555019,2869,132747440,207206250,904954,755389,10226865,16986971,16145808,16635061,25718858,29568301,15409256,20394549,12704203,17864059,7978883,11168774,43658613,93833146
26,000037,2017-09-07,-0.013230429988974723,0.0022050716648289725,0.46413871451987204,11739.0,64869.87752665356,381,7445549,5369200,215622,540404,1846443,1810777,1261642,1360695,1242924,640995,926562,505259,1372960,0,0,0,579396,511070
27,000039,2017-09-07,-0.0031948881789138905,0.0015974440894568342,0.39068393658070133,16897.5,149376.7924916713,2312,64559440,65789479,667538,2670683,6214707,18276047,7790910,8381029,7744313,11017490,6562353,4019659,2157551,6194257,2241000,5974070,31181068,9256244
28,000040,2017-09-07,-0.012863913337846977,-0.004062288422477911,0.5480429120400182,13989.5,145075.9080033959,726,22427167,16325414,1085370,379329,2881343,2389683,3001622,1637830,2964179,3988817,1859470,1793031,1698532,1265649,0,1262055,8936651,3609020
29,000042,2017-09-07,0.004692082111436902,0.00586510263929596,0.7611022959324758,8545.0,51475.54880823681,501,5252522,6407153,610705,361124,1938390,1665498,836369,1273821,546407,963297,1011504,0,309147,1724218,0,419195,0,0
30,000043,2017-09-07,0.011417697431018281,0.016175071360609028,0.3550618824783451,16049.0,183175.4850054162,876,17483505,33414090,746580,524671,4049905,3469364,3301048,3630476,4669786,5314206,673040,2148304,1269102,2701830,931335,1322388,1842709,14302851
31,000045,2017-09-07,0.013147082990961456,0.01725554642563698,0.26565768965449194,26103.0,144288.78756747767,2100,70859937,79244571,1237802,1185360,11127654,9482220,11883237,10243872,14391144,15608566,11504860,12270287,4206880,7954622,4411902,6269277,12096458,16230367
32,000046,2017-09-07,0.003658536585366079,0.008536585365853666,0.254361141452945,11620.0,108160.945392083,1039,22024009,26375078,999078,1008186,3646115,4296929,3075401,3906608,5376693,4976847,2150532,2170118,1493017,3841133,413504,1736585,4869669,4438672
33,000048,2017-09-07,0.06699284907790748,0.022581859239744206,1.0681552521734268,13597.5,67751.60544276613,618,8179948,10930187,524553,507341,2969627,2855949,2821623,1878918,1592445,2037355,271700,986500,0,300553,0,468012,0,1895559
34,000049,2017-09-07,-0.02701766539660555,-0.018704537582265424,1.2734004888326362,34380.0,179396.4559585497,2056,117373893,71112783,704294,869294,9670168,10554323,13864530,9826842,22787773,13261778,15388328,12364491,8648391,5095116,9355967,2659992,36954442,16480947
35,000050,2017-09-07,-0.0034965034965034336,0.0021853146853147987,0.4264007885513927,52877.0,365190.5715335428,2881,242155028,233208989,858873,1097206,12112313,13790517,13173483,18724238,26587882,30251320,23340449,29585729,16184319,16603371,12475302,13331382,137422407,109825226
36,000055,2017-09-07,-0.002590673575129432,0.002590673575129543,0.2053362243137695,8519.5,92508.59553508615,1414,24138029,24058323,1141925,1157702,5119875,6428990,3261548,4101833,4196357,4685774,2421747,1928107,1677208,2208443,1400123,1781134,4919246,1766340
37,000056,2017-09-07,-0.004051863857374438,0.002431118314424552,0.6615585673690935,6195.0,28678.347730352256,347,2607517,2546439,202480,524408,1187193,1279728,566843,342503,304528,399800,0,0,346473,0,0,0,0,0
38,000058,2017-09-07,0.0421994884910486,0.04859335038363155,0.16398409557977753,23820.0,165666.48113286067,2279,66101791,96222888,1855002,1690053,11752854,9758822,11067077,11879606,12955686,15094614,8393079,9714828,7331729,8009019,5696952,7198810,7049412,32877136
39,000059,2017-09-07,-0.01861252115059231,-0.005922165820642977,0.25187650694638,31779.0,236163.86088472948,2203,132302877,85703401,807270,1580810,10066775,11131689,11826630,12677556,16943629,16989723,15526432,9895848,8445617,7293949,7702503,6692267,60984021,19441559
40,000060,2017-09-07,-0.013953488372092981,0.0,0.22362361260584424,40114.0,489539.86244776816,3332,178525806,330727532,500237,1990364,8610892,24068374,13254287,22812274,25106904,32446883,17508267,27486932,16536607,22301942,12674474,15400603,84334138,184220160
41,000062,2017-09-07,-0.006718528995756756,0.0035360678925033806,0.6016563596653228,34260.0,258963.53090287218,2211,93521077,123507960,1177284,744463,10746859,10404651,15436882,11997579,17242751,17071108,12503484,16474178,7259303,10180392,2580080,5840403,26574434,50795186
42,000063,2017-09-07,-0.021599999999999953,-0.023199999999999887,0.44043471838111686,83300.0,841042.8690084361,3223,509590711,360373534,1061306,998477,10534578,12852632,16567880,19079667,34774164,35382275,43385554,29697847,33280661,35362000,24247923,26278469,345738645,200722167
43,000065,2017-09-07,-0.0200170357751277,-0.012350936967632009,0.6663563225800755,20889.0,118047.1917832066,1241,37919763,24195740,507504,1139728,5818257,7338994,5265376,4387234,6538848,4621145,6001975,1954956,3078755,1761798,880981,0,9828067,2991885
44,000066,2017-09-07,-0.017026106696935384,-0.006810442678774176,0.18525205186836974,18438.0,197416.33800529983,2264,103508473,68379152,1887122,1722387,8608152,10017068,10749740,8231980,14716241,12779590,11890226,5846805,6678025,5598334,6638371,7041349,42340596,17141639
45,000068,2017-09-07,-0.007374631268436516,0.001474926253687281,0.2422616368672821,12939.0,83760.89087469933,783,10377953,15477359,648821,800565,3175879,4249297,2262719,2253385,2742603,1839980,634683,1433209,0,1351361,913248,401376,0,3148186
46,000069,2017-09-07,0.04022988505747138,0.04942528735632212,0.15453735760783305,53985.0,700216.5742849708,3177,336427032,498399016,1153292,1607409,10664205,11663219,15413240,14908475,23966730,24922996,37793118,27172458,17625573,19317541,16881746,19327608,212929128,379479310
47,000070,2017-09-07,-0.011981566820276401,-0.004608294930875445,0.34087810778059136,14040.0,137859.68381593146,1013,30999264,14936812,527260,945884,3363481,5419243,2455701,3146283,9909956,3138550,1118906,942180,1298738,656724,917327,0,11407895,687948
48,000078,2017-09-07,-0.003278688524590123,0.0,0.13876638116087656,10962.0,102017.84870474317,1935,26668240,31365342,724756,2210751,3928638,11587481,2957645,4486145,3100927,3139677,1713937,953790,1597617,1621458,1305376,885248,11339344,6480792
49,000088,2017-09-07,-0.010695187165775333,-0.002139037433155022,0.2620373363908615,18560.0,132955.20456676223,1273,32328178,36148052,1298668,1132902,6900279,5390548,5583512,6335354,4404138,4627850,3774995,3364682,2060960,2794241,963262,4618569,7342364,7883906
50,000089,2017-09-07,0.0,0.002272727272727204,0.21411213258931058,9702.0,129513.34194042928,1690,27557132,42414896,497478,3164400,5867215,7395357,3215653,3887538,3126495,6154213,2666274,4865994,2519200,2056449,901404,4046884,8763413,10844061
51,000090,2017-09-07,0.005922165820642977,0.018612521150592087,0.259430885464134,34684.0,229272.36594202946,2077,89039232,121243990,1223000,766158,10272969,9343594,12618989,9638000,17210224,18476716,10730167,11832665,10564344,11151144,4522742,6644416,21896797,53391297
52,000096,2017-09-07,0.04295774647887329,0.051408450704225395,0.3983322744440764,15070.0,106253.94154904336,1272,25983207,26586484,1095802,796308,5938743,5533363,5114960,5474981,6243727,6851101,2485599,1584196,2713050,326040,437580,883098,1953746,5137397
53,000150,2017-09-07,0.006925740669488478,0.013081954597922163,0.8621365913808503,13100.0,73840.87660819454,908,8634123,21788210,608993,907291,3396439,4461389,1830502,3645222,2187907,3170412,289300,2529961,320982,1126208,0,2700766,0,3246961
54,000151,2017-09-07,-0.020163487738419694,-0.013079019073569564,0.49685466053933586,21864.0,148112.5123827812,1364,43963515,40289306,820863,1180703,6753694,6569736,7225603,7484419,10048305,7248398,6150125,2313754,2240076,4303814,1836433,1358366,8888416,9830116
55,000153,2017-09-07,-0.002979145978153075,0.0,0.2125674328008228,3015.0,37741.73260756376,2245,17927973,8942583,4358600,424539,4555135,3546800,1778901,1044304,2604490,1278762,1245656,1153465,992777,1048612,1370230,446101,1022184,0
56,000156,2017-09-07,-0.013852242744063381,-0.0072559366754616494,0.5015555365161308,10605.0,125703.33912307909,913,31371748,14742523,1590396,474069,3978686,2261753,3902034,2482704,6399147,3359860,1657827,423349,2278419,309960,2233376,1735867,9331863,3694961
57,000157,2017-09-07,-0.004347826086956386,-0.0021739130434782483,0.09101028713623793,11475.0,153725.28809640784,2569,59530641,45708106,1980339,1409413,12084387,11534431,6665842,5288072,7487465,4266501,3159900,4915965,2854237,1387557,5127937,5966617,20170534,10939550
58,000158,2017-09-07,-0.010091743119266194,-0.0018348623853210455,0.22280181551066128,19782.0,176441.43888091322,2396,64520079,78370495,1044788,1124141,10789847,16064723,10498350,10617702,13585973,13413250,7314541,7057625,4905832,5486528,2299460,4860809,14081288,19745717
59,000159,2017-09-07,-0.0117647058823529,-0.004411764705882337,0.2006443289801536,13500.0,128678.46215501684,1149,32811920,16483305,1042810,939393,5370898,4574951,5190425,3820610,4388338,3918761,2435127,2129230,2770381,660310,1692383,440050,9921558,0
60,000166,2017-09-07,-0.011589403973509937,-0.0066225165562914245,0.1270436575814955,18120.0,218406.22395539956,2265,102763881,68501895,1437952,1842036,9803963,9218419,11950054,8591947,11604968,13863146,10107186,6079879,4214730,5706409,5450591,3470108,48194437,19729951
61,000333,2017-09-07,0.0,0.003661215523553807,0.7460325148570284,69657.5,420096.4789737405,3016,305914728,240634192,632258,1804994,10384676,11760279,20462132,16525636,35112097,29756509,32475447,33310909,25885087,25195564,23960719,23245141,157002312,99035160
62,000338,2017-09-07,-0.022727272727272818,-0.013368983957219305,0.1299006921980871,39852.0,534408.2928190052,3327,222615770,181090035,1267579,1401001,15975900,17029749,19638307,23495864,30128276,27990671,15490485,18012582,18022793,16121659,12862180,10699222,109230250,66339287
63,000400,2017-09-07,0.0034883720930234396,0.01104651162790704,0.35375472441437117,20844.0,98217.73589136507,2370,49571767,76938792,2481515,955365,12941707,10341735,7982053,10454200,10745991,28689976,6772425,5825281,2029705,7665813,460570,2179015,6157801,10827407
64,000401,2017-09-07,-0.004555808656036331,0.001138952164009055,0.3127895323293791,68718.0,268519.4509028783,3153,235461714,264151193,798054,995815,12534894,13001844,17656069,19769033,36697682,36922828,45466667,32277623,25179446,31517485,21121467,14580219,76007435,115086346
65,000402,2017-09-07,0.023017902813299296,0.02983802216538778,0.21163488298406355,37603.0,301390.13876694377,3076,135116293,257700791,1161542,1510049,11672305,17240342,14485268,19584087,18225486,31003991,18207105,19048117,13210982,18046678,8047007,15776010,50106598,135491517
66,000404,2017-09-07,-0.01182654402102501,-0.003942181340341633,0.26373961387434813,15180.0,160648.69385800723,832,24047562,20686883,588561,759843,3315615,4600750,2267166,3814462,3131223,2918542,1982227,1761836,2414681,1735430,1308783,910855,9039306,4185165
67,000407,2017-09-07,-0.0072727272727273196,0.0,0.2786599601333092,16600.0,115470.43580258806,876,25079505,24932152,748395,888527,3786290,3571408,3933962,4689371,3415966,5718039,3314725,3206237,1033668,1447110,2555874,1350503,6290625,4060957
68,000408,2017-09-07,0.0032644178454843686,-0.009793253536452662,0.4042885757199703,27285.0,234984.82804445399,2069,111048658,72846584,1253883,1381744,9647148,10455682,10802834,9898515,17623696,11760338,12211821,7858202,8435145,4868085,5711184,5387336,45362947,21236682
69,000409,2017-09-07,-0.025000000000000022,-0.015000000000000013,0.22100049157697832,13396.0,82016.86965006957,1311,30824195,19824384,1324422,1240553,6494572,4974476,5897150,3051992,6314742,3922911,4236579,2400932,1089649,1089833,1852802,893639,3614279,2250048
70,000410,2017-09-07,-0.012644889357218192,-0.0031612223393044925,0.2928320986581477,14257.5,85216.90611730306,1050,28022034,15390393,1170080,898668,5661888,4304589,4779462,3405781,3814624,3312751,2656250,971941,3777121,1103285,1803900,1393378,4358709,0
71,000411,2017-09-07,0.0004773269689737347,-0.0019093078758949389,0.7610648522362112,10430.0,66674.29222585516,757,13190311,7184233,922665,469337,4122347,2198605,2616803,1052098,2140142,1180887,1159666,758956,647610,338580,444778,0,1136300,1185770
72,000413,2017-09-07,-0.016933207902163794,-0.013170272812794037,0.18094753857306106,115939.0,714352.3423801562,3455,524694752,450396036,500952,598469,8877174,12006975,17165842,23149502,45487330,52064948,41871272,42180062,31950353,44769574,32863085,31069037,345978744,244557469
73,000415,2017-09-07,-0.008559201141226769,-0.0028530670470755526,0.1308968091644775,4893.0,68701.14845889907,2876,33778000,28662292,2403670,3849296,7697230,7693854,4340022,5921594,5275862,3746877,3015614,2661320,3047489,1038751,1325888,837200,6672225,2913400
74,000416,2017-09-07,-0.007290400972053468,-0.0036452004860269005,0.26491590462217596,5768.0,56808.389224932944,965,15709634,9209645,763025,1158617,3187679,2582251,3543650,2120314,2636453,1788101,3021795,891274,662520,0,1331640,0,562872,669088
75,000417,2017-09-07,-0.015945330296127436,-0.010250569476081939,0.3199070520194117,11362.0,178158.8465333485,753,30300192,13003513,897218,688846,3347750,2424362,3964517,1441378,2188301,1076069,2292112,909235,1308679,0,1783329,977583,14518286,5486040
76,000418,2017-09-07,-0.004766227871084938,-0.0024965955515205973,1.2110452507607516,13146.0,84230.33498969421,1323,22275021,18289537,2380225,1629451,6995399,5448300,3251585,2455779,2705589,2897675,425054,2984659,1101848,0,440000,2236978,4975321,636695
77,000419,2017-09-07,-0.007052186177715081,0.0014104372355430161,0.27905000791372797,6381.0,62925.67418425211,645,9030742,9111283,345236,1180712,2033846,2164713,1577719,2099958,2835958,1480522,990156,0,708500,0,0,1412950,539327,772428
78,000420,2017-09-07,-0.00588235294117645,-0.002941176470588225,0.13207342052816953,9889.0,87375.52814392529,663,14434401,6157575,544455,531431,3072389,2422823,2056078,1113977,2460805,1174100,1814276,435457,330486,0,459684,479787,3696228,0
79,000421,2017-09-07,-0.004195804195804231,0.0,0.26710871727452773,5012.0,41088.04962479448,716,7358714,6740681,1153353,386875,1934104,1802502,1795136,1895514,1479377,1474413,642600,711681,354144,0,0,469696,0,0
80,000422,2017-09-07,-0.009693053311793265,0.0,0.1762435549492331,13585.0,185316.36961818574,1234,42257161,44438252,1137789,918209,5168296,4105663,5690150,3538360,7605807,5256951,4647064,4298024,4598008,2300856,406064,2255043,13003983,21765146
81,000423,2017-09-07,-0.007880220646178104,-0.007407407407407529,1.3525743559402226,37905.0,225429.44973056435,2200,128379553,86744465,927754,1159956,9687136,10350487,15239348,14670302,21354348,15870360,11223554,11704091,11445244,7231364,8108969,4748233,50393200,21009672
82,000425,2017-09-07,-0.0026109660574412663,0.0,0.06722719466932975,12606.0,90931.57725527324,3279,44402900,52753181,2849594,4181201,11370854,21678369,4590316,7250141,6506415,6381246,2711802,3488202,2576707,1662892,3086421,1293613,10710791,6817517
83,000426,2017-09-07,-0.010714285714285676,-0.008035714285714257,0.21022553362910415,28224.0,215911.9934242854,2846,162334538,110558151,1774335,1150696,14194665,8811445,16496364,12014269,24918286,17684634,16986073,15362741,16167454,9745680,10347190,4587496,61450171,41201190
84,000428,2017-09-07,-0.005952380952381042,-0.003968253968254065,0.22524652805315337,10836.0,78911.37122222791,500,10396791,7692165,223813,433836,1530511,2793616,1451928,944385,1425492,1496026,2133040,431368,1451846,1055794,815748,0,1364413,537140
85,000429,2017-09-07,-0.006920415224913601,-0.0023068050749711633,0.2504957419073656,7807.5,100391.17691050791,1198,22342463,18882120,973290,2102570,3909161,3405494,4132071,2078388,5350206,3944747,1320538,957259,1045085,667258,2631653,866603,2980459,4859801
86,000430,2017-09-07,-0.0018867924528301883,-0.0009433962264150386,0.3918682367166108,10680.0,80343.86457641036,731,14370984,11384777,564727,627842,2870497,3747124,2665518,1339077,2583914,1876203,2664360,1181406,1037352,0,874024,0,1110592,2613125
87,000488,2017-09-07,-0.012180267965895442,-0.012180267965895442,0.3284168991131181,29340.0,267952.1831223282,2501,146905739,107454394,1277494,2073983,10164416,12806444,10906960,14314409,18058730,17979667,9362485,12115831,13857232,8324151,8263659,3147311,75014763,36692598
88,000498,2017-09-07,-0.013268998793727338,-0.003618817852834688,0.19928931775385436,4145.0,36350.83818441828,1733,10528010,13734525,1150364,3017616,3573015,4101683,1939677,3212215,1724652,2504287,253275,497351,642427,0,413000,401373,831600,0
89,000501,2017-09-07,-0.003961516694963252,-0.0011318619128467544,0.36597905848646484,22944.0,135907.45364511647,2340,55891221,47350984,1548846,1233594,22611979,12090246,6136740,5627052,6543774,5866442,3214822,3030532,3538813,1354218,418403,2747796,11877844,15401104
90,000502,2017-09-07,-0.011372867587327473,-0.0008123476848090894,0.45885687126654046,11097.0,62182.93869527143,719,11157417,8592689,675380,915824,2703382,2863211,2392548,1742112,1821926,2027407,1789549,709875,0,334260,0,0,1774632,0
91,000505,2017-09-07,-0.00686274509803908,-0.0039215686274508554,0.467592451758824,13155.0,118584.99857254609,475,14013985,10053865,267690,324958,1909929,2050256,1695299,1668379,1918859,1534395,1461407,437706,359615,697662,833042,0,5568144,3340509
92,000507,2017-09-07,-0.013440860215053752,-0.005376344086021501,0.2138897233968187,28860.0,154845.99723916684,2724,115415026,72628753,1398466,1246347,15604164,13781404,18851539,14526739,23543447,16400815,15561459,8929370,7928222,4768409,4353136,5343299,28174593,7632370
93,000510,2017-09-07,0.06069651741293525,0.06069651741293525,0.18522223745286273,43154.0,241366.8107158715,2948,133333608,181350858,1195150,962911,14358625,12747676,16756151,18239497,28208244,32810216,19752904,21945448,11938627,20511059,6872973,13976515,34250934,60157536
94,000513,2017-09-07,0.0010220768601798547,-0.0006132461161079128,1.3156914934326833,19560.0,129130.95244977978,1382,45492587,30330621,1530746,1257072,7713595,6051644,8648219,4249689,5048555,4575778,5985353,6564846,2371987,1672777,2224721,3154686,11969411,2804129
95,000514,2017-09-07,0.0037783375314861534,0.011335012594458238,0.21562208095388835,15133.5,75932.57287368225,1356,22224297,30313562,1222603,1452750,6483338,6314430,4858936,5366161,5254193,7186564,1463245,3418473,1783395,2379068,0,431723,1158587,3764393
96,000516,2017-09-07,0.0,0.00569259962049351,0.13219958721217404,5830.0,134160.33752630698,1592,32611176,25397850,637660,3609566,4857294,4887781,3327461,3751706,5061323,4119033,2815193,4222536,1024257,334430,414221,846857,14473767,3625941
97,000517,2017-09-07,0.00917431192660545,0.016055045871559592,0.10620368850261191,4350.0,84277.9055106831,1690,18314226,29705318,1393167,1104443,4785660,5369292,2707884,3214964,3077059,4406461,3955790,3493726,674116,1747770,0,2269018,1720550,8099644
98,000518,2017-09-07,-0.001273885350318471,0.002547770700636942,0.3074976023848812,11032.0,68593.62138926271,651,8772273,10183748,694042,641656,3372446,2581324,1830725,1782639,1162049,2093573,456920,424230,619368,389172,0,0,636723,2271154
99,000519,2017-09-07,0.0008928571428572507,0.005357142857142838,0.26305774147813576,16935.0,85396.61300328192,1813,43049485,39849187,1304258,1187375,10270046,8479794,7178853,6826432,9228856,8057065,5264060,5110940,4038103,2672061,2679084,2653407,3086225,4862113
100,000520,2017-09-07,-0.0072202166064981865,-0.0036101083032491488,0.14031601609294378,11571.0,71716.83635956568,1561,33511092,24492174,1326901,1401865,6738337,5953014,6032673,5344306,8844194,3576788,5287554,2534327,3103431,2024247,945486,444308,1232516,3213319
101,000521,2017-09-07,-0.008403361344537785,-0.005042016806722782,0.17876170955837573,2965.0,62848.941181145834,1108,13780891,5501562,1432087,650939,3942821,1689269,1326822,1538896,2900557,792258,1016724,482702,1504280,347498,0,0,1657600,0
102,000523,2017-09-07,-0.0020554984583761593,-0.0020554984583761593,0.4016739836385732,17035.0,131047.31454649661,586,15079539,10611182,590047,667248,3122243,2913671,3079945,2097602,3306534,1390645,689164,260592,1003976,0,0,484078,3287630,2797346
103,000524,2017-09-07,-0.0007535795026375469,0.0037678975131876236,0.4387580487814246,13350.0,57719.79755892123,914,13541221,12802174,620739,766211,4765171,4076932,2899160,3033397,2407851,2523410,1448815,1456772,308200,0,0,401700,1091285,543752
104,000525,2017-09-07,0.05109837631327596,0.031996179560649374,0.456925321030647,21245.0,212480.79583350854,2102,59670353,87643288,864980,741638,8448180,13365996,7030968,9240502,13765335,13580668,7315549,8100664,3808147,4476943,3555800,8762015,14881394,29374862
105,000526,2017-09-07,0.02666276003515966,0.03984764137122765,1.018354646327154,21360.0,274815.15275038005,1124,47465043,33788159,642599,678890,5913229,5991901,4815813,4649736,7948123,5391092,4694375,3986510,2382618,2077026,1349132,1860146,19719154,9152858
106,000528,2017-09-07,-0.01625135427952329,-0.008667388949079147,0.19158442864552766,9160.0,103852.00924859862,2324,47726156,29648683,1459605,2330682,9898279,8930752,7324153,7535874,7982802,6083938,3839505,1995200,3154616,0,1803372,907533,12263824,1864704
107,000529,2017-09-07,0.0,0.004592422502870175,0.3125762525206707,6139.0,38612.28886900028,776,7011678,8423626,583034,1446245,1754635,3049533,1444001,2292786,2648525,410510,238787,464912,342696,322640,0,437000,0,0
108,000530,2017-09-07,0.0038910505836575737,0.005188067444876765,0.1841578604898918,16918.0,116887.0715071004,1755,50926284,44890271,1571001,1323085,8221136,8244189,7848583,6696974,10776610,8113266,5590006,4092677,5460190,4054219,1285701,3955826,10173057,8410035
109,000532,2017-09-07,-0.011653313911143437,-0.0014566642388929019,0.4160798043647875,17745.0,92978.08648732431,1089,29399850,20737328,810812,804209,6795456,4535775,4563487,3593408,5865242,6141749,3588778,1942421,1032215,990873,2182918,886738,4560942,1842155
110,000533,2017-09-07,-0.0029097963142581396,-0.0009699321047526022,0.4662999686646708,19494.0,78891.5975958563,488,12839160,8319448,269405,371629,2439744,2138143,3299027,1909412,1906555,2113738,1334402,971045,645025,366996,461250,448485,2483752,0
111,000534,2017-09-07,0.023968042609853635,0.010652463382157196,0.4480150505408396,15170.0,74996.20826550537,1125,22613056,15992230,1177100,653483,7226063,3593353,5693740,2798243,4039956,2682603,931361,1497660,1711789,1023840,1320807,829506,512240,2913542
112,000536,2017-09-07,-0.005172413793103514,0.0,0.19651550604969786,8162.0,75229.04024097542,871,16285609,11878401,789023,642097,3788986,2387082,2301591,1780756,4291433,2241992,1219981,2107224,1452315,341047,0,915895,2442280,1462308
113,000537,2017-09-07,0.03363228699551568,0.04820627802690569,0.20284100637016594,20262.0,236610.85418668622,1938,57793208,90354487,1206191,1928192,7401423,9081378,6923432,11870298,10329014,14272581,8719669,9541499,6076924,7175529,1375639,6363172,15760916,30121838
114,000538,2017-09-07,-0.01771519418578249,-0.01726095843742903,1.9542430221466998,34596.0,310000.0224436185,2030,132188408,89181665,1534824,2628150,8867012,10982451,11831554,10239039,16698761,11348702,9866177,5825644,6904802,3413821,6595321,2793874,69889957,41949984
115,000539,2017-09-07,0.005597014925373012,0.009328358208955168,0.1827626091650466,5918.0,120626.23297570867,860,7882890,15031309,457947,2071795,1652476,2941477,1021272,1164750,586896,1216980,1044731,648249,1686459,0,486900,1422019,946209,5566039
116,000541,2017-09-07,-0.010845986984815759,-0.005422993492407935,0.2728176693779507,12831.0,112924.1564363806,1142,33427596,18646724,1139676,910761,4699076,4134307,8004135,3427884,6635847,2646295,3793285,1231105,2555099,322218,1293211,1441391,5307267,4532763
117,000543,2017-09-07,-0.005300353356890497,0.0,0.1781418991196036,17010.0,94503.05079116162,1010,24009773,12605281,1027012,465306,5339490,5991541,3054538,1618119,3428732,1631504,2206133,914284,1366305,364088,1384047,484439,6203516,1136000
118,000544,2017-09-07,-0.0028409090909091717,0.0,0.6109524540243454,15795.0,53078.48860935165,829,14285026,10798073,788104,865128,3876814,4281692,3327523,2894040,3059040,1722865,1711779,0,674584,1034348,0,0,847182,0
119,000545,2017-09-07,-0.017268445839874413,-0.012558869701726816,0.14536221877229114,19623.0,146999.71526736644,1923,64446171,58080802,1436063,1418578,9281648,8350203,9427520,8990376,11000597,12989214,7955994,7030433,4725747,4923176,3013107,5217331,17605495,9161491
120,000546,2017-09-07,-0.022275258552108324,-0.015910898965791676,0.486487100736897,15047.0,104271.02344953881,667,22176116,10182416,884760,336809,4196304,1614696,3143245,1862429,4068037,2597308,2908495,1235649,1087288,1359539,0,0,5887987,1175986
121,000547,2017-09-07,-0.015037593984962516,-0.005012531328320802,0.23953581399148366,32373.0,171690.7310317785,2499,116254734,80197951,1295829,1088706,14537711,11048506,15645389,13230540,26980783,18555437,14204339,11353663,7216222,4582166,6815709,3560933,29558752,16778000
122,000548,2017-09-07,-0.01856435643564358,-0.004950495049505066,0.2906796292074088,8050.0,74762.28266120104,772,13864233,7829996,1268273,493564,4145252,2075429,2382381,1358374,2438542,1784274,1507767,274505,1041575,322400,0,0,1080443,1521450
123,000550,2017-09-07,0.0,0.0005037783375314575,0.6873963150737649,10000.0,99523.5878062019,833,20361179,16835023,971821,780483,2822837,3479284,2664854,2368949,3175046,3045890,2185755,3223711,1500883,662380,2709027,899188,4330956,2375138
124,000551,2017-09-07,-0.01675392670157072,-0.0020942408376964927,0.3769853606375479,19180.0,120108.22223435118,641,20683958,15549576,478907,674835,2698030,3756227,2726535,2891526,2810977,3830435,3455084,2132748,2652023,360035,2762002,477500,3100400,1426270
125,000552,2017-09-07,-0.02102803738317749,-0.016355140186915973,0.087514714057686,12600.0,198264.02519160134,2406,95379200,71237932,1537525,1787384,8731289,8634173,7935790,8918475,11789380,13163378,10101585,6727627,9375315,5910603,5914662,5324167,39993654,20772125
126,000553,2017-09-07,-0.007741027445461013,-0.002111189303307559,0.4930037563047416,14300.0,64736.71678296122,830,17194842,13532029,799720,681450,4401935,3754765,3597113,3368431,4156541,3538887,2380965,285000,320694,0,894614,0,643260,1903496
127,000554,2017-09-07,-0.026728110599078314,-0.007373271889400956,0.22137020864152365,31552.0,178920.43246159548,2405,108785987,97791760,1031072,1127776,11756271,11268660,12289146,13470688,21540324,17679479,12976837,10955066,10992821,8146955,7307663,5672684,30891853,29470452
128,000558,2017-09-07,0.0,0.005856515373352966,0.17348862882697696,13698.0,78660.71093178642,1551,24927951,31876775,1045298,1702709,6520944,7577558,5781779,5361363,5546310,5645323,1914393,2781563,1000978,1445498,1415197,852530,1703052,6510231
129,000559,2017-09-07,-0.013011152416356975,-0.0037174721189590088,0.23835203359588766,22743.0,182693.55916420155,2039,86610016,59906844,1417769,1238920,10251577,8990854,9619767,8074732,18183218,14090627,10296437,7594754,6115122,4426913,4031209,413766,26694917,15076278
130,000560,2017-09-07,0.008710801393728262,0.010452961672473782,0.212472459014634,59539.0,329261.00445013994,2925,210939987,216173830,846794,868086,10738600,13497886,16240908,20580413,28573480,38928515,25309887,30206544,18644165,22281756,15183259,16151950,95402894,73658680
131,000561,2017-09-07,-0.005859375,0.0009765625,0.35114048983080254,10250.0,61743.215051012885,850,14761985,10025142,685226,688924,3828888,2926706,2682113,2225954,3125071,1553584,2674082,654622,0,307073,0,456125,1766605,1212154
132,000563,2017-09-07,-0.0018382352941177516,0.0,0.14306906928089935,11000.0,140303.62806593775,1448,40552873,38595440,1422734,1211732,5146550,5253353,5247173,6013638,6453710,4805520,5840025,3930675,2034449,1393238,1291905,888214,13116327,15099070
133,000564,2017-09-07,0.0031007751937983663,0.0046511627906977715,0.13777207882902084,2592.0,21835.295689876348,2193,6362161,11214859,425087,4572622,1949410,2752893,1144184,2171952,1966795,1514568,475545,202824,0,0,401140,0,0,0
134,000565,2017-09-07,0.0010493179433368471,0.0041972717733473885,0.32389754589152897,13426.0,64956.706940440316,865,12575389,17129677,691572,1348778,3925806,4747939,2187575,3358732,1583219,2725082,1733034,1901095,1401383,1001208,478000,461265,574800,1585578
135,000566,2017-09-07,0.0022988505747125743,-0.0030651340996169507,0.6353192419636959,16913.0,152748.24865050102,421,19949529,8670665,268409,338866,2007758,1808938,2177776,1089042,3529786,1148690,1510242,987877,1655285,1482533,425282,403930,8374991,1410789
136,000567,2017-09-07,0.010835913312693624,0.017801857585139302,0.7019734583954846,15978.0,84175.5067169889,1355,25113471,32182542,1092337,803803,6086217,6732413,5010811,5746635,6765358,8202410,3026041,4469807,320045,1023506,860175,1314413,1952487,3889555
137,000568,2017-09-07,0.0016882386043892694,-0.003939223410241999,1.0184862363315907,42320.0,267458.9191986822,2740,180443411,137955655,1186123,973097,11845715,11862011,17227506,12665206,32246083,23063476,22442489,15086603,14288928,8968258,11708297,6719410,69498270,58617594
138,000570,2017-09-07,-0.006666666666666599,-0.005333333333333301,0.3371659238430746,15000.0,58915.68916618819,494,11741584,6618493,393045,444016,2480482,1939375,3959732,1644863,2720197,1062253,493068,482074,682760,1045912,491700,0,520600,0
139,000571,2017-09-07,-0.012145748987854255,-0.010796221322537103,0.2081942008366067,9607.0,126003.67986199597,1267,32601360,20108832,1010256,1301737,4732514,4439393,5090351,3439060,5176740,3817940,2667254,1413233,2409331,702060,1253385,2191285,10261529,2804124
140,000572,2017-09-07,-0.0040404040404041774,-0.002020202020201922,0.1697898004362451,4950.0,75235.96362697825,850,16412474,6387425,1094231,519973,3096381,2280379,3023897,1062395,2555314,1531678,1777549,496000,995016,0,498960,497000,3371126,0
141,000573,2017-09-07,0.006611570247933907,0.011570247933884392,0.1542104185055199,10980.0,67485.34311532456,1541,22748133,29426029,1267635,1576291,4580028,7367596,4842908,6076490,6510365,6059644,2548223,2616312,1639896,970686,1359078,1310792,0,3448218
142,000576,2017-09-07,0.0042219541616406175,0.01326899879372756,0.7757244104926467,16720.0,62987.1453093429,456,4919650,10593606,279917,372943,2092903,2381879,1427233,1605784,1119597,2646431,0,940415,0,666800,0,848199,0,1131155
143,000581,2017-09-07,-0.015145631067961185,-0.008155339805825279,0.5471333509290695,35882.0,259145.24216902262,2215,147499268,87833287,876910,1030071,10157238,9562714,13827039,10573992,21117916,15232238,22355702,9630143,9829516,8823440,5805399,7120131,63529548,25860558
144,000582,2017-09-07,-0.018242122719734688,-0.008291873963515717,0.37175852390029607,12000.0,136848.7850876528,1052,28513534,17963551,842874,966533,5027263,4564201,4654213,2397606,5599169,3452925,1993574,0,2102922,330467,1424857,0,6868662,6251819
145,000584,2017-09-07,-0.006978367062107416,-0.007676203768318124,0.4749274010072579,16547.5,121600.7659261338,910,28990122,17194353,515565,713053,5100299,5298304,2998161,2292933,5653219,3492911,4137238,1548828,1043258,692303,2238006,834478,7304376,2321543
146,000586,2017-09-07,-0.00967741935483879,-0.007373271889400956,1.1638601008898959,10840.0,156597.10766064495,347,12041253,5223764,119565,561852,1053174,1216697,783310,708228,2510611,1348273,1298959,258959,0,725949,420980,403806,5854654,0
147,000587,2017-09-07,-0.0025348542458808465,-0.0076045627376425395,0.23987450013275852,14896.0,99345.51446826855,1082,31671222,18707659,1134225,635412,6597308,2942645,6629444,2455439,5697640,1944259,2207351,2782195,2622293,3350823,2566004,846245,4216957,3750641
148,000589,2017-09-07,-0.005235602094240899,0.0,0.2028035211461334,8625.0,74678.5839153216,798,15535446,9570435,571105,992985,2881131,3001961,1675643,2014860,2945798,2798498,2473844,441251,1048452,320880,1392932,0,2546541,0
149,000590,2017-09-07,0.0006090133982945556,-0.0073081607795372205,1.0031338654120316,11430.0,68324.68113049325,267,4607996,3451534,233483,259441,969429,1149099,817930,539067,607963,993888,525615,0,0,0,899256,0,554320,510039
150,000591,2017-09-07,-0.010152284263959421,0.0,0.14291135509867284,11800.0,103187.28812209542,1712,25610015,34907298,504329,1200396,3873436,13842696,2815295,4086895,3940640,4790438,1743577,908633,3808515,328596,1754431,1829852,7169792,7919792
151,000593,2017-09-07,-0.002979145978153075,0.0019860973187686426,0.47013333510548583,10110.0,150994.8440285807,458,10996936,9189263,370844,395566,1396971,2405438,781041,1990303,1454041,1183724,1225319,991454,1381937,0,939696,808400,3447087,1414378
152,000595,2017-09-07,0.018248175182481674,0.02007299270072993,0.12459044810394426,15120.0,105801.99684413348,1940,47859534,42154597,1353516,1469562,8479987,7839051,7731844,8941644,9441091,8069849,4989331,5449749,3186161,2735268,2662295,2289360,10015309,5360114
153,000596,2017-09-07,-0.019588638589618013,-0.020568070519098813,1.217442985483936,25040.0,225767.7252586775,1758,78676133,62451458,346372,1610059,5398197,11670853,6001539,10096306,9641222,10758543,5270337,7013515,5861362,659340,3162312,3058187,42994792,17584655
154,000597,2017-09-07,-0.012511170688114248,-0.003574620196604039,0.32019123044613634,16710.0,207653.6183455398,1221,39754982,23244038,931645,740988,6484292,6454394,4630059,3524903,5703574,4272238,3102496,2639044,2683019,655734,878869,810062,15341028,4146675
155,000598,2017-09-07,-0.0017574692442883233,0.0017574692442881013,0.13205312603544686,11400.0,151677.18141518577,1860,37354424,42083261,870652,1381928,5017954,11822334,3398248,3937407,5352016,6786047,4264013,2079042,2002395,1715133,1259757,884312,15189389,13477058
156,000599,2017-09-07,-0.007396449704141994,-0.0014792899408283544,0.23112643188557822,13580.0,99605.25468094407,855,21669120,13076807,829187,757255,4181414,3866800,4097496,2090487,2452695,1858000,3238171,1600136,1985241,1062679,404248,463080,4480668,1378370
157,000600,2017-09-07,0.0,0.008077544426494221,0.2290602524136059,41085.0,220528.95532706135,2923,150361731,155121404,1216207,1260923,14024383,13779581,18808581,19424448,26012389,28479000,18628467,20474442,14591097,13738370,8514189,7892268,48566418,50072372
158,000601,2017-09-07,-0.016971279373368175,-0.007832898172323799,0.22512579653237255,7590.0,101062.56125282568,1158,19640879,17551257,895197,2198280,3725167,3584778,2939399,1816950,3853530,2241251,1402253,1833764,2474854,1432710,444015,437441,3906464,4006083
159,000603,2017-09-07,-0.019736842105263053,-0.008552631578947256,0.45435903508226066,16775.0,115157.30205123838,1119,39706857,18715413,662549,886415,6090587,4871379,6025428,2817276,5724578,3550626,3269108,1673431,3347617,1748948,3165490,1368294,11421500,1799044
160,000605,2017-09-07,-0.011188271604938405,0.0038580246913579863,0.5804361713736421,20784.0,111763.1437811224,1994,43788249,53303599,760886,1733273,8458922,11398701,8613833,9622636,9553154,10125089,5800058,6274768,1974477,3117995,2633215,2708564,5993704,8322573
161,000607,2017-09-07,-0.019305019305019266,-0.009009009009008917,0.24906952175696653,13277.0,72287.6374273811,973,21124144,14646369,987509,783158,4694931,3805807,4191555,3440983,3447914,2765600,4015284,981183,1510748,1068347,490855,403004,1785348,1398287
162,000608,2017-09-07,-0.012195121951219523,-0.008130081300812941,0.3262883303299684,7310.0,90091.430245902,511,4694590,6982040,623659,482500,1642386,2098742,548208,951098,375137,659175,0,481400,365500,389325,0,454575,1139700,1465225
163,000609,2017-09-07,-0.01974522292993619,-0.012101910828025475,0.4191737781510427,18660.0,105467.77186994259,1403,37923284,28342794,910441,1143447,8207652,6903973,6280474,5588106,8308915,6674145,3161181,2201719,2029082,307494,882169,1380114,8143370,4143796
164,000610,2017-09-07,-0.0008333333333333526,0.005833333333333357,0.2936722605426927,6070.0,63493.25526195036,1671,22758271,17938136,4490997,684847,5802128,4104066,3494031,3367778,3245058,4166789,1894215,1453982,1427100,365400,1886081,497753,518661,3297521
165,000611,2017-09-07,-0.006002400960384291,0.0012004801920768582,0.3424676763668028,11648.0,57544.26039379208,591,11466886,7043422,501058,569839,3144565,2477050,2147320,1599929,1933449,1785069,1219222,239071,1089437,372464,1431835,0,0,0
166,000612,2017-09-07,0.009990009990009874,0.005994005994006013,0.23507413932979124,20300.0,224695.82343444542,1815,69566610,63990979,911928,1290417,9736562,6158157,7603982,5652508,12132306,11962572,9910129,11148204,5770240,8090405,3029687,4882616,20471776,14806100
167,000613,2017-09-07,0.011652542372881491,0.011652542372881491,0.2275755885831009,17334.0,82671.02812154529,1721,31723511,44952010,1183653,2156233,6647365,10040892,5558365,8298954,6700730,8411508,3522674,6413206,2843605,5087605,2246671,1318755,3020448,3224857
168,000615,2017-09-07,0.009090909090909038,0.01538461538461533,0.2535842019043346,55119.0,183121.9285184834,3182,151882374,199163373,827404,1132645,14177186,15359748,20885367,25679242,35159663,43242629,23933540,25017361,16004321,19424250,12011549,13829603,28883344,55477895
169,000616,2017-09-07,-0.0022123893805309214,0.0022123893805310324,0.14677092066060674,12600.0,115554.25558821282,949,21997362,20719532,891158,918195,4158327,4260449,3366178,2963150,4203985,2320781,2117535,1740688,1030659,695627,1928982,2695809,4300538,5124833
170,000617,2017-09-07,-0.010783200908059065,-0.004540295119182858,0.456080257349106,5337.0,53984.474206222105,1493,24359874,15160441,1578145,1173747,5248815,3902951,5258146,4162427,7312042,3790985,967132,1689189,1714503,0,415698,441142,1865393,0
171,000619,2017-09-07,0.008163265306122547,0.009183673469387754,0.29930494322450174,19500.0,215429.84659539384,1072,32969572,51623982,926054,1192266,4070061,4487313,5171453,4482248,6058457,5845881,5050349,5756163,2059215,4239697,2208932,3691148,7425051,21929266
172,000620,2017-09-07,-0.011936339522546358,-0.0013262599469495706,0.21595541406195706,7645.0,61278.85460394937,1220,18458655,13555606,1383647,1332441,4742594,4472813,3310342,3476345,2404509,2890292,1883457,440738,1444020,324947,907506,0,2382580,618030
173,000622,2017-09-07,-0.015748031496062964,0.0015748031496063408,0.1333537714842543,2584.0,176750.25853536534,2276,37741179,39647525,1641389,1113279,5484831,6427355,5646545,5379089,7844581,8135219,3188223,2171176,4517367,2344513,1390918,2613319,8027325,11463575
174,000623,2017-09-07,-0.008293321693583655,-0.0017459624618070269,0.5542585149103084,22920.0,156401.01571754343,1708,62887501,52939289,837327,1208820,8558350,8223317,7683280,8083773,13130419,12345013,7193418,8084696,4776147,4703771,5109942,1772631,15598618,8517268
175,000625,2017-09-07,0.0014598540145986938,0.0,0.304736751875111,23358.0,155759.0597417014,2021,78200758,56464111,1647701,1244156,12750326,8311559,10929839,6856245,13667030,12315472,6631064,5321015,4923152,2756440,4311662,1683769,23339984,17975455
176,000626,2017-09-07,0.06180904522613062,0.07537688442211055,0.3978530042671338,42502.0,201840.17680092703,2506,118967753,162033680,1100355,1118906,11968776,10370334,16194867,14217876,20925495,22230907,15465190,20944085,15155906,16217067,7293323,11753919,30863841,65180586
177,000627,2017-09-07,-0.010309278350515427,-0.017525773195876337,0.18315099360420217,28388.5,149678.317510088,2808,129126139,74708837,1818136,1657549,16148880,11252060,17961537,11753318,28919064,15947845,12488700,10708921,11475395,2747573,7841967,5957022,32472460,14684549
178,000628,2017-09-07,-0.022222222222222254,-0.009259259259259411,0.3083122961829836,12972.0,91667.56724058843,1227,28351593,15630403,974935,954097,6871050,5269823,4041115,3840454,5469775,2531399,3627936,1074870,1681917,323442,403390,0,5281475,1636318
179,000631,2017-09-07,0.007425742574257432,0.012376237623762387,0.1308509694638371,16180.0,265447.04415536457,954,21367909,45831680,591616,861114,4349982,4098305,3519982,3171113,4484278,4907496,4597936,3353069,632314,2088118,2040054,2218395,1151747,25134070
180,000632,2017-09-07,-0.0031347962382444194,0.0015673981191222097,0.24882234248583723,12103.0,122617.23137810876,657,11312376,11342633,513398,727934,2581598,2899071,1988105,1850216,2164021,2025111,1022627,272850,1974000,314041,0,474034,1068627,2779376
181,000635,2017-09-07,-0.021105527638190846,-0.007537688442211032,0.447358876317511,21901.0,95901.84155823507,1979,56478071,45117798,1289388,2005004,11704878,10067998,10959181,7490745,13247655,9878527,6818923,5374351,4954716,992665,2202995,1297438,5300335,8011070
182,000636,2017-09-07,0.005165289256198413,0.0020661157024792765,0.19649550448568096,27188.0,149383.73706995818,2429,98044704,66440035,1892341,1663508,12189005,10338996,15788097,12180242,24563402,15232965,12166888,7813817,6100071,2144980,3828322,5893568,21516578,11171959
183,000637,2017-09-07,-0.017881705639614887,-0.004126547455295615,0.2603870716115588,8700.0,54666.9838546563,779,14796735,7475925,1056309,377659,4379213,1817481,2868970,1979899,2328030,2254161,1707434,702825,1370267,343900,409784,0,676728,0
184,000639,2017-09-07,-0.0004743833017076815,0.007115749525616888,0.5334287128405696,8516.0,52199.44825357574,1562,14543359,26808732,510809,2750263,5179155,6703067,3100513,4865158,2969294,8068562,1588449,1987812,704939,0,490200,866580,0,1567290
185,000650,2017-09-07,-0.005025125628140614,-0.0016750418760468344,0.20757670059251643,8330.0,82142.86466576875,827,14518070,11974471,1255811,566286,3018918,2420236,2402035,1307068,2562608,3129347,1918130,2202335,747180,1051504,0,405195,2613388,892500
186,000651,2017-09-07,-0.006570302233902758,-0.004730617608409982,0.6350269923790333,173397.0,1413545.103444778,3590,958487245,848986029,102016,128536,6214560,7513269,19827538,22057752,54105122,74038161,45890460,59607513,42201888,42753869,40004207,48573167,750141454,594313762
187,000652,2017-09-07,-0.012962962962963065,-0.007407407407407418,0.16184420333036179,10740.0,70320.72749578771,1114,18837083,10276901,1094371,804575,5400742,4559159,3915766,2295506,3923252,1762984,1250288,0,308274,372988,0,481689,2944390,0
188,000655,2017-09-07,-0.03743315508021383,-0.031016042780748543,0.21030464840530608,22128.0,213414.11776360535,1982,91254107,47891888,1300860,1711923,9743882,9560486,9159870,8750664,14887806,10108533,8844987,5475990,6317181,4313356,4204643,1781769,36794878,6189167
189,000656,2017-09-07,0.028225806451612767,0.03830645161290325,0.09731058539424858,28270.0,354905.1843822366,2609,128245346,219924128,1002827,1967746,9007808,11923119,9585637,13194557,18252218,21263948,12858859,13545660,8500544,13481715,8282416,18418053,60755037,126129330
190,000657,2017-09-07,-0.03648648648648656,-0.027027027027027084,0.3660834736380531,21615.0,148769.0108424502,1635,62114967,38248204,991180,1343358,8600146,7641501,9311389,5328376,13521700,8432795,5960505,1462017,4477816,2989140,3136909,2232842,16115322,8818175
191,000659,2017-09-07,0.014999999999999902,0.014999999999999902,0.10999883205956228,12240.0,157139.13850309196,1325,31180100,39368160,798091,1470043,3916373,6366592,3282121,5776361,4079458,5698400,4917813,5626507,2678670,2998851,2544972,3579452,8962602,7851954
192,000661,2017-09-07,0.014524328249818419,0.00043572984749462584,4.075197259315044,27462.0,154017.88233659446,1142,40096746,22931594,5634,0,9132941,5584666,6052013,6204795,4301798,4139324,2644661,1651504,2911523,343700,4176128,894640,10872048,4112965
193,000663,2017-09-07,0.01555869872701554,0.018387553041018467,0.4642790407738071,17232.0,119732.14198277263,927,15601993,27649399,842907,553816,5186066,3894211,4048256,4966963,3238890,5501890,949730,3205231,323248,683478,483168,1709952,529728,7133858
194,000665,2017-09-07,-0.010483870967741948,-0.005645161290322553,0.5030110988965864,7421.0,114281.45055631803,607,11743122,8504930,656690,569774,2377259,1920303,1263115,1742377,1179214,1057706,0,729903,0,1129115,860854,0,5405990,1355752
195,000666,2017-09-07,-0.007191011235955114,0.0,0.528551899293174,24398.0,168629.12216662036,1772,70054002,72410022,596109,1737141,7711089,8592914,8218260,7666716,11938657,10521181,11079371,7706692,4610436,5999156,6672869,8039043,19227211,22147179
196,000667,2017-09-07,0.02366863905325456,0.029585798816567976,0.06683826243621381,18054.0,261581.9135833811,2579,80513078,127496176,1887306,1712527,11505229,11409872,10077167,12475605,13806668,14601874,5833340,6831960,6863567,9707625,1784881,5785061,28754920,64971652
197,000668,2017-09-07,-0.015668718522663716,-0.006715165081141672,0.7626946473344217,10662.0,64127.28956655034,549,8137655,7638764,635729,348695,2093750,2326657,1328002,1178068,1750832,1635967,614018,767700,1024036,678600,0,0,691288,703077
198,000669,2017-09-07,-0.005402160864345751,-0.004801920768307433,0.4877390690527248,16590.0,113702.5321469096,1166,36138197,19127740,1432574,979094,5969186,5124462,5387183,5297120,8578225,4727337,3363709,943895,4186990,1044606,0,432999,7220330,578227
199,000670,2017-09-07,-0.0330935251798562,-0.0330935251798562,0.12119559874088102,45832.0,507041.0677821431,3301,271333743,236060247,1338448,1344597,15464862,12155298,20437374,18251789,33006694,29280655,21674200,18651920,22057121,14643299,23030168,17328462,134324876,124404227
200,000671,2017-09-07,0.1016129032258064,0.1016129032258064,0.11255407219746082,39890.0,1087098.6849632948,3052,332069198,379579368,1892734,1215310,12935438,9936788,14252509,14801009,27783146,22489983,15816432,19572888,20351795,22912883,12521774,12118525,226515370,276531982
201,000672,2017-09-07,-0.012440191387559696,-0.002870813397129135,0.2278747438434643,21955.5,89136.49909623167,2104,54976549,51993900,936406,1512792,11503988,10636855,9612562,10848657,12397404,10380688,8356368,6928459,4039220,5201878,887770,2707433,7242831,3777138
202,000673,2017-09-07,-0.014858841010401247,-0.014858841010401247,0.3971777868942522,42880.0,255923.9829345479,1149,74695248,53030962,707934,405006,4541506,3183718,6897017,7696969,13331807,12488994,10573401,8122220,5470969,4169063,3706318,3816658,29466296,13148334
203,000676,2017-09-07,-0.009628610729023324,0.003438789546079901,0.33011264583728195,14720.0,91389.78614077813,1941,48398977,31929920,706407,969746,15260879,7378573,8195582,7201106,8526979,7111383,3339963,3217363,2614803,3090297,1416885,403790,8337479,2557662
204,000677,2017-09-07,0.0,0.006000000000000005,0.15311813075098007,12096.0,74123.15505016934,1067,17715809,21718902,680251,974733,4499464,4144411,3916322,4114485,3717690,4892427,2440492,2244299,1038150,1993313,844990,845407,578450,2509827
205,000678,2017-09-07,0.0,-0.004519774011299327,0.3404565848978021,11492.0,50211.53614258433,675,11950031,6500922,776525,763336,3377397,3048637,2177243,1825321,989673,616388,2120063,247240,2060566,0,448564,0,0,0
206,000679,2017-09-07,-0.007454739084132078,-0.0010649627263045192,0.39616559012522357,9430.0,32992.48310853415,561,6644623,4928977,591423,654343,2869083,2706192,1584961,800266,904098,768176,226058,0,0,0,469000,0,0,0
207,000680,2017-09-07,-0.013157894736842146,-0.009868421052631637,0.15123513264593916,13622.5,166294.71856110924,1618,58724127,28166670,1420062,1273968,8558045,6199378,7824936,4580744,6444838,4998743,2974417,2738603,4582364,2083979,2331947,1408864,24587518,4882391
208,000681,2017-09-07,0.031232876712328883,0.040000000000000036,0.397377736565107,32980.0,178949.03094417753,2115,85171748,98921744,1280346,1584569,10203164,8406859,11335021,10573575,14528123,23391800,11655776,10044057,7921754,7407752,6403769,5750775,21843795,31762357
209,000682,2017-09-07,-0.0037664783427494575,-0.0037664783427494575,0.1912027741525989,10146.0,65596.687461518,771,14641464,7791850,716810,660652,3305865,2415258,2926261,1563511,2623339,1500638,1199477,949591,1812367,702200,0,0,2057345,0
210,000683,2017-09-07,-0.04166666666666652,-0.03273809523809523,0.06380642510910702,26000.0,259155.77884196068,2800,164348889,91367556,1578063,2143385,11960800,13952061,15872463,13448559,20009139,15949376,13101895,10970648,8341402,7330741,8716956,4638440,84768171,22934346
211,000685,2017-09-07,-0.005474452554744547,-0.0018248175182482562,0.32411490614805816,9891.0,132568.79811226117,1143,32386078,19217942,911208,913973,3994439,3604540,3840291,2880885,6678330,4059149,2108174,1617238,2524302,2055428,1336901,0,10992433,4086729
212,000686,2017-09-07,-0.015726179463459777,-0.009250693802035137,0.21672279232560626,18258.0,197064.22222599539,2490,97102867,85891879,1240410,2999193,10846218,11621721,8803350,8578066,11003236,13680764,9477414,8941086,7473308,5849247,7735686,4772443,40523245,29449359
213,000687,2017-09-07,0.002965159377316562,0.014825796886582587,0.30176431761883665,24732.0,94552.88321364204,1999,55641383,55879546,1490236,1024371,11641874,9287930,10717640,10552202,13941635,14597167,7684365,8316593,2764311,2358123,3032361,2197636,4368961,7545524
214,000690,2017-09-07,0.0025094102885823144,0.007528230865746499,0.22106542593625692,17010.0,136590.70459241417,1300,38182104,44704611,1103964,1187871,5946865,5207686,5281022,5090012,7304645,9010078,4946090,3845786,3428659,5285217,3069182,3866138,7101677,11211823
215,000691,2017-09-07,-0.008021390374331583,0.00401069518716568,0.44316844196398636,13518.0,37250.928040759936,284,3953228,2859289,235625,297211,1619258,1285255,969385,679846,615776,318737,513184,278240,0,0,0,0,0,0
216,000692,2017-09-07,-0.017045454545454586,-0.005681818181818232,0.30946457297839264,9152.0,104190.48488231981,517,11580335,7255251,371618,1003222,1972689,1467608,1580222,1399044,1055560,1694131,1202946,918707,383350,306675,490000,465864,4523950,0
217,000695,2017-09-07,-0.0025684931506848585,-0.0008561643835616195,0.4714901789054487,10512.0,53865.90524781779,613,6798487,10126197,383680,616926,1713331,2716254,1507011,2310199,1608985,2915464,0,461580,1097962,661554,487518,444220,0,0
218,000697,2017-09-07,0.007858546168958647,0.0051080550098232536,0.4598619931000857,69957.0,572259.1490316504,3067,328911601,267972502,680724,691085,11238331,11860093,19533099,16550308,35960785,29909092,32871425,26201218,29169791,21743090,17306645,17604722,182150801,143412894
219,000698,2017-09-07,-0.004255319148936176,-0.005673758865248235,0.20655215732762827,14679.0,112469.05401973946,1165,34679106,20522361,1008630,1012768,6200268,4416497,5468537,4035353,8337437,2401080,3873139,1493585,2445900,2109429,0,834675,7345195,4218974
220,000700,2017-09-07,-0.028225806451612878,-0.016129032258064502,0.18207911212185107,22909.0,130927.14107282773,1671,62023813,39372943,1126082,1212026,9668734,7710724,8904048,6349501,11973831,7828665,6827983,3810768,6798511,2094636,3586846,1809325,13137778,8557298
221,000701,2017-09-07,-0.0060606060606061,-0.0015151515151514694,0.36673584609533055,15816.0,110501.87347851373,1295,34738880,22429907,883041,1225750,5921002,6613553,6354137,4727026,7170897,4870475,3422779,1922478,2070620,1313317,0,940930,8916404,816378
222,000702,2017-09-07,-0.07641509433962268,-0.06886792452830193,0.20819538224148473,32719.5,336219.5533508128,2626,145421718,122617975,1604571,1925759,13259164,9478994,16868572,9786145,24263448,13130382,20686792,12263834,11947634,8484755,13393380,5310288,43398157,62237818
223,000703,2017-09-07,-0.0036144578313254128,-0.0066265060240965346,0.3691332693715057,6595.0,131226.06650085456,2026,34643958,34238626,633364,4818495,3988057,7458088,3324070,3696928,6287643,3484673,1237439,3376525,2578341,2050757,2346089,1282527,14248955,8070633
224,000705,2017-09-07,0.006796116504854233,0.006796116504854233,0.3276370081247244,9319.5,39826.88668804639,988,8733881,14496349,791150,880229,3167337,4846402,2159781,4200352,1783701,1776038,477792,2101783,354120,691545,0,0,0,0
225,000707,2017-09-07,-0.004098360655737765,0.0,0.2587533139884396,16847.5,108465.3966155447,800,25813617,17389657,593027,665933,4218567,3053799,2669329,3105922,3924672,3375726,3220365,2434588,4549307,1319910,3157613,853049,3480737,2580730
226,000708,2017-09-07,0.02052980132450344,-0.015894039735099397,0.2689360897561679,32780.0,587862.8064931192,3160,252615559,242118461,2031140,1405698,10557320,11597568,13326527,14333084,26402607,25462560,16428074,18421359,18534623,16188245,16250735,15501505,149084533,139208442
227,000709,2017-09-07,-0.010330578512396604,-0.008264462809917328,0.08322572861063561,74555.0,412834.3577280407,3402,376845024,298348233,859038,1123031,13569672,12316042,23596204,17812888,43120765,42399755,42559206,34319832,29498277,21052560,26966249,19292884,196675613,150031241
228,000710,2017-09-07,0.017869184086311662,0.030006743088334398,1.2232055848838075,52794.0,246634.36175462193,2354,136498868,135724178,635196,811327,10214240,10866835,15867213,14729671,24883350,24986396,14985051,18724378,12274750,14856426,12556876,6353259,45082192,44395886
229,000711,2017-09-07,-0.00809716599190291,-0.004723346828609976,0.47468300227160215,14770.0,70867.49172996273,974,16590437,15109768,737291,858777,4943831,4702833,4095858,3659959,2296978,2260176,750600,1792475,1587882,318168,451597,456320,1726400,1061060
230,000712,2017-09-07,-0.0234693877551021,-0.010714285714285787,0.49701366527697055,23495.0,125837.32773477108,1555,66057097,38916245,1285837,1041382,8495067,6074579,9732570,6877700,13851648,7641853,8194096,6144411,4164221,3737014,4572664,1302116,15760994,6097190
231,000713,2017-09-07,0.0036496350364962904,0.0048661800486617945,0.3010295963706658,11536.0,56059.42026722622,745,10750722,12225286,526450,1056006,2431633,3628755,3070359,2015053,2936590,2051323,457175,1236312,1328515,1377663,0,860174,0,0
232,000715,2017-09-07,-0.012669683257918618,-0.007239819004524861,0.5439339141864277,9877.5,58392.97710395541,412,6305904,3601984,269162,390185,1535584,1706643,1265432,266277,713728,915479,648648,0,385088,323400,405890,0,1082372,0
233,000716,2017-09-07,-0.00591715976331364,-0.002958579881656709,0.1873809081497276,12825.0,113333.95059442059,1302,29659769,21491917,1211757,1087143,6236771,5490224,4700887,3109764,6373318,2884033,1846217,1440493,1677789,714980,888406,896360,6724624,5868920
234,000717,2017-09-07,0.03333333333333344,0.012643678160919603,0.1470722704984588,120626.0,676301.8062371049,3510,593001913,479478059,456941,489834,12474528,8867605,26486718,18322894,50699166,43241778,45693810,36029309,38639141,39081001,38285159,34514161,380266450,298931477
235,000718,2017-09-07,0.00723327305605781,0.018083182640144635,0.12393549100080653,15792.0,271857.8994369004,1995,84180636,91539206,1739415,1292905,8429252,7215830,5888291,8893431,7450693,13551933,6023461,11854012,3849608,6737539,1836800,4029449,48963116,37964107
236,000719,2017-09-07,-0.009972801450589208,-0.005439709882139487,0.3416950095505139,13176.0,53096.8405587381,1042,11371906,13937259,564300,1222836,2735367,9941121,1507230,1421368,1794135,656138,1456844,695796,691743,0,406616,0,2215671,0
237,000721,2017-09-07,-0.01449275362318836,-0.0039525691699605625,0.21756899434573532,15120.0,90566.31083783919,1217,25136565,23118183,1081746,1411957,5342940,6410632,3551110,4350768,3245951,3166090,3355290,2347516,2165833,1450161,1826872,821778,4566823,3159281
238,000722,2017-09-07,0.0008244023083263663,0.0016488046166529546,0.4690200451417933,17052.0,103338.95411925236,668,15258734,19184369,486746,461630,3268394,3070657,2730077,2613755,2654694,2943541,1557459,1653280,1094220,2567394,2297213,1895003,1169931,3979109
239,000723,2017-09-07,-0.02275189599133265,-0.01950162513542797,0.20772617322060802,23582.0,203175.5226400861,1977,111185643,71306403,1262921,1601466,8914523,7348587,9935124,7485688,13568960,14599902,9767719,7336196,9139682,8289672,14170220,6763592,44426494,17881300
240,000725,2017-09-07,-0.01492537313432829,-0.007462686567163979,0.0683004376088135,51740.0,688434.3794454794,3491,521493342,282792032,1844049,702623,24235736,8410509,31400847,12781666,47911564,19617976,35322175,16818330,18737861,13236856,23933089,13562454,338108021,197661618
241,000726,2017-09-07,0.004987531172069959,0.008312551953449931,0.233965821335966,10881.0,52147.15224553567,2648,19465399,32278147,740137,3683511,6298140,14564203,4869607,4331980,4354899,4720759,656841,1751292,338240,699540,0,405142,2207535,2121720
242,000727,2017-09-07,-0.0034965034965034336,0.0,0.07273195845893965,13110.0,270068.73420635256,1556,52599298,45528663,1095012,1090857,5258781,7437080,5700375,5051182,5973139,5885608,3150057,5203930,2064385,1307480,1325622,1814230,28031927,17738296
243,000728,2017-09-07,-0.017217630853994526,-0.0020661157024792765,0.274888383229228,43470.0,264720.8677029754,2791,197476482,171976518,1242730,958485,13995897,9697480,17677501,13568053,27962346,23841154,20629976,19994270,16362992,17705077,12673036,9020292,86932004,77191707
244,000729,2017-09-07,-0.004601226993864893,-0.0015337423312883347,0.14538196066740058,5859.0,82103.31647833102,2015,22422215,22160816,1811870,2575903,6698770,4346015,2306399,3661935,3371124,2942137,959752,995943,1325989,312960,883779,1323273,5064532,6002650
245,000731,2017-09-07,-0.019406392694063967,-0.0148401826484017,0.2327412361802966,17420.0,144387.57905322706,1417,57111849,29242017,1545895,1217204,6744168,6741211,7154240,5705490,6412374,4940004,4719228,3307874,5801054,3254413,4408584,2685962,20326306,1389859
246,000732,2017-09-07,0.055192878338278906,0.06290801186943606,0.3671847131213592,26010.0,199601.3708520976,2107,68791121,119059233,1050067,1629665,8328850,9090402,9792090,11742548,17581625,18379581,8914636,9291142,5157045,11016628,2650579,6139018,15316229,51770249
247,000733,2017-09-07,-0.01416765053128699,-0.010035419126328327,0.3327973698396874,27152.0,226491.50660446877,2592,132132419,88054159,3744683,963602,11197110,10552578,15647937,11848935,23489759,19074462,14942489,9015087,11740060,5659434,7986289,4824471,43384092,26115590
248,000735,2017-09-07,-0.0014662756598241566,0.0058651026392961825,0.20593584673740092,13740.0,144797.2422994768,1097,28652857,23633539,981790,898780,5931842,3734174,4454575,3297387,4890337,4152984,3703077,2148043,2433221,1434876,0,840564,6258015,7126731
249,000736,2017-09-07,0.011707988980716344,0.019972451790633672,0.4043822660135853,16126.0,99124.13038908501,1290,26625992,35236265,1101189,852055,6586036,6065077,3921319,4631696,5862681,8723943,1541741,4509307,2074676,3100497,3712339,1378356,1826011,5975334
250,000737,2017-09-07,-0.003236245954692518,0.009708737864077666,0.19021749730503695,13684.0,145121.28943851215,1056,27378317,30048265,668433,1009978,4019550,4494767,3780161,4748111,4659128,4499562,3828113,2429876,3405880,3454463,877305,2301137,6139747,7110371
251,000738,2017-09-07,-0.017821782178217838,-0.010396039603960405,0.43931085284691157,26000.0,255751.6503615763,2115,97802511,99152252,1452854,1083108,9692999,9241856,10338447,9162013,14249406,17271147,10497203,12604491,9960178,7054513,8714292,4916949,32897132,37818175
252,000739,2017-09-07,-0.0014184397163120588,0.0014184397163119478,0.31631098440104405,14100.0,82998.99186915375,496,8625785,8665187,331637,415857,1544164,2921620,1510157,2333844,794055,1389942,774706,1292314,733932,311610,439375,0,2497759,0
253,000750,2017-09-07,-0.015974440894568676,-0.01118210862619795,0.13995112525410647,14904.0,269540.3380803525,2004,107354521,58365319,1436397,1903385,7690851,9108246,7697105,7809023,10149051,8989839,3591806,4039971,5221661,4218675,5333804,1821190,66233846,20474990
254,000751,2017-09-07,-0.006163328197226536,0.0030816640986131016,0.11775382642542234,51090.0,247845.2295706923,3047,215151120,183365247,1422409,1322511,12701245,11128732,20344180,19151602,31817489,31022636,26465395,18965175,19309601,17230686,17659739,14173273,85431062,70370632
255,000752,2017-09-07,-0.004369992716678817,-0.002184996358339464,0.5193977986894732,13810.0,66398.45573687757,698,11934465,10960093,546589,514074,4112819,3365753,2385549,1782518,2411421,2836990,1484837,718142,0,0,0,481184,993250,1261432
256,000753,2017-09-07,-0.012631578947368327,-0.006315789473684275,0.17206009469696962,9943.5,98792.84107329881,762,18485138,10264825,1019439,650597,3944357,2784364,2794156,2119621,1977169,2578401,1218591,544890,1413937,0,1842600,436080,4274889,1150872
257,000756,2017-09-07,-0.019765287214329907,-0.011117974058060476,0.556586099786584,14359.5,137464.50984421067,846,24726770,11564903,1003407,736751,3475339,3944913,2924556,2441393,2592772,1687294,1527733,434753,2463047,1007983,969000,485700,9770916,826116
258,000757,2017-09-07,-0.009641873278236845,0.004132231404958775,0.30263674732549917,11648.0,66735.12300738845,575,12062911,7520242,541050,494438,3236081,1856194,2011204,1008374,2324676,1718630,1734218,1046696,1706783,328878,0,455080,508899,611952
259,000758,2017-09-07,-0.023199023199023117,-0.019536019536019578,0.1639044273855984,28525.0,280008.22487920476,2501,158038171,104268746,1285040,2033459,10317632,12113865,12195688,12851437,18790622,16874018,16892704,12880922,11004605,6070906,10248355,6932105,77303525,34512034
260,000759,2017-09-07,-0.012087912087912045,-0.005494505494505364,0.2918767112615819,10800.0,110894.01586886913,972,23444045,13180820,849491,1276263,4125499,4892287,2532290,2406641,3008319,2327387,1001566,703723,1091499,672822,2643986,0,8191395,901697
261,000760,2017-09-07,0.00421940928270037,0.007383966244725704,0.2770338434116754,9650.0,83730.8023198068,1171,21322821,19563782,957078,1266873,4494198,4119987,6007658,4358887,4558982,3172311,1481705,1852573,652120,1381735,0,937461,3171080,2473955
262,000761,2017-09-07,0.01185185185185178,0.01925925925925931,0.12540399454146553,42399.0,497399.55248035264,2915,233418496,250363365,1636831,1169022,13024655,9316139,18024468,16075715,29034125,23755435,19791490,15331413,16780245,14821491,11716136,11608247,123410546,158285903
263,000762,2017-09-07,-0.006428988895382792,-0.004675628287551081,0.3360698492484346,35826.0,231143.06705380525,2595,158953182,108049834,1202570,1247480,11891380,11240457,15650475,13468690,27718570,19891375,18985847,13009396,16633028,9032537,6352649,7467915,60518663,32691984
264,000767,2017-09-07,-0.00835654596100277,-0.005571030640668551,0.14816071707238307,9639.0,60046.99324701693,587,11313888,5547569,642256,357899,2959189,1771730,2251243,1104902,1019230,1456344,1439671,0,2500000,382344,0,474350,502299,0
265,000768,2017-09-07,-0.01729559748427667,-0.009958071278825864,0.3745053468012869,24635.0,251741.97497408965,2596,136144258,82632292,2098581,1317454,12463491,9640892,17303217,11092410,25549391,15272420,11671247,9042428,6567618,6269535,5324718,3734119,55165995,26263034
266,000776,2017-09-07,-0.014560582423296942,-0.0026001040041602197,0.3501324691201638,55709.0,380585.51240880025,3018,306520207,260503965,2219257,1012812,11941703,10560357,15725611,12580978,31024300,25742035,27552239,31280479,22737467,24222840,21775068,19799379,173544562,135305085
267,000777,2017-09-07,-0.0078037904124861335,-0.0011148272017836858,0.5407244861455374,17960.0,72442.84152316183,1100,24279352,21414452,870045,901345,4974173,6041937,6391894,4802885,4820396,5044598,1970107,1138590,2324437,1843789,832728,467399,2095572,1173909
268,000778,2017-09-07,-0.005830903790087438,0.002915451895043608,0.12812623811031656,39216.0,351851.5087114283,2873,192860557,157733184,1522972,1130383,15256301,11718061,18653497,16247944,28663395,22794972,21228185,14245451,11587651,11373774,12745589,12410272,83202967,67812327
269,000779,2017-09-07,-0.011612903225806437,-0.003225806451612967,0.48616889400548036,15520.0,47083.08843647095,1016,19222967,13603721,838038,994758,6618571,4361906,3750115,3763295,4916167,2733892,2140968,1440270,959108,309600,0,0,0,0
270,000780,2017-09-07,-0.023465703971119134,-0.009025270758122761,0.16364372881559058,15400.0,75761.753001082,1147,26199844,20101772,871824,759529,5461182,5020117,5058940,4325826,5041153,3865932,3179212,2411845,1417669,2097116,1766621,437553,3403243,1183854
271,000782,2017-09-07,-0.009554140127388533,-0.007430997876857748,0.3960364913719921,10307.0,68481.68416683594,565,11307037,8343785,728742,603264,2935212,1769804,3108565,1652787,1840524,1129647,1324647,1175483,399752,345015,451605,943045,517990,724740
272,000783,2017-09-07,-0.017946161515453585,-0.003988035892322994,0.22655863629385634,20080.0,284258.90993079304,1961,84957866,91125253,1399376,1310789,9044798,7152403,9687596,9250782,11459836,11500268,8948883,11793625,4193473,4342026,3965591,4889467,36258313,40885893
273,000785,2017-09-07,0.0063348416289590315,0.008144796380090469,0.46211359149929376,11160.0,187889.16095401373,571,15928536,17118245,228669,825696,1699450,2502068,1014292,2165046,2840480,3684140,1916508,1166762,681361,2169184,1313879,415152,6233897,4190197
274,000788,2017-09-07,-0.0057636887608070175,-0.0009606147934677622,0.43684180344732265,13533.0,60369.57820429783,567,10286237,10201740,370924,532227,2051799,2871799,1950195,1901629,2998891,1598568,1868124,2210665,622800,674220,423504,412632,0,0
275,000789,2017-09-07,-0.0037406483790523026,0.0,0.2562886282658702,8029.0,80945.82619427895,979,17809648,17400179,905208,1600213,3714960,2992597,2995831,2186660,3676261,3281113,3845044,2491559,0,621891,866440,3044967,1805904,1181179
276,000790,2017-09-07,0.05402542372881358,0.044491525423728806,0.27249708937336425,22000.0,163955.81617421354,1201,31267638,51419502,1088211,921290,5849332,4968238,5236506,6469234,5906495,9591603,2933017,7565042,2517511,2299012,2149657,2801205,5586909,16803878
277,000791,2017-09-07,0.0,0.0036540803897684437,0.28100556624592915,11564.0,59879.982177833284,853,14619893,13469971,982756,912038,3270347,3430701,3089572,2039478,3737652,3233210,1755011,2352449,1784555,979237,0,0,0,522858
278,000792,2017-09-07,-0.014273719563392073,-0.013434089000839644,0.26352509725149037,30874.5,258186.95624779855,2044,136643209,83978824,969028,1147891,9245495,9050706,9589569,8680865,17893902,14833300,13622693,14042858,10895520,6891611,9800123,5280373,64626879,24051220
279,000793,2017-09-07,-0.004703668861712251,-0.0009407337723426057,0.31182398745470696,12756.0,449497.70919918007,1162,40861876,31668530,1001340,800608,4781663,5285680,3514562,3585772,8605947,4872223,1805031,1854544,1759875,323760,1309457,867808,18084001,14078135
280,000795,2017-09-07,0.0,0.01298701298701288,0.1350038359765033,56794.0,214965.93827471122,3263,185250804,196942184,1088763,1291914,13810442,13910174,22762819,24985724,32620745,42985365,26495258,28567121,22083278,20537977,17688081,10578548,48701418,54085361
281,000796,2017-09-07,-0.03105590062111807,-0.024844720496894568,0.31599889076234355,32040.0,163070.31034824252,2601,129275934,85142400,1235730,1518985,13653499,10872392,14809992,12758795,35773620,15222849,13792014,12015623,9309250,8148098,4222462,5024110,36479367,19581548
282,000797,2017-09-07,0.0,0.005434782608695787,0.32864671378130583,22260.0,172941.4017456398,1128,36433458,51091951,583774,647541,5037096,5867901,3976647,4492204,7098116,9129031,3812407,5621710,2990110,5491394,1759513,2342136,11175795,17500034
283,000798,2017-09-07,0.005324813631522707,-0.0010649627263045192,0.41427145578785757,9380.0,26716.63620903459,513,4321042,4550967,484087,1058101,1652046,1894906,896770,1060747,1288139,537213,0,0,0,0,0,0,0,0
284,000799,2017-09-07,0.012723658051689846,0.005168986083499139,0.4697832477042036,37470.0,185227.05491655527,2867,123807363,127367908,950760,1261309,13726393,15626442,16938375,21866721,25142903,25248014,14538750,13147315,10917867,7860425,6829693,4934427,34762622,37423255
285,000801,2017-09-07,-0.007168458781361853,0.0,0.24303836660107475,9196.0,77488.90062422933,1186,21613857,18121474,2238355,1089926,6651012,3794734,3891360,2589186,3135774,3057094,2346794,715064,1032084,1824335,426174,3142923,1892304,1908212
286,000802,2017-09-07,-0.015679442508710784,-0.0017421602787455193,0.3646677894383653,24122.0,143903.3262285126,2230,81056525,61442260,1155131,1577363,11877920,11268357,12998939,10277383,18946736,13524229,8949712,7257960,6402968,3838910,3118556,1386048,17606563,12312010
287,000807,2017-09-07,-0.014426727410781992,-0.0030372057706908873,0.23468287269592628,71820.0,549981.0829569628,3157,359905218,384293839,852432,897275,11633344,12892611,17588059,18759462,33096274,33213556,23765556,28355959,24279507,22375855,25604142,16381275,223085904,251417846
288,000809,2017-09-07,0.004938271604938427,0.004938271604938427,0.197462834127534,13600.0,113127.20724185224,420,11228865,9368577,262706,319468,1591807,1936767,1650446,1382784,1970190,1683240,202999,1317649,302469,630302,2528098,820919,2720150,1277448
289,000810,2017-09-07,-0.0009132420091324533,0.0018264840182649067,0.43325348936813585,10910.0,59930.21273851548,638,8519607,8351268,622376,707498,2240502,2502333,2113845,1874505,1291317,1277653,703732,701030,0,0,434975,0,1112860,1288249
290,000811,2017-09-07,-0.0244140625,-0.015625,0.2363657393511825,11110.0,62416.48929517623,1877,36525135,13112677,1272038,523165,12530728,3290715,4562996,2411465,8751006,2344875,2687104,1227445,1615432,1743541,2225376,850036,2880455,721435
291,000812,2017-09-07,-0.009070294784580546,-0.0045351473922903285,0.3653514659205401,13169.0,81389.6663105273,582,14157147,8591381,707167,648528,3079223,2026676,2584987,1745346,2645875,1243890,1963918,756542,784478,1041359,868219,440000,1523280,689040
292,000813,2017-09-07,-0.0071428571428572285,-0.0023809523809523725,0.2892972157563334,6712.0,41675.03761594603,843,9600228,5546668,660980,972662,3524445,2320834,1047773,1295850,1486393,957322,923788,0,957953,0,454196,0,544700,0
293,000815,2017-09-07,-0.018382352941176516,-0.006617647058823506,0.5145791530045284,13515.0,97623.70811575325,698,19037577,8902382,652806,472855,4020818,2815584,2692811,1396533,2416187,2046934,2464091,475450,1100972,673880,1312307,479250,4377585,541896
294,000816,2017-09-07,0.010144927536231751,0.010144927536231751,0.18850815989705388,10500.0,122867.18662306656,1341,32413995,30830034,2014944,789081,6672842,3219335,6549658,2468404,7868786,4109187,2192748,2188878,2462103,4166819,912123,2298357,3740791,11589973
295,000818,2017-09-07,-0.0034217279726260763,-0.004277159965782595,0.3661116223533846,13992.0,75112.53401836424,1019,24262479,17222605,832812,797070,5198955,4525926,3448775,3604192,5728039,3242488,2619812,3081657,2457080,610084,3279672,0,697334,1361188
296,000819,2017-09-07,-0.0038888888888889417,0.011111111111111072,0.5294222713071921,18180.0,68783.18739954369,1156,22323022,22020236,1337616,821030,6073732,4990607,4493398,5444751,4901819,4957619,1675370,2433734,1465165,2099305,400684,426390,1975238,846800
297,000821,2017-09-07,-0.013523666416228375,-0.002253944402704766,0.34047696480231227,21296.0,151210.44184136335,1529,51172324,44981662,957474,1011389,7705117,6608886,6715696,7936886,10576760,8284213,8730157,4631579,5084486,2323684,2214170,3099736,9188464,11085289
298,000822,2017-09-07,-0.058260175578611184,-0.036711891460494694,0.22123189337679042,56893.5,364432.0858083067,3214,280111285,197895336,1035688,1042981,15309360,12056712,19867095,18053340,41145715,37314958,28213727,29551431,20621593,21483532,15917127,8234258,138000980,70158124
299,000823,2017-09-07,-0.027134348113831863,-0.021178027796161514,0.35750202194272546,19253.0,181549.5504979044,1788,70394420,45325627,1457625,1205918,8293038,7279663,8828419,8421958,11742775,8748102,8752280,6053113,5207101,1853045,3542213,2168847,22570969,9594981
300,000825,2017-09-07,-0.03264604810996574,-0.03264604810996574,0.10196034929657893,47544.0,421000.96991041495,3274,310170749,182128932,931242,1168763,20567252,12724449,24327615,18670711,36713711,29012473,30334970,16900256,23464019,14528961,16525766,7041441,157306174,82081878
301,000826,2017-09-07,0.007544979686593178,0.011317469529889657,0.7358217167228601,34630.0,187905.36887152912,2193,90488028,104220631,1275052,658184,12407655,10014573,11849966,12551888,18100996,18763353,10505085,7741464,10844901,11815991,5183832,7246935,20320541,35428243
302,000828,2017-09-07,-0.016496465043205122,-0.010212097407698462,0.39654241570612403,12610.0,121421.46251489934,1030,30852080,13573539,747070,419325,4427788,3855456,4280554,2279415,5638344,2671733,3267495,1776567,3065942,324096,839508,937310,8585379,1309637
303,000829,2017-09-07,0.0027752081406104967,0.009250693802035137,0.25972178369247584,9774.0,59616.87429936158,1733,21786104,30488957,674984,2033778,5304702,7239683,4148537,6846185,5677885,7598189,1233583,2270770,1911601,2866644,1764616,420354,1070196,1213354
304,000830,2017-09-07,-0.038728897715988087,-0.019860973187686315,0.17541640308535172,30535.0,216651.52923314975,3301,197806663,118115607,2972793,1233320,17457040,10844641,23488833,11657695,36095211,22888081,19114415,12001591,17076786,9056791,10960722,6721689,70640863,43711799
305,000831,2017-09-07,-0.031859557867360166,-0.01950585175552666,0.28107288766138555,46918.5,274818.82175685005,2996,203142931,153628316,1109303,1261066,13527288,14386592,20240549,19178234,34290382,30339299,17532558,17784290,21901964,12227225,14007150,9457435,80533737,48994175
306,000833,2017-09-07,-0.002466091245376001,0.0,0.27956160045280093,9720.0,60325.22292540587,841,15239462,9008792,881626,774484,4337649,2584124,3285508,1744886,3500686,1486949,1465749,1134661,676507,305688,0,0,1091737,978000
307,000835,2017-09-07,0.008273009307135482,0.005170630816959676,0.30006001382193154,18430.0,84861.65575145786,1038,17693295,26419481,781645,1387588,4436281,6072098,4091132,4858442,4546983,4648277,1865404,3057756,330820,2106979,486500,1307324,1154530,2981017
308,000837,2017-09-07,-0.008962868117797673,-0.002560819462227859,0.24250019852923105,15580.0,61897.60587039311,1037,22085552,14572014,1052010,997991,5613317,4714066,4236577,2986908,4461452,3600176,2601186,1003517,2421192,754556,918818,0,781000,514800
309,000839,2017-09-07,0.010554089709762682,-0.020228671943711363,0.19315120941092687,137268.0,1186421.277014566,3472,852305044,677993257,490729,429758,9959650,8886022,19224400,16476775,46761786,41393119,34519287,36635313,39401305,32637940,32570065,26877969,669377822,514656361
310,000848,2017-09-07,0.007526881720429923,0.005376344086021501,0.24091718923299116,13048.0,112297.29781089556,1490,21814458,47131849,834862,2122619,4032270,8913818,2774335,7783799,4292583,7696569,2825247,3884128,1006160,2468587,2236078,3618919,3812923,10643410
311,000850,2017-09-07,-0.02146690518783545,-0.01610017889087656,0.18655926299525388,14944.5,133155.20783468385,898,31353002,17442777,666234,775647,4019517,3354931,3713281,3032575,4877854,4301138,3732863,2369498,1339350,1051654,2148539,441599,10855364,2115735
312,000851,2017-09-07,-0.004659832246039164,0.0,0.28540186864567163,22156.0,185598.25439339102,1414,52384552,48782638,762855,899460,5989906,6684141,5800907,7258246,10220864,12795835,4310672,6163139,4325190,3133169,2295650,3973468,18678508,7875180
313,000852,2017-09-07,-0.0559485530546624,-0.03086816720257235,0.2746280119647377,67320.0,331814.26876708196,3209,237660418,243666298,908699,1010165,13117447,13774233,20067702,24518822,40037043,43281304,27228574,26591378,24658723,22773398,18694954,19322640,92947276,92394358
314,000856,2017-09-07,-0.013513513513513598,-0.00033783783783791765,0.562493319660262,35712.0,135316.65520193567,2769,98942674,108747428,1254790,1435826,13250158,14960478,18117291,20645240,25321972,23541303,12634253,16572354,9419197,9636401,5899871,4502508,13045142,17453318
315,000858,2017-09-07,-0.013914656771799594,-0.015398886827458269,0.9291748922178443,122222.0,798547.7373735392,3365,533922409,454723068,244778,495229,8298717,11615569,16159843,18243446,48611278,50034959,34427501,50483587,26315557,37772084,28171817,31346796,371692918,254731398
316,000859,2017-09-07,0.0,0.0,0.1656938531650366,11506.0,125869.09878622071,989,20911036,21163439,679901,962550,3522260,4632769,3272895,3154694,5051572,3882210,2174874,2006621,622656,312678,862776,894486,4724102,5317431
317,000860,2017-09-07,-0.005012531328320691,-0.004511278195488688,0.502951148606605,11904.0,104618.31905999419,1573,41205975,23948489,1664987,1481341,6331866,5235641,6497258,5069847,8166567,5851321,5304529,1221290,2804117,679371,3102817,1680415,7333834,2729263
318,000861,2017-09-07,0.005376344086021501,0.016129032258064502,0.10977105191856684,9375.0,150735.49325530734,1151,16039698,33250821,1002521,1116632,3904128,4521108,2717160,3894324,2725892,4138062,1304109,1947651,772560,2480142,457443,833492,3155885,14319410
319,000863,2017-09-07,0.00694444444444442,0.011111111111111072,0.1960751146219003,10136.0,134202.3492483425,1349,19141976,29493346,1506661,1050161,5210372,5189623,3636780,5231909,3968526,3909909,2961705,2204087,0,1464057,430831,1390152,1427101,9053448
320,000868,2017-09-07,-0.007736943907156735,0.0019342359767891004,0.19042333899701924,3126.0,54852.364346949624,737,9807673,7175313,575175,452403,1737943,1576961,1753546,1655900,2518646,1935722,1398995,1152621,1109784,0,0,401706,713584,0
321,000869,2017-09-07,-0.012686155543298439,-0.00468836183121879,1.1974868925447173,18140.0,88346.15172729974,916,26924358,13146082,671411,567780,6209334,3765867,4757692,3068010,6213553,2690673,3849098,416433,1755556,977339,404096,0,3063618,1659980
322,000875,2017-09-07,-0.003937007874015852,-0.0019685039370078705,0.17826491232025043,10140.0,86761.59885442717,812,18832393,8690436,877277,485646,3812137,2255349,3365637,1597877,2787633,1427292,3074966,923775,1532061,396474,1728569,880631,1654113,723392
323,000876,2017-09-07,-0.005270092226614009,-0.0026350461133068936,0.17020818940462845,8327.0,186362.29611703724,1991,50761582,41675444,2410531,2877597,5284510,7440661,6589054,4988389,7486721,6179924,2684369,2466687,5999935,2412712,1345036,897268,18961426,14412206
324,000878,2017-09-07,-0.025982256020278816,-0.008871989860582907,0.2887827195042368,80733.0,656676.5197285194,2991,383468781,344983353,801067,854628,11383514,10519416,17425715,16589580,37679369,34098502,29785897,25482240,27391543,26126108,21590322,23320590,237411354,207992289
325,000880,2017-09-07,-0.003478260869565153,-0.0008695652173912327,0.29961513366815123,1154.0,44178.0891796369,1473,8234557,8569107,282804,2753834,1785425,2241880,1194666,802682,1420342,785405,748587,676032,629033,698538,1265632,0,908068,610736
326,000881,2017-09-07,-0.019377568995889716,-0.012918379330593255,0.4839813630129676,11760.0,142955.39712444894,1239,54262179,16881095,1650739,1002112,3842130,5191159,2948410,2492247,7229607,3122907,3142654,1459540,10853679,1001534,2965376,1729417,21629584,882179
327,000882,2017-09-07,0.0,0.00273972602739736,0.12483798348193466,7320.0,71993.26838851986,856,11410356,11285213,787441,851258,3389947,3180545,2763036,1132738,1365750,2034658,1752367,1362082,347700,327364,474500,931104,529615,1465464
328,000883,2017-09-07,-0.009803921568627416,-0.007843137254901933,0.13846450738901078,5070.0,86832.48285298163,1358,19823755,12903615,1966823,564687,4583356,2732178,2759814,1887381,3767929,1869779,2362985,673232,304200,1027376,1359607,1234239,2719041,2914743
329,000885,2017-09-07,-0.01392342118349088,-0.009448035803082955,0.410253755812338,31983.0,109205.19878652247,2403,82830872,69800995,1205658,1736774,12219830,12426864,17375756,13639861,23335844,18024292,7993743,9864783,5937362,4861429,3544038,1306244,11218641,7940748
330,000886,2017-09-07,-0.011456628477905073,-0.00327332242225864,0.20021851234035512,12210.0,201750.62388125545,932,32657706,19075389,767430,824871,3968576,3191223,2689434,2759334,4031722,6173809,2192491,719721,2947905,1738191,1377534,0,14682614,3668240
331,000887,2017-09-07,0.013479780329505697,0.003994008986520026,0.41193160511768706,54351.0,287899.7540008376,2366,174837913,157370916,746819,526615,9840226,10101381,13968942,15639998,25307045,22980780,20469122,18618311,13783423,13453352,16554501,12497276,74167835,63553203
332,000888,2017-09-07,-0.0033698399326030914,-0.005897219882055493,0.4376417287605888,17790.0,109513.09832843728,735,21962874,16456873,437165,616361,2530651,4088588,2929066,2903419,5062274,2629018,3946362,1677158,1081101,992667,2810872,427424,3165383,3122238
333,000890,2017-09-07,-0.004981320049813109,-0.002490660024906499,0.2940688388120578,9647.0,59695.90503525491,745,11064766,11466911,693964,988746,3188342,3350393,2470799,1611687,2224406,2347902,1209323,1001394,707620,1040001,0,457808,570312,668980
334,000892,2017-09-07,0.02944785276073625,0.004907975460122671,0.29513792678925277,16310.0,79798.0941661969,762,16628164,17159714,853570,667689,3760160,3512321,3418386,2808950,2986797,3973170,1657477,2287740,1690911,1084918,2260863,834858,0,1990068
335,000893,2017-09-07,-0.012168141592920345,-0.0033185840707964376,0.22680394011936555,14256.0,82279.56815475896,1590,32883619,30037633,1400598,1516833,7391676,6288810,5452983,7675195,8474913,8464872,4487768,1628250,2585896,0,924680,462470,2165105,4001203
336,000895,2017-09-07,-0.008189655172413657,-0.0021551724137931494,0.4230421831027632,34515.0,140992.19713330927,3017,76522914,128137987,1231148,1153704,9958863,29730924,14350486,26594941,12615430,18755060,7723121,10600551,5519887,9642625,2326071,4093547,22797908,27566635
337,000897,2017-09-07,-0.004514672686230181,0.0022573363431153126,0.12646588685743435,11492.0,100588.94000957152,1229,19334980,25734341,1088377,1136652,5070073,5723312,3274626,3372717,2582845,4449903,2277847,1718908,1046956,2339521,931500,1814283,3062756,5179045
338,000898,2017-09-07,-0.006747638326585648,-0.012145748987854255,0.1367356347101314,18850.0,262356.89232386317,2943,156199115,104031839,3226900,974732,15560132,9193186,13987689,9860587,19347180,13309261,18457942,9069618,11965179,10768158,6761856,4114076,66892237,46742221
339,000899,2017-09-07,0.004048582995951344,0.006747638326585648,0.32980026470676926,11160.0,98350.3394957943,504,7914320,11726119,469042,446353,2052309,2286815,1296580,1428697,1236177,1296207,749666,1547132,735805,1415258,0,841822,1374741,2463835
340,000900,2017-09-07,-0.011128775834658211,-0.006359300476947549,0.18078652730802258,10642.0,117157.40855123843,1211,30994569,15512406,1275621,735489,5635208,2990954,6653272,3041897,6126138,3330853,1204787,1168852,2407896,952266,1296993,421200,6394654,2870895
341,000901,2017-09-07,-0.018707482993197133,-0.008503401360544172,0.7451779888865707,27781.5,117827.45061629437,1556,57603084,42803327,959225,1107182,8324093,7184611,9531889,7985976,12169270,9003458,5861536,4559585,4015077,3159135,4428318,1345861,12313676,8457519
342,000902,2017-09-07,-0.010526315789473606,-0.001052631578947305,0.24440463535493887,13286.0,114827.76297862608,1513,31951810,35859215,632035,2352325,3767964,10513964,3357264,7083119,6827481,5717406,3471247,2794645,2800631,1342934,1404108,1915280,9691080,4139542
343,000903,2017-09-07,-0.004878048780487698,-0.0024390243902439046,0.11528180728346223,8589.0,92274.57752191195,1267,28645506,11537904,1395092,693124,8075718,3444987,4017772,2838292,4478055,1594934,3682039,409499,301024,387323,497344,0,6198462,2169745
344,000905,2017-09-07,0.0013495276653170407,0.006747638326585648,0.3022910312606951,29880.0,130093.34326960094,2404,76358210,84633628,1248267,1291074,12755654,13985181,13160553,13866830,18016768,19563286,8876739,10037069,6060732,7252855,3528111,4487515,12711386,14149818
345,000906,2017-09-07,0.0010449320794148065,0.008359456635318674,0.3154253165436078,15077.5,80776.81675573353,920,17106486,19895783,1001680,727599,4566257,4478003,3286860,3543207,3881188,3741418,1422835,2415139,1076123,1676649,924875,480072,946668,2833696
346,000908,2017-09-07,0.004021447721179738,0.008042895442359255,0.3028562667841742,10528.0,107434.93784561602,606,10909346,12498971,585554,736509,3178459,1946925,1520707,2503689,1524344,1729626,456698,1440126,671400,712050,851702,1300257,2120482,2129789
347,000909,2017-09-07,-0.02409638554216853,-0.015060240963855387,0.3564485930074785,18326.0,162623.32508472406,1389,42698903,21878787,833901,1200581,7511890,7218725,7430458,4921981,7037475,2900508,4072302,2321545,2467144,991435,1303185,813012,12042548,1511000
348,000910,2017-09-07,0.002321262766945331,0.0018570102135562205,0.5275105017131553,10785.0,71390.92251626172,1669,20987980,23151820,982830,1267649,3209114,10764916,3719789,3730307,3973589,5091273,3388142,492970,308160,727205,1284000,0,4122356,1077500
349,000911,2017-09-07,-0.006722689075630228,0.001680672268907557,0.365568915995892,11910.0,57526.78512733138,1059,20546329,13227881,902109,847539,4886441,4154263,3336355,2801842,5362179,3238269,3554718,697075,1382999,1043769,0,445124,1121528,0
350,000912,2017-09-07,-0.02391304347826073,-0.018478260869565166,0.19568472658230976,15350.0,87882.58724463891,2212,53725237,38903442,1864963,2523928,10436353,10130837,10053671,7353609,12100643,8044501,4003764,4835751,3465540,632084,3964996,954593,7835307,4428139
351,000913,2017-09-07,0.005830903790087438,0.011661807580175099,0.7611715863992712,13768.0,149846.79418680636,507,8642948,13826776,446408,491062,2031055,2551319,1483410,1545005,2756719,1104695,718718,299117,349638,0,0,478656,857000,7356922
352,000915,2017-09-07,0.014896988906497599,0.01204437400950864,0.7799926800957322,38414.5,195293.77705669747,1636,72599630,78713965,926287,782037,8357926,7960489,10193893,12444036,9450801,12689249,6476277,7135814,9525056,5087313,1439287,4923597,26230103,27691430
353,000917,2017-09-07,-0.008078994614003632,-0.004488330341113178,0.22094045309384464,16665.0,161746.66288122223,2544,106197210,58654892,2295217,996939,11909953,8242132,12760191,7044187,21797158,11460927,13263965,8154636,5796356,7913365,6262755,1793076,32111615,13049630
354,000918,2017-09-07,0.015130674002751032,0.02063273727647874,0.18167147645612663,20888.0,251651.50559166388,1603,52566831,61499438,1189368,1188542,7501311,7297217,6039265,8247752,9858713,10200179,4288497,5804183,3696204,6097707,1683621,2689842,18309852,19974016
355,000919,2017-09-07,0.0157699443413728,0.0018552875695734272,0.32005172484453775,10225.0,65102.85666152875,1134,19212395,19740868,1870421,564788,4155523,3140844,3401770,3351240,4274760,6623418,3142655,3581302,697387,990660,927600,886056,742279,602560
356,000920,2017-09-07,0.002572898799313883,0.007718696397941649,0.4102690791028444,15249.0,76226.23551983414,807,15230976,17703414,717932,663230,4170341,3891346,3343072,4083570,3407609,2284784,913339,2996983,300947,1422729,0,402192,2377736,1958580
357,000921,2017-09-07,-0.01421091997008228,-0.008975317875841382,0.310395073037989,13260.0,118117.64897818345,1856,54717477,28673448,1772255,877827,11515054,7207438,7895671,6302640,6466009,4230123,4818758,2784527,2835216,2495896,2709691,1778180,16704823,2996817
358,000922,2017-09-07,0.007001166861143604,0.005834305717619559,0.254881436061564,17120.0,85382.28043981627,1131,24974459,23464809,937228,1017630,5532972,4935582,4832821,3978332,6675076,3422127,3897542,3487580,1399089,397176,955867,1297347,743864,4929035
359,000923,2017-09-07,0.0034364261168384758,0.008934707903780037,0.6094523446152562,29185.0,93489.66562597564,2280,65370726,63993551,1441783,1414700,12603169,11599677,13125906,12850334,15652310,14160515,9029781,7039083,5859271,6115082,1897071,2222839,5761435,8591321
360,000925,2017-09-07,-0.014038876889848728,-0.0037796976241900593,0.614622486635523,18520.0,77970.73315891225,908,21449072,13679196,772028,788127,5532988,3896940,4082518,3084454,3770708,3030288,1870870,1133380,1908923,381095,0,0,3511037,1364912
361,000926,2017-09-07,0.02682926829268295,0.03577235772357712,0.2725855045262265,27170.0,330630.3370627575,2037,73902104,152365956,724618,1801287,6581183,8645685,7781794,16709506,11888948,18429329,8446763,10543119,6429582,9473095,6087789,8209037,25961427,78554898
362,000927,2017-09-07,0.0017361111111111605,0.015625,0.11948268756054903,28910.0,196472.7030662735,2331,106440128,85914017,1439450,1238581,10974145,8895108,13246647,12705816,19821922,15814238,15756320,8789393,7819129,6540676,6266288,7923061,31116227,24007144
363,000928,2017-09-07,-0.012101210121012063,0.0,0.1793278750671807,29248.0,220205.4909822724,2573,130863300,89831841,1101590,1475717,17773559,11282576,15874128,11437133,21553472,16760925,11799821,11396801,11690397,7286575,8479015,5139406,42591318,25052708
364,000929,2017-09-07,-0.013649425287356243,-0.015086206896551713,0.4623185571016744,13765.0,61343.56201723005,906,20005314,8486283,902602,743502,4335374,3968794,3525411,1442334,3843568,1110131,3156279,441655,1813801,310763,1302399,469104,1125880,0
365,000930,2017-09-07,-0.011904761904761973,0.0015873015873015817,0.24387884252868286,30360.0,169610.1508446842,2671,121747759,106724597,1267925,1083225,14351079,11718409,14863956,12675612,23678106,21779372,16675554,11331338,12144266,8855995,7932472,6652888,30834401,32627758
366,000931,2017-09-07,0.006510416666666741,0.01171875,0.20284173422900748,15540.0,84268.86685609668,1434,25528962,33043730,1219736,1285947,7265963,7202342,4626619,5594660,6411527,6316850,2322560,3122751,1696616,2521554,465600,2661547,1520341,4338079
367,000932,2017-09-07,-0.08130939809926097,-0.06652587117212261,0.1662835636616758,82119.0,742300.1742405081,3267,412762263,403913527,940072,819438,13414232,9697447,17374514,22010741,33778795,40906744,23529521,27499355,24858474,27265748,24721897,21765076,274144758,253948978
368,000933,2017-09-07,-0.019103600293901568,-0.010286554004408477,0.24831181458189272,62330.0,510187.50021738943,3009,297451699,283600438,1098227,1003305,10527645,13437683,16452788,18208197,28949309,33241315,31211048,32298863,26519883,18442351,21181082,20959333,161511717,146009391
369,000936,2017-09-07,-0.018741633199464536,-0.016064257028112428,0.1790882769064622,11175.0,103381.62410925637,1742,40431351,14016244,1247837,1480589,11444017,4622484,7916948,2420072,5926914,2854007,2494913,1429294,2094231,0,0,0,9306491,1209798
370,000937,2017-09-07,-0.005464480874316946,-0.00819672131147553,0.1289370963766865,30176.0,246515.68348975683,3233,160948673,149501742,887202,2688072,9635425,20021104,14869776,18926253,26403560,24225763,14617109,18718155,11206797,9826506,9939851,7090661,73388953,48005228
371,000938,2017-09-07,-0.026377295492487463,-0.019031719532554225,1.3404093646254045,41258.0,229517.83461875794,1997,135361495,85814125,722085,973854,9614639,9301307,12272204,10958148,17487014,17552407,13666206,10330023,10042600,5904117,8745876,6745053,62810871,24049216
372,000939,2017-09-07,0.0,-0.001908396946564861,0.19498140793871357,8874.0,75736.89867674619,722,15820564,8489836,626296,723394,2181258,2347245,1985611,1127620,3816606,925454,4264727,1959749,997464,312304,0,0,1948602,1094070
373,000948,2017-09-07,0.009748172217709072,0.022745735174654724,0.3460321884064209,12600.0,99609.0282583642,1267,21258490,27171155,816434,1113401,6221387,5048169,4604379,3097500,3664521,3327621,1733504,2942059,2536354,1083960,453695,852033,1228216,9706412
374,000949,2017-09-07,0.0,0.002136752136752351,0.18480999523602493,9828.0,98452.4105782363,641,10756396,11598521,583026,648883,3074190,2433272,1885501,1363242,1639505,1363624,464210,1446407,666988,379421,468000,917747,1974976,3045925
375,000951,2017-09-07,-0.038989566172432766,-0.028006589785832037,0.44171917102037284,14519.0,88453.75612316043,1701,50398604,25873932,1331878,1397892,5894323,6488800,9028829,4866572,13111724,6120680,7134445,2875815,4330271,2153206,2368323,914247,7198811,1056720
376,000952,2017-09-07,-0.0055045871559632475,0.00795107033639142,0.4194151018988599,21671.0,97785.00040721196,1520,39705483,39942431,1020734,1378385,8273704,8085941,8740948,7102578,6771313,11055102,3415461,2638535,2984301,2218548,1784043,1292453,6714979,6170889
377,000955,2017-09-07,0.0,0.010670731707317138,0.22350432478537158,13440.0,207556.32403478914,862,23820173,35022069,839466,602627,3214278,3026622,4163365,3006729,5225784,4865329,2703614,3120330,2032677,3027791,428881,0,5212108,17372641
378,000957,2017-09-07,0.00522648083623678,0.019163763066202044,0.2445479809747333,26400.0,211139.60561290005,2208,96091411,108639766,1234261,1305770,9709709,9391747,11136292,10540714,19241113,14909485,12847204,11283563,6881690,6625848,5874675,6802221,29166467,47780418
379,000958,2017-09-07,0.004005340453938411,0.014686248331108098,0.15668991253711748,21322.0,158554.6655102353,2288,61118902,93137798,1701225,2038117,11313163,11352909,10497998,10177724,11812479,12639871,7457389,9228342,4510637,9091830,2583031,4432351,11242980,34176654
380,000959,2017-09-07,-0.01482479784366586,-0.013477088948786964,0.1435418189404944,7355.0,114002.23382769724,2678,47555070,43365659,1370020,3130836,7189773,10786532,7491130,7801853,5814761,6550422,4910403,3795451,3047888,2420165,4039286,2592656,13691809,6287744
381,000960,2017-09-07,-0.022280471821756187,-0.009829619921363109,0.30222220074804057,38062.5,277592.2801262954,2552,158232295,129020374,995765,1475511,9977403,11448195,15300568,12828226,25909158,26320168,14878815,11225240,13606999,15495734,13980768,9702432,63582819,40524868
382,000961,2017-09-07,0.021138211382113692,0.0373983739837398,0.11820299852956817,31900.0,279164.4660857853,2716,130480193,203911389,1344486,1776859,9909181,11817844,10394798,15592595,19712327,24506664,10332417,23253649,10969463,17146975,8532592,16428077,59284929,93388726
383,000962,2017-09-07,-0.020568070519099035,-0.0166503428011755,0.2946029499051779,13169.0,76066.79718188828,1201,27870537,16652873,756613,1030009,5648062,5452309,6010798,3530684,5785781,3667128,2648783,1058059,1641957,304800,1694837,0,3683706,1609884
384,000963,2017-09-07,-0.01901944209636519,-0.01500422654268807,1.0001902910254417,28008.0,317717.87705824734,2239,169451690,87879807,3475254,1294346,7217006,7885496,9604363,18307209,16307742,13891998,13522417,6916847,7060170,4493018,6752596,8086180,105512142,27004713
385,000965,2017-09-07,0.0026315789473685403,0.00657894736842124,0.18939869105679433,16654.0,190559.2792820921,1611,40422539,58019195,1436256,1605510,7085054,8253553,6368326,7353953,6486714,7700468,3324664,3436685,2993229,4658364,2646526,1727032,10081770,23283630
386,000966,2017-09-07,-0.013861386138613763,-0.01188118811881178,0.12801371037630346,11088.0,160567.40718286284,1559,46868830,31043666,1453427,1613005,7111493,5994174,5753386,4446092,4768497,5122414,3899452,2618624,4085201,2060993,1374329,451401,18423045,8736963
387,000967,2017-09-07,-0.002044989775051076,0.005112474437627856,0.2445510004803446,5880.0,71141.0457635452,1600,25324898,14474669,4226404,836830,5977253,4252872,4042133,3878129,4543858,2500773,1684945,1395154,708161,330960,464520,493466,3677624,786485
