,code,date,pchange_whole,pchange,change_std,amount_median,amount_std,length,sumsell,sumbuy,sell_vol_0,buy_vol_0,sell_vol_1,buy_vol_1,sell_vol_2,buy_vol_2,sell_vol_3,buy_vol_3,sell_vol_4,buy_vol_4,sell_vol_5,buy_vol_5,sell_vol_6,buy_vol_6,sell_vol_7,buy_vol_7
0,000001,2017-10-25,-0.007922535211267623,-0.0061619718309859906,0.20613196065593706,22610.0,323191.1814069377,3040,199651580,109538304,3121094,932777,20011463,10381765,19099878,9496136,24147038,15209728,12250563,9331526,7936403,8397473,5447132,3645086,107638009,52143813
1,000002,2017-10-25,0.015549796371714164,0.021843761569789066,0.4591505008873626,101972.0,596362.1979410652,3463,413773012,574475090,554828,759130,9530921,12579876,18752350,20493496,34397395,39821865,33620382,36638287,34499921,39185852,26042449,31657839,256374766,393338745
2,000004,2017-10-25,0.013759611493322499,0.011736139214892694,1.4414702560126311,12385.0,50190.79314439587,293,3818085,3767461,273740,265872,1375225,1364783,379172,738381,830332,550206,215064,473219,305784,375000,438768,0,0,0
3,000005,2017-10-25,0.002044989775051187,-0.004089979550102152,0.1964917882227226,6832.0,40948.72475719645,619,7282482,5180389,691495,647348,2127987,2245768,2084768,1291052,1220158,564417,524330,431804,0,0,0,0,633744,0
4,000008,2017-10-25,0.0045045045045044585,-0.0022522522522524513,0.29514423875294893,4460.0,100200.19517581763,905,13316510,8125658,850420,979332,2583008,2606797,1667859,2210717,1719000,1291806,287793,0,314530,1037006,891000,0,5002900,0
5,000009,2017-10-25,0.004716981132075304,-0.002358490566037652,0.21473794519944833,9372.0,116034.73203040822,1560,35517421,29772865,1437074,1581296,6640137,5344420,4041312,6270342,5416777,6675569,2836750,3057216,2376798,945910,1792414,2102346,10976159,3795766
6,000010,2017-10-25,-0.002971768202080338,0.011887072808320909,0.11556554800557253,54154.5,402838.23432254227,3410,247370136,219858577,1360353,1237809,16638380,12483563,26081475,21376788,39300962,37761636,27038976,23537690,24458003,16029465,12512709,12126630,99979278,95304996
7,000011,2017-10-25,-0.0031007751937985883,-0.0025839793281654533,0.5229014623109848,19400.0,70263.03564225836,1369,29180147,27197087,1238054,1041851,7255773,8620294,8078562,6262458,5703131,4917581,2010062,2255778,1420090,2143135,1268500,436950,2205975,1519040
8,000012,2017-10-25,0.004901960784313708,0.002450980392156854,0.2638581778584733,8165.0,54283.447363909785,956,11347610,11625542,646940,1233633,2931236,4047709,2460374,2201896,2258783,1759209,966924,977135,678325,1001536,0,404424,1405028,0
9,000014,2017-10-25,-0.003024803387779884,-0.00483968542044777,0.9032441743768201,9888.0,46991.476609808844,334,3795572,5741129,349814,480339,1389331,1293245,1057371,1493636,999056,1514488,0,214369,0,330400,0,414652,0,0
10,000016,2017-10-25,0.021352313167259718,0.014234875444839812,0.20684091660710494,11380.0,86366.38577448632,738,13502327,16322582,735622,496126,3179817,2152433,3130920,2181759,1614944,3238622,1885274,3630462,661200,1127812,422540,0,1872010,3495368
11,000017,2017-10-25,0.007947019867549754,0.0066225165562914245,0.3689180423428382,6475.0,23768.89114914209,418,3556662,2693893,477291,480711,1450565,1446350,927475,493358,701331,273474,0,0,0,0,0,0,0,0
12,000018,2017-10-25,0.006756756756756799,0.006756756756756799,0.19794726006917923,3725.0,54016.480122031484,1398,14095507,14260287,762306,1669282,3757371,3940562,2934744,2882821,2426352,2495190,1294354,714811,1023056,1097602,455459,854632,1441865,605387
13,000020,2017-10-25,-0.005882352941176339,-0.004901960784313597,0.6694839571324757,16156.0,63289.507242314576,928,17485272,14690269,841913,425092,5569554,3701582,3920469,2794040,3655272,3646172,2000984,1844810,319590,946593,0,460810,1177490,871170
14,000021,2017-10-25,0.006564551422319376,0.00547045951859948,0.22089796701139303,10098.0,75280.13591921043,1713,24151649,25452086,1425915,1451073,6501688,7602180,5596122,5520340,3377211,3476713,2965925,2638156,1742674,340400,889299,1336724,1652815,3086500
15,000022,2017-10-25,-0.010231148162182624,-0.010610079575596898,0.7097133259703469,21036.0,93918.41779476043,1384,39223145,24755121,794387,853323,7804587,7686441,7159531,4246833,6930447,4664268,5998358,2716338,2938390,1765877,1324053,409820,6273392,2412221
16,000023,2017-10-25,-0.006475111290975333,-0.008498583569405138,1.1269775943930247,9922.0,100070.97304193607,480,12093799,7227067,543278,514703,2399631,1757839,886719,541608,1029951,1516732,781499,995932,1700579,660072,904432,493400,3847710,746781
17,000025,2017-10-25,0.0022401433691756623,0.008064516129032251,1.064820245644446,22165.0,130350.4731833458,1757,44917634,60054951,1614204,1813601,9470855,9912018,7131321,5419028,9611005,6482709,4456980,5859296,2954056,5300337,2677990,8052182,7001223,17215780
18,000026,2017-10-25,0.006420545746388395,-0.0040128410914928025,0.4031047503604546,12530.0,50273.637454650874,955,18684381,11613992,893213,706792,4844135,4139326,4230503,2906627,5825051,1459775,1015049,1703692,1361000,697780,0,0,515430,0
19,000027,2017-10-25,0.0015503875968991832,0.0,0.2443873594431766,6440.0,79628.64714557759,696,10547126,4572087,707240,725092,2760953,1573813,1659270,999909,1098206,487091,928106,435404,670548,350778,445648,0,2277155,0
20,000028,2017-10-25,-0.007236095346197624,-0.006810442678774176,1.8266411061183832,14041.0,329617.5370901348,1489,77129274,30514716,3028556,492880,11416349,4950080,5052768,2440023,3271877,2072393,3179285,1813104,2368157,3534036,1769212,2159768,47043070,13052432
21,000030,2017-10-25,0.010392609699769073,0.011547344110854452,0.24678831987580155,2610.0,41702.08019690137,1232,9481677,12857298,721349,973213,4268217,2242983,1510702,4761472,1333179,1619683,1229372,1438325,0,946883,418858,874739,0,0
22,000032,2017-10-25,0.0,-0.0032025620496397567,0.562081565450826,11331.0,68585.98403255724,493,9423520,6024588,396369,487074,2286521,1668377,1549494,1504496,1677258,1066869,1027437,759752,735891,0,410000,0,1340550,538020
23,000036,2017-10-25,0.0052192066805847315,0.0031315240083507057,0.25760328587946396,19200.0,105652.76503006007,1383,30607332,31778357,1124650,1421257,7534614,6665826,5858696,6419243,7141704,5913252,4438314,2557254,1424448,954516,3084906,1766464,0,6080545
24,000037,2017-10-25,0.005980861244019309,0.0023923444976077235,0.38331836200239533,2538.0,47317.92872055519,475,3055039,4277144,193974,749893,904932,1152089,418767,567572,475204,392085,210750,550571,353640,0,497772,864934,0,0
25,000039,2017-10-25,0.0031864046733935947,-0.0026553372278277365,0.3947082080830592,20740.5,220873.64192803565,2276,91250511,73378040,2171667,1290610,10805675,10552311,11745658,8299156,12922901,11782017,7988548,7229758,11106313,4621770,6291634,7100024,28218115,22502394
26,000040,2017-10-25,0.003462603878116477,0.008310249307479367,0.44702312074227635,5820.0,124607.89375350959,1043,10431569,23008459,480576,1544690,2492650,3750892,1614816,3647492,2143668,4006602,524376,1546514,660122,978860,879428,912628,1635933,6620781
27,000042,2017-10-25,0.037546933667083726,0.034418022528160286,0.8461528426328004,4968.0,41374.88944649698,356,2478486,4944113,441990,394219,644886,733615,653730,1483019,737880,1493434,0,218328,0,621498,0,0,0,0
28,000043,2017-10-25,-0.005736137667304075,-0.005736137667304075,0.612303173091018,10410.0,67587.58379427322,291,6469941,3661901,296603,169694,1447086,823761,1019247,464315,1342385,887327,1096760,0,1267860,311400,0,481404,0,524000
29,000045,2017-10-25,0.0,0.0,0.36228128485531247,14631.5,83111.49288465196,964,17220722,20448449,575326,851299,4356837,4477355,2972467,4212712,3486381,3739685,2835790,3176798,1090010,1083020,483211,0,1420700,2907580
30,000046,2017-10-25,0.001225490196078427,0.0,0.32671309473562465,1638.0,94805.16756803723,623,12597771,6271782,653004,299458,1378805,1657604,1319534,1037543,2175142,874565,1485465,1051199,1380454,345591,860354,409500,3345013,596322
31,000048,2017-10-25,0.008793969849246297,0.0016750418760469454,1.8538057903061569,7131.0,46019.52812002437,165,1884783,1569692,161483,177051,511576,449833,380494,488006,190400,454802,264000,0,376830,0,0,0,0,0
32,000049,2017-10-25,0.017557703689090598,0.010258433616098017,1.3410514814923244,20496.0,152273.2715351067,1428,38511965,50058469,682649,687925,7931931,6840766,8054258,5792919,6666676,7013765,5344218,4787308,1634074,649971,853420,3973509,7344739,20312306
33,000050,2017-10-25,0.02879473467708782,0.010283833813245602,0.4224314621032606,120515.5,928309.0990759915,3316,537871814,485249931,410589,373855,13989063,8910068,22406128,17430140,45919847,39678474,42327946,40356103,31448956,34397379,26610112,32629997,354759173,311473915
34,000055,2017-10-25,0.02288021534320328,0.02422611036339184,0.18376911840375246,7570.0,76699.9281338534,1636,12473968,29687432,1661304,1129515,5246380,6387689,2881722,4937687,2349032,4897861,0,3579011,335530,2078442,0,873609,0,5803618
35,000056,2017-10-25,-0.00506512301013029,-0.01374819102749636,0.6182051102369334,13740.0,64104.128818998855,499,11271399,4864198,429642,361998,4275522,1237589,2796812,954624,1489365,1215187,736710,263040,669865,0,873483,831760,0,0
36,000058,2017-10-25,0.017793594306049876,0.03084223013048626,0.20689391515458952,17340.0,96863.80963762579,1662,32250412,46462002,1561354,1499826,9186682,6535114,8454778,6707161,4607074,8470929,975765,4906159,1718672,2596222,4440633,9434471,1305454,6312120
37,000059,2017-10-25,0.013725490196078383,0.009803921568627638,0.28834043162735856,17561.0,102779.12135520362,1251,28019102,36104181,552893,962010,5744863,5796596,4437887,4368907,5797298,6590318,3727363,6260109,2379463,2424304,1661969,414000,3717366,9287937
38,000060,2017-10-25,0.006102877070618851,-0.0034873583260680574,0.22874325857797664,11530.0,164642.71380940452,2517,71454294,60981413,2069011,1564704,9105802,10060048,8700857,10471394,10535971,9268911,7161531,5390826,5594948,3776563,1770484,2212866,26515690,18236101
39,000061,2017-10-25,-0.00879120879120876,-0.009890109890109855,0.3157784274482499,10219.5,102677.82841774977,830,17841701,9591403,962190,906353,4189733,3141653,2173226,1967205,3903243,2077958,1509701,0,393675,613834,952740,884400,3757193,0
40,000062,2017-10-25,0.0019685039370078705,0.0,0.9244427313636697,12690.0,69372.46743041875,754,9345998,11893188,465581,705984,3289970,3928033,2195105,2541977,1901474,1204065,509635,419439,0,659896,464558,401794,519675,2032000
41,000063,2017-10-25,0.02094618996027431,0.009028530155290815,0.4701133074109352,112908.5,733238.5305238744,3470,531862573,576218032,473390,490265,13823714,8261159,25633561,20069205,42158446,45245953,34537232,38280573,33918918,42474937,32416899,32442259,348900413,388953681
42,000065,2017-10-25,-0.005023022185014714,-0.007115948095437474,0.6438864473897814,16702.0,85559.19585613225,1376,32640750,23797530,1164661,1063558,7181610,7149332,6201904,5398994,5936616,4663590,3726891,2603871,1621261,341424,1896270,498883,4911537,2077878
43,000066,2017-10-25,0.008567931456548328,0.007343941248470154,0.1817608155763472,20400.0,174591.46142291347,2022,67443434,74831100,1725098,1423125,11147236,7747543,9786780,8196746,10154516,11354599,9981643,6755520,6504435,4952272,2785268,5179339,15358458,29221956
44,000068,2017-10-25,0.006033182503770718,0.003016591251885359,0.2780327125281605,13290.0,36054.69934090934,568,6034587,7052316,344287,584043,2315217,3320103,1570311,1661144,1026218,1487026,0,0,311688,0,466866,0,0,0
45,000069,2017-10-25,0.01744186046511631,0.01744186046511631,0.1728312947974653,15696.0,283895.16325057944,2480,116905253,135518328,2683657,1677994,8564532,7457466,10110689,8040697,11158081,14245934,11237704,18511234,6026986,10041942,11066600,9480853,56057004,66062208
46,000070,2017-10-25,0.004251700680272252,-0.006802721088435382,0.32944475200841067,16429.0,85564.00750614441,1274,31954442,21577512,961461,792485,7951944,6046891,5488586,4065172,7509127,3174999,3656741,2464054,2058147,2749587,929400,1323804,3399036,960520
47,000078,2017-10-25,0.0015313935681469104,0.0,0.15571652262871438,14995.0,135068.81964864422,1761,53517849,27062045,1475422,1311645,11332553,6304064,7748601,5973352,6246442,3818456,3442420,2093523,3698564,1947050,1754650,1804838,17819197,3809117
48,000088,2017-10-25,0.0022522522522521182,0.0022522522522521182,0.2729772356732081,8910.0,82111.75646020734,1058,20840183,16920469,1225001,1040502,4278489,3447370,3334313,2369861,4644647,2692716,2355200,1582724,1981193,1016833,1812163,2290151,1209177,2480312
49,000089,2017-10-25,0.014084507042253724,0.011737089201877993,0.2083160747894824,8620.0,210043.29477010612,1674,21915030,39288123,3885476,1085309,5588597,7342043,3506810,5318717,2954322,4635746,1952611,2881451,2113212,931428,1311302,1754618,602700,15338811
50,000096,2017-10-25,0.005792903692976026,-0.003620564808110127,0.8699903075255094,6880.0,43144.43639188786,251,2752988,1908047,239290,159401,943131,1034331,708111,325391,341442,113324,0,275600,0,0,0,0,521014,0
51,000100,2017-10-25,0.028037383177570208,0.004672897196261516,0.07292243584351196,75425.0,601468.6788205242,3471,425855296,521824926,979800,1096789,14382787,12303041,22430246,20078300,35154408,36678945,29201649,33002896,21909300,26456429,17337380,27217384,284459726,364991142
52,000150,2017-10-25,0.0028985507246375164,-0.010869565217391353,1.3700126860526256,10908.0,65837.51420616759,405,7118205,3238541,518745,238520,1933533,1479925,1187623,772165,874088,172431,743306,273000,389080,302500,0,0,1471830,0
53,000151,2017-10-25,0.0005931198102018254,-0.0029655990510083496,0.7278155644563339,16805.0,116321.1485952146,536,12325589,8996720,438542,345628,2563017,2697083,1887767,1733506,1646755,1946937,1011497,537120,310245,0,887967,0,3579799,1736446
54,000153,2017-10-25,0.003956478733926794,-0.0009891196834816984,0.35985546626703785,10080.0,54544.697321901316,789,7093961,9904664,415141,1085904,2309433,4104903,1318994,1509499,1121165,2146474,294336,679642,0,378242,0,0,1634892,0
55,000156,2017-10-25,0.009232954545454586,0.0028409090909089496,0.4673092445876762,7060.0,167437.7591915042,907,28232607,14062145,930921,747464,3522650,2688942,1507291,1771426,4062931,2782307,2040605,2673102,683099,1668984,888053,1729920,14597057,0
56,000158,2017-10-25,0.0029440628066732533,-0.0009813542688910104,0.33156923362985286,11209.0,97507.55795931681,944,25549123,12782490,585423,901123,4673410,3729601,3195084,2014392,3781616,1423847,2921554,1365411,2070713,638475,1417503,455696,6903820,2253945
57,000159,2017-10-25,0.00943396226415083,0.0062893081761006275,0.31965132822993303,10897.0,86212.43950842376,395,5341812,8306932,299805,476861,1854668,1428439,1066362,1167555,892633,1890860,220110,455604,1008234,0,0,438993,0,2448620
58,000166,2017-10-25,-0.003436426116838587,-0.005154639175257825,0.14651366682523467,6380.0,135206.44985747882,1580,38500951,22510757,1560544,919816,7374618,3500036,4607670,2109293,5106989,3755711,4485986,1196858,1724844,2087429,957362,1422419,12682938,7519195
59,000301,2017-10-25,0.006908462867012188,0.0,0.14634998873388183,14500.0,99889.45307178891,1567,43994458,28120492,1278444,1232867,7405605,6482184,6461211,5677776,8838377,4988606,6523628,3422661,4044573,1934386,898221,0,8544399,4382012
60,000333,2017-10-25,0.03725046305824242,0.027577690882897743,0.8153775517795759,123600.0,737692.928591834,3552,563517535,649088457,736607,488154,11969384,8727471,24662797,21058917,48394995,42503184,38568646,34587109,30846857,26461179,29168338,29576619,379169911,485685824
61,000338,2017-10-25,-0.001290322580645098,0.001290322580645098,0.13552513480606293,24960.0,289592.658787714,3278,136189403,161945056,1793551,2116735,14826872,16782658,13614081,18316981,20987272,17857279,11860348,16189216,10190439,10558608,5619656,11490604,57297184,68632975
62,000400,2017-10-25,-0.001240694789081842,0.0031017369727046606,0.32575227595387124,14526.0,50383.675088005446,2452,25092036,27560036,2437619,817664,9413692,14489521,4019616,3381863,3040765,3200903,430507,1482745,3509666,673288,461130,1391321,1779041,2122731
63,000401,2017-10-25,-0.006277463904582503,-0.008788449466415549,0.31781591892991157,26843.0,187959.13730410143,2513,102689974,90697283,1515896,2032740,11859605,13256207,13431480,13212126,17140389,18309122,9475173,10868843,9032198,9528911,6335034,5250262,33900199,18239072
64,000402,2017-10-25,-0.0024896265560166997,-0.0024896265560166997,0.26213667511953903,12040.0,190155.88205450185,2114,60600540,79699629,2202595,1638279,7979406,6075214,7839897,5660873,10792735,10024172,4362412,5664520,7064514,8160725,4966131,4817660,15392850,37658186
65,000403,2017-10-25,0.022222222222222143,0.021538461538461506,1.2832460804413688,26928.0,77709.71412547313,519,12006372,15564847,386971,267066,2532846,2622620,2495935,3060120,4111317,3999424,2479303,2683663,0,661256,0,448328,0,1822370
66,000404,2017-10-25,0.010101010101010166,-0.0014430014430013571,0.2748662906050056,10425.0,101648.64998710023,635,12860853,10093001,556048,664012,2631108,2635897,1954730,1239956,2181980,2426808,887169,833694,1061727,347500,478863,0,3109228,1945134
67,000407,2017-10-25,0.0024154589371983004,-0.0012077294685990392,0.27875524466452667,16480.0,46060.013945929044,882,14466113,9652204,815664,848550,6209703,3788261,2309781,1824129,2351544,2370658,1728919,218026,637002,0,413500,0,0,602580
68,000408,2017-10-25,-0.03934262948207168,-0.04980079681274896,0.386625706325077,46080.0,627741.7081744127,2703,215025980,228269517,1052063,1415871,12235634,11215918,15630993,15088465,24596725,23387576,18011288,17357310,16070924,13890906,11116676,13314068,116311677,132599403
69,000409,2017-10-25,0.0,-0.004166666666666652,0.34100833421566823,9446.0,68345.03921537766,445,7624380,3306564,407711,508149,2177245,1532815,1367892,470295,1465602,495770,419430,299535,0,0,0,0,1786500,0
70,000411,2017-10-25,-0.0004606172270843478,-0.002763703362505865,0.8866240219780339,2178.0,19099.864165252922,599,2850925,1957891,1290460,157767,746442,860430,269553,582722,108750,356972,435720,0,0,0,0,0,0,0
71,000413,2017-10-25,0.0,-0.005607476635513864,0.19674475293796126,41476.5,317959.38233259274,2960,189370585,180264415,1086473,1395814,12823733,14594504,17113419,15903311,29079510,28776973,20708401,16869344,13851933,14803115,11656260,7153815,83050856,80767539
72,000415,2017-10-25,0.023400936037441422,0.0015600624024960652,0.13646960201867658,4508.0,78933.32618834551,2211,22807481,23568265,1580848,2347498,6565241,6695109,2684837,3734271,3565254,2440756,1381813,1203205,983060,1754343,498057,1347646,5548371,4045437
73,000416,2017-10-25,-0.003896103896103953,-0.0012987012987012436,0.3559974683990359,3825.0,44076.14974582948,467,5504730,3187547,573842,227021,1619608,879617,941934,921481,966510,903234,230100,256194,713736,0,459000,0,0,0
74,000417,2017-10-25,0.0,0.0,0.32282865923862225,7216.0,80872.45551420195,775,10995904,11394234,514228,1366645,1729808,3596186,1710348,1260420,768719,1048500,1788746,1300893,2479811,0,819918,831691,1184326,1989899
75,000418,2017-10-25,0.0823458525808396,0.07531632858003623,1.0947745486384983,31830.0,170176.17584026698,2076,47169174,125534410,732285,797340,7804214,10722675,4967501,10999960,12554149,42447512,7464922,13364522,2821748,3695635,2707495,4113768,8116860,39392998
76,000419,2017-10-25,0.004366812227074357,0.0,0.3782331519777375,13740.0,103983.57027738668,329,11303188,4040093,253459,334611,1255754,1449366,1444314,699491,2047159,577577,2895862,979048,1084300,0,410400,0,1911940,0
77,000420,2017-10-25,-0.0029940119760478723,0.0,0.10108375951145758,668.0,22315.279135780216,1093,4796866,1506955,1193967,289890,1430758,622801,901569,252504,508668,341760,233100,0,0,0,0,0,528804,0
78,000421,2017-10-25,0.0028901734104047616,-0.0014450867052022698,0.33261927681945896,2085.0,39345.97330870806,432,3811028,3633467,377517,295733,1296195,833740,774708,738853,601848,702596,760760,1062545,0,0,0,0,0,0
79,000422,2017-10-25,0.007677543186180413,0.0038387715930903177,0.16704366156663297,10400.0,131002.2749253126,973,17631447,25733376,801014,967046,3629549,3319932,2773719,2304100,3293671,3152135,2026110,1152918,1333558,738425,1374192,1325805,2399634,12773015
80,000423,2017-10-25,-0.009510086455331579,-0.014409221902017322,1.2859855265921607,68805.0,297714.3221455319,2912,276751513,181548278,752761,903141,11276659,13200334,20674645,18076734,40929806,30358410,32946787,18347466,31264418,18049570,16282156,11785105,122624281,70827518
81,000425,2017-10-25,0.021621621621621623,0.01621621621621605,0.0675037171767778,13230.0,177556.59869583684,3035,56738245,114331616,1957903,2277427,9904198,17806266,7094982,12073347,8199493,17336598,3828692,6531107,5404470,9767488,2185110,5430502,18163397,43108881
82,000426,2017-10-25,0.021032504780114536,0.018164435946462776,0.25750609447114703,8544.0,86565.8965011102,1651,28323518,34104041,1730829,947401,5955567,4918123,5298897,3908977,6368177,4444381,3646081,5997626,3050329,6237680,0,1243455,2273638,6406398
83,000428,2017-10-25,0.0021276595744681437,0.0,0.2765304547417723,7042.5,93463.45652657544,288,6236263,3212666,233412,271567,931294,1050482,569484,752716,710079,379120,402320,203472,328300,0,902378,0,2158996,555309
84,000429,2017-10-25,0.002336448598130758,0.0,0.24896504691282106,4280.0,46732.91658763068,1182,11426095,7174213,1872960,1163244,3802946,2278295,1997075,1407483,951337,904842,791922,253968,0,308381,1325855,0,684000,858000
85,000430,2017-10-25,0.006006006006006093,0.0010010010010010895,0.6977456834916421,9995.0,31137.804939909463,204,2065389,2176898,203881,269072,769877,907270,726370,292020,365261,508336,0,200200,0,0,0,0,0,0
86,000498,2017-10-25,0.009009009009009139,0.0038610038610038533,0.17737404169707288,5453.0,26673.645888463114,1923,17701609,13538678,1570121,1925725,10653803,6421777,3601250,1994792,1876435,1706424,0,757006,0,732954,0,0,0,0
87,000501,2017-10-25,0.040453074433656866,0.03020496224379743,0.45096053704640304,21968.5,209929.877319244,1690,42091930,78115430,839489,1451946,7434790,8794353,6915186,9782100,9191532,11390396,3136951,10308151,2133863,7624640,923976,7441846,11516143,21321998
88,000502,2017-10-25,0.006711409395973256,0.004194630872483174,0.43336504004881143,12045.0,50586.30038258146,756,11490420,10763309,736402,613426,3850282,2786118,3268491,2376979,1840605,2053986,1046234,2126040,748406,313470,0,493290,0,0
89,000505,2017-10-25,0.024302430243024364,0.014401440144014455,0.37569367773726237,20502.0,83898.27568883568,874,18633739,21592284,445343,465645,4045631,5109780,3752517,3873061,3582199,5763718,1885748,2113142,1070797,947846,1706028,1277264,2145476,2041828
90,000506,2017-10-25,0.08108108108108114,0.013513513513513375,0.18357162519636008,17262.0,388698.73278540553,1990,53090712,67022417,884546,2532532,5942138,11318516,8033599,9042880,11313443,10068232,8528289,4314656,3159926,6242174,3681864,937024,11546907,22566403
91,000507,2017-10-25,-0.0038131553860820677,0.0009532888465204614,0.21061557369278044,21040.0,97269.00459082134,2483,58900568,64438956,1283196,1487218,13622847,13602811,11929320,11767743,14099383,14818893,7043915,6128173,2266421,3101802,3980091,2226333,4675395,11305983
92,000510,2017-10-25,0.0022421524663676085,-0.0022421524663677195,0.2891732090357485,10692.0,60033.549334469346,951,17471824,15353356,753938,1171444,4065993,3598303,4424201,4325030,3678563,4034009,2466975,994479,0,363601,1442244,866490,639910,0
93,000513,2017-10-25,0.022376300031515806,0.0006303183107470023,1.4231443113803652,37866.0,192237.06353268924,1989,96391850,102566964,871785,957259,7885360,10108819,10741914,11895683,17098368,17615290,10359373,13297614,11161664,13019015,7433396,6172545,30839990,29500739
94,000514,2017-10-25,0.0026560424966799445,0.0,0.27126079478797377,9789.0,51325.15123597972,770,12690088,7612843,960542,732039,3831554,3115771,2654793,1585706,1970738,805598,756000,1059479,966055,314250,941121,0,609285,0
95,000516,2017-10-25,0.0037523452157597337,-0.0018761726078798668,0.16090993441675586,10640.0,149483.92991028485,1098,31714705,18204956,869246,1067491,4281722,3539564,4045302,3065323,4750327,3908882,3905552,1567491,637396,2106581,489440,1831787,12735720,1117837
96,000517,2017-10-25,0.0023696682464455776,-0.0023696682464454666,0.1342792570505409,1688.0,43975.2397521778,989,7576418,7521423,649092,873252,2240521,2781995,1568666,1619308,1320769,598290,741040,0,1056330,0,0,970178,0,678400
97,000518,2017-10-25,0.00536193029490617,0.002680965147453085,0.36235155777282896,7510.0,49885.49203532357,423,3819095,5360757,393041,497198,1625912,1566615,839394,573128,330157,1323025,256091,473276,374500,309590,0,0,0,617925
98,000519,2017-10-25,0.0009372071227740086,0.0,0.33268152360866865,10700.0,57348.24425483089,1028,16124810,15137771,787466,892205,4264315,4963729,4067224,2569436,4122095,3715820,921688,1194689,1420584,0,0,413792,541438,1388100
99,000520,2017-10-25,-0.0019157088122604415,-0.005747126436781436,0.15999943628810304,10360.0,72274.46547666908,1065,22147399,13178208,749890,1137279,4089822,3763205,3167646,2905577,4276716,2864856,3338026,1488421,1722707,0,2164151,499870,2638441,519000
100,000521,2017-10-25,0.008756567425569184,0.003502626970227851,0.21874722477675565,8022.0,78841.55392949324,681,8248717,10753643,601008,657620,2601058,2220406,1206078,1825204,930339,1664178,480880,456780,755498,368439,405630,1751276,1268226,1809740
101,000523,2017-10-25,-0.006335797254487963,-0.007391763463569179,0.5084506224639505,13202.0,107171.31183663518,346,10019366,3823429,351918,432448,2089753,1142926,1376708,1418923,1003917,578708,1087174,250424,384051,0,0,0,3725845,0
102,000524,2017-10-25,0.00561797752808979,0.0032102728731941976,0.5417820482642405,5036.0,37320.1420600026,528,5252107,4138124,231653,815369,1474950,1980816,1690317,801416,583411,242309,208750,298214,1063026,0,0,0,0,0
103,000525,2017-10-25,0.032042085126733566,0.032042085126733566,0.46889934774627984,10760.0,100884.94069977954,1989,27458342,57457347,778891,2738529,6149747,9559476,5513681,8046486,6360365,11114989,3090699,6418916,1579006,6053543,900797,3148990,3085156,10376418
104,000528,2017-10-25,0.020385050962627327,0.020385050962627327,0.18076012612046316,12474.0,97015.71325129333,2389,36562315,50603212,1871625,1915223,10571343,11346199,6159914,8801018,6689326,9082731,2727571,3572172,332671,3190641,1402451,4533335,6807414,8161893
105,000529,2017-10-25,-0.027617951668584606,-0.026467203682393414,0.22412627712609748,4240.0,233669.64377217807,1504,19473468,25363655,2020513,838157,4383629,3232643,3185848,2794873,4179033,2729105,705642,718732,1060688,1723514,1311134,441865,2626981,12884766
106,000530,2017-10-25,-0.009887005649717562,-0.011299435028248594,0.21871773322505875,16180.5,74424.63370527474,1048,24174564,8703199,731988,818550,11910655,3409435,2344366,2190541,2406810,871916,1124991,482371,1110401,312101,0,0,4545353,618285
107,000531,2017-10-25,0.0023446658851116187,-0.0023446658851112856,0.34127269847360325,1704.0,27769.80902210467,624,4377379,2642369,749324,218894,1569265,703301,1072877,444036,674081,1062537,0,213601,311832,0,0,0,0,0
108,000532,2017-10-25,0.0007704160246533309,-0.005392912172573205,0.5944564584149155,12900.0,53416.53352649693,476,6722373,5746928,466243,332864,1673050,2395903,936811,1249883,1806301,857587,546742,496291,645726,0,0,414400,647500,0
109,000533,2017-10-25,0.006903353057199135,0.004930966469427922,0.5998992980025242,11253.0,520593.24560546223,285,4265217,20725630,120005,229292,965257,1612808,488549,964320,1341168,754012,0,423786,336238,0,0,0,1014000,16741412
110,000536,2017-10-25,0.005434782608695787,0.0,0.21383474523857016,6138.0,59913.34996667564,666,11203181,5823916,949494,424546,2651386,1223394,2526941,601344,2586721,1287504,1187455,1002378,303048,0,465044,0,533092,1284750
111,000537,2017-10-25,-0.009589041095890316,-0.011643835616438336,0.30949827248396145,31790.0,282189.7262894554,2229,134148769,94270025,1288854,969881,11351051,8252382,14529907,9847772,22761438,15817995,10870635,11287146,9725292,8791456,6662315,6228956,56959277,33074437
112,000538,2017-10-25,-0.0019453360568038036,-0.01711895729987356,1.9686483881738652,50575.0,286050.67986802943,2728,205597900,145016431,143235,23179,16495573,9407200,18783195,15254279,29234716,27687728,21687080,16105383,19801272,15689917,11263309,5327243,88189520,55521502
113,000539,2017-10-25,0.0,-0.0019193857965450478,0.17658549275956334,5731.0,18783.31865585221,870,7305079,1438315,2623644,227323,3315087,618134,682179,116283,104000,476575,260500,0,319669,0,0,0,0,0
114,000541,2017-10-25,0.009740259740259827,0.0010822510822510178,0.26124602233456706,9240.0,60732.8262563181,1251,17771258,20419692,1013654,1104311,4940003,4702236,2931832,4539803,3939853,4070751,3076422,3637685,327804,381199,920446,1277007,621244,706700
115,000543,2017-10-25,-0.0017921146953404632,-0.0035842293906810374,0.21995730838990352,7798.0,107898.66020106782,643,17436253,4988261,691408,407741,3220344,1108004,1769296,1508007,2281444,623492,1013358,1038566,356396,302451,973748,0,7130259,0
116,000544,2017-10-25,0.030898876404494402,0.003370786516853963,0.46277284590728046,19690.0,93555.80459590144,1479,38358036,36469914,1300799,969798,7337588,7720384,8304527,6938789,7020180,7753718,3958220,3850648,1332399,1822495,3507907,1821383,5596416,5592699
117,000545,2017-10-25,-0.006896551724137945,-0.006896551724137945,0.20179411214747897,11500.0,70895.30560943554,826,17934883,9843884,843038,696935,3896637,2472876,3336717,1938952,2586968,2386922,3844681,1058624,711850,613375,805824,0,1909168,676200
118,000546,2017-10-25,0.008225616921269108,0.005875440658049458,0.5036800481929732,20460.0,221558.1213730504,1143,46063917,46180080,792356,801085,4889030,4434875,5222558,4997667,7416343,4072372,6256518,4160869,2766948,2826262,4299479,2664166,14420685,22222784
119,000547,2017-10-25,0.008604206500955947,-0.002868068833652093,0.25677772363280016,13598.0,111589.49143122062,1660,36036656,31269198,810135,1894065,7070886,8511758,6163890,5777098,6717700,6219847,2686531,4190572,1322157,314244,417200,417200,10848157,3944414
120,000548,2017-10-25,0.0012953367875647714,-0.0038860103626942033,0.32777709950883727,8492.0,43957.51467815755,554,7556275,5194707,499961,530431,2513013,2225017,1047460,1192080,1790923,781025,231000,466154,1473918,0,0,0,0,0
121,000550,2017-10-25,0.004411764705882337,0.004901960784313708,0.6812067245282962,10250.0,116863.83244193038,896,15450141,14457702,687472,557829,3584425,4181315,2918492,2552741,3910786,2710593,1407599,653136,971880,0,843987,0,1125500,3802088
122,000551,2017-10-25,0.007575757575757569,0.005411255411255311,0.33458722174991834,19603.5,64597.156172144096,762,13859931,17138173,537425,512272,4133540,4090570,3135763,4120104,4110005,3946117,268554,2097078,755588,723870,919056,467500,0,1180662
123,000552,2017-10-25,0.0,-0.007874015748031593,0.10320292869203129,1516.0,91415.0069820308,1368,17796904,8345164,1076989,870961,2665175,2273599,1516078,899234,1752207,585296,1019767,469134,3233535,621660,420714,0,6112439,2625280
124,000553,2017-10-25,0.04019746121297607,0.02961918194640334,0.3617345207910129,19058.0,93848.77785302374,1537,32601981,44038153,985387,1079102,8351647,6592365,6306763,9010235,7143306,9707403,3510127,5132478,1723087,4434235,858450,2168783,3723214,5913552
125,000554,2017-10-25,0.006864988558352492,0.004576659038901587,0.2565872582686568,10614.0,64013.19506895712,1160,14567595,19441055,1268505,1175164,4881167,6040344,3270676,3361997,2212468,4712181,1512079,2035575,0,328624,421260,0,1001440,1787170
126,000557,2017-10-25,0.010830324909747224,0.0018050541516245744,0.20014905626695648,7221.0,38707.511414079345,766,10444053,5436514,844304,693711,3758253,2244196,2111742,804480,1678388,914060,1742786,780067,308580,0,0,0,0,0
127,000558,2017-10-25,0.006125574272588086,0.003062787136294043,0.23051878391872385,8515.0,49064.164373231455,802,10101652,9584830,807252,931540,2680015,3345716,2289795,1856581,2193940,2538449,1159176,257544,365490,0,0,0,605984,655000
128,000559,2017-10-25,-0.012552301255229992,-0.020083682008368076,0.2370048620707249,29600.0,249603.7652425351,2544,128464196,80897702,1228105,1234134,11803014,12918892,13909912,15481058,22050943,18632590,13659029,11945804,10557661,7463708,2976106,3521343,52279426,9700173
129,000560,2017-10-25,-0.0036133694670280603,-0.0018066847335139746,0.2099368607240913,35328.0,156597.19396575392,2785,131778602,94884085,1421093,1210582,13765245,12751249,19596143,16433179,30199715,21855687,17714459,12845436,7864740,7728279,7830419,4442343,33386788,17617330
130,000561,2017-10-25,0.007157464212679043,0.004089979550102374,0.3456194791602464,9820.0,40725.13027578683,800,8553215,8643268,815012,1414742,2540577,3198161,2019490,1799876,2214541,901479,564328,522050,399267,363710,0,443250,0,0
131,000563,2017-10-25,0.005893909626719207,0.0019646365422396617,0.15270230628753048,7642.0,104379.02538845522,1112,19013089,18290106,731315,1018743,3062419,4264384,3058620,2892117,1634157,2769070,1714141,1315838,1725672,308914,1265185,887496,5821580,4833544
132,000564,2017-10-25,0.005253940455341555,0.0017513134851137035,0.16420144853952823,11510.0,92760.64643082964,1210,19060451,25402668,722510,1138678,3739900,7779575,3071073,4874940,3400248,4081698,1217805,2931583,732515,2137313,1254596,937623,4921804,1521258
133,000565,2017-10-25,0.010227272727272751,0.005681818181818121,0.3657721461237778,8840.0,30378.703440569865,578,5539255,6641382,584954,683352,2400019,2669298,1498375,2024713,1055907,998219,0,265800,0,0,0,0,0,0
134,000566,2017-10-25,0.003103180760279267,-0.0015515903801397446,0.6195254330152862,11565.0,71361.40355464263,432,10045588,5116802,343564,475185,1434540,1575855,1603189,1494259,2299926,1061788,1480652,509715,708586,0,400568,0,1774563,0
135,000567,2017-10-25,0.013448275862069092,0.0017241379310344307,1.0460491572333908,17466.0,122425.83195789317,768,19649540,22859042,640399,585036,4125097,3156886,2905018,2163290,6278162,3826921,2152429,4400245,301600,963947,0,1317979,3246835,6444738
136,000568,2017-10-25,-0.013151152860802706,-0.016396242527753957,1.1289078447783873,40897.5,373858.73195315315,2690,214211746,155459265,1076481,846704,11890793,13449009,14880773,18304697,24360372,23145149,18570441,13335008,13598122,8009237,10680579,7634552,119154185,70734909
137,000570,2017-10-25,0.0070224719101124045,-0.002808988764045006,0.34266269847492115,12053.0,177823.61688803052,431,9877786,7114553,444279,362213,1862543,1826685,1857714,848450,1534190,486276,0,850283,772480,1758716,0,0,3406580,981930
138,000571,2017-10-25,0.010401188707280795,0.007429420505200568,0.23686520962747085,6820.0,68491.89103207208,807,8481085,9651750,500002,615167,1765710,4786895,1354401,2757232,1728370,717844,473900,457482,328058,317130,0,0,2330644,0
139,000572,2017-10-25,0.008944543828264706,0.007155635062611854,0.12006845972410114,17856.0,131375.97421525524,2173,73098297,58076678,1783732,1133973,9512173,6973086,13533939,7867094,16362967,12856130,10685466,6092381,4822522,3707869,3023520,3212509,13373978,16233636
140,000573,2017-10-25,-0.005084745762711895,-0.0016949152542373724,0.2127361740766137,4688.0,51468.93782967246,769,7047496,6541338,957923,796822,1625373,1426937,1375556,869453,2005896,926906,260628,806856,382200,0,439920,413000,0,1301364
141,000576,2017-10-25,0.0006090133982945556,-0.0018270401948843329,1.28614477316277,16435.0,178323.70979831085,162,4001764,4222300,164177,111768,1062042,351761,1145810,720028,1321791,100284,0,718766,307944,0,0,0,0,2219693
142,000581,2017-10-25,0.019836639439906545,0.008556981719175294,0.48615677856316414,47124.0,244034.84218986417,2797,169912249,179661762,906090,756552,14062019,12543249,16455089,17972030,29830175,25791609,24372269,20458685,16229234,16310319,7752621,14134872,60304752,71694446
143,000582,2017-10-25,-0.006015037593984918,0.007518796992481258,0.2423505009069718,48710.5,382761.26854443003,3018,193023724,195625891,967143,1190758,11957172,15017174,15845450,19885370,28461627,34228541,21659840,23510922,17468031,16998283,12259109,14170479,84405352,70624364
144,000584,2017-10-25,-0.004605263157894668,-0.009210526315789447,0.4671785459819186,15120.0,86361.4124263198,1058,29838700,13725845,631438,773303,6895301,3268172,5371954,2396409,6965632,3779548,1259072,1175700,2055584,1243451,1395729,438702,5263990,650560
145,000586,2017-10-25,-0.010382513661202242,-0.012568306010928953,1.0788421050967594,9150.0,76891.14888251206,287,5045879,2822950,235161,330920,889979,1321905,261979,901020,639234,269105,480866,0,680360,0,415800,0,1442500,0
146,000587,2017-10-25,-0.003973509933774877,-0.014569536423840956,0.21669648724796536,14174.0,317792.5136108358,1217,47938410,63490535,609237,1839409,3483004,4016957,6407669,2984875,11999303,7111174,5855613,3002655,1621922,2175641,2740078,0,15221584,42359824
147,000589,2017-10-25,0.00189753320683117,0.00189753320683117,0.252164295483134,9477.0,98595.91367257382,436,7540726,3916551,354077,415254,1874810,1473057,991372,841278,1098084,730582,939421,456380,399992,0,0,0,1882970,0
148,000590,2017-10-25,0.0006561679790026975,-0.003937007874015741,0.9013363670336375,13698.0,54371.78035030651,285,6458816,2902321,161254,463716,1266326,826121,1896848,956654,1887426,655830,0,0,372832,0,874130,0,0,0
149,000591,2017-10-25,-0.006399999999999961,-0.0048000000000000265,0.16641019041938235,11742.0,78517.74157919161,1412,25818164,20590543,1752315,808610,7212439,3737406,3954345,6094515,3696265,3868203,3772110,226300,347259,1429063,3517328,477074,1566103,3949372
150,000593,2017-10-25,0.0,-0.01584342963653307,0.3139942419184187,21690.0,107840.862110857,1170,33681052,32754983,545929,808260,4092411,6082225,4033480,5120548,8214450,8579761,5167294,5703475,1715674,2724781,2233792,1742225,7678022,1993708
151,000595,2017-10-25,0.01980198019801982,0.01980198019801982,0.12709023166352215,23256.0,139545.2695682725,2279,73544126,82663234,1399375,1604740,8569038,10411984,9910787,14737255,14673331,18554642,6072057,8821750,6502069,8149044,5773364,4299994,20644105,16083825
152,000596,2017-10-25,-0.007923456420989683,-0.008371953954253275,1.6530133248608772,26746.0,173568.718379037,1638,67040973,49936609,899168,1356788,8242083,6811359,10362375,10075394,12217645,9200700,6397780,6361236,3495975,5139701,5318774,2218405,20107173,8773026
153,000597,2017-10-25,0.016992353440951735,0.005097706032285432,0.3513109753344434,21240.0,126313.8647512174,1122,31567115,34027397,659599,737206,5475623,6600516,3979505,4358293,5872110,5716025,4024633,2756378,1378905,1765940,3068896,2646757,7107844,9446282
154,000598,2017-10-25,0.0017152658662091813,0.0,0.15171304962102142,19338.0,138812.71771224198,1478,42202225,41629085,883003,1220977,5640023,7213709,5297857,9137023,6979255,9042463,4267665,4758966,2088494,4279524,2199821,1849621,14846107,4126802
155,000599,2017-10-25,0.0031347962382446415,-0.0015673981191222097,0.2806521426745023,9592.5,74627.03403663234,516,8312228,8499898,376700,620483,1753164,2169284,828295,1765984,1494973,1726273,1907566,204798,656394,758545,0,0,1295136,1254531
156,000600,2017-10-25,0.002865329512893977,-0.0009551098376312517,0.2682002420279497,12576.0,100654.5885228876,1524,34594667,27034523,1104185,1080070,6513283,6115041,6694411,5425886,6712229,5540489,3637266,1112376,1436446,2096441,2289715,861169,6207132,4803051
157,000601,2017-10-25,0.027888446215139417,0.003984063745019917,0.2981862411583293,15080.0,61838.779337371074,637,8376959,10477088,550369,352932,4751437,1625988,1059048,1649819,632356,1523180,283881,2084294,1099868,1702048,0,965779,0,573048
158,000603,2017-10-25,-0.0022692889561272134,-0.004538577912254205,0.5247102799707993,5264.0,47000.68799050019,634,8110482,5571591,774149,420705,2144053,1798532,811263,1763843,1865858,981541,722621,288850,1334483,318120,458055,0,0,0
159,000605,2017-10-25,0.008853474988933074,0.0035413899955734074,0.6400850255410891,16002.0,63295.181424694936,1245,22290388,20818044,1011895,1237482,5761537,7153230,4868207,4832561,3448617,3210861,2570336,2383856,1782624,1040350,871883,458000,1975289,501704
160,000607,2017-10-25,0.009198423127463773,0.0013140604467805073,0.322815260977152,8448.0,40645.223464093346,555,6254869,6291991,564891,568802,2262563,2440455,1358610,1422752,572736,1418106,1022063,441876,0,0,474006,0,0,0
161,000609,2017-10-25,-0.0022091310751104487,-0.005154639175257714,0.7108906948982973,13560.0,69265.9203753716,364,6367867,5331899,243289,355542,1497622,1906035,1435456,745437,2454384,769213,737116,0,0,0,0,0,0,1555672
162,000610,2017-10-25,0.0045214770158252815,0.0007535795026374359,0.689965365684794,13250.0,80866.3830937704,369,7369782,7145142,197587,416902,1245027,1296399,1543793,1734638,1740992,1524241,299676,675729,684543,0,915604,930227,742560,567006
163,000611,2017-10-25,-0.012285012285012442,-0.014742014742014864,0.32864066454073626,15940.0,62963.861939025475,613,14799844,6677700,328800,669086,3518516,2902821,2349192,1734059,2812280,787359,1851990,284000,2176378,300375,1202688,0,560000,0
164,000612,2017-10-25,0.02146341463414636,0.009756097560975618,0.2827740599323459,20750.0,83895.55590533285,1314,20533872,37177166,839823,737532,5113269,10117597,4233456,8617561,3751918,7368037,2209072,2469189,340632,3658486,410800,2298615,3634902,1910149
165,000613,2017-10-25,0.023051591657519355,0.005488474204171423,0.4147001165960462,10968.0,56715.00503324349,482,7430187,6554049,531725,521924,2666613,1842334,1299127,1519735,1138558,1020441,446630,820416,339296,369200,462898,459999,545340,0
166,000616,2017-10-25,0.004444444444444251,0.0,0.17142876748346544,9040.0,95982.85311465498,689,15793719,14030404,702216,630003,2829795,2615859,1084650,1929102,2943694,3184244,1617514,2507945,2523854,1369489,917200,1275294,3174796,518468
167,000617,2017-10-25,0.0018105009052504784,0.001207000603500319,0.5503760667198961,8275.0,63895.541440122106,906,10538005,10513959,707237,1109686,3593962,3191327,2376734,2332007,1823132,1495738,221940,235294,330000,1704112,0,445795,1485000,0
168,000619,2017-10-25,0.013143483023001057,0.0021905805038333614,0.5325185112044101,10054.0,39710.555871681274,293,4384343,2343886,375190,237300,1513795,878364,921335,808312,913047,419910,294576,0,366400,0,0,0,0,0
169,000620,2017-10-25,0.016819571865443583,0.004587155963302836,0.1915424963805063,3911.0,146760.33312080006,1167,21583476,13988301,774103,1383113,2092213,3409231,1628948,3037256,1837070,1357810,634050,2047590,1782283,1008726,0,0,12834809,1744575
170,000622,2017-10-25,0.0033222591362127574,0.0016611295681063787,0.3101072029750846,11749.0,60281.86991475733,376,7022487,4964486,244047,407559,1368635,1240319,1040595,1238790,2237501,1239788,1527709,224960,604000,0,0,0,0,613070
171,000623,2017-10-25,0.0016920473773265332,-0.002538071065989911,0.46009089505757017,49633.5,254457.20411954605,2640,180842894,145671662,1024093,722191,12349479,12274244,17661607,14737165,31632563,26460584,27761463,18863671,13539854,10002268,16920881,9553580,59952954,53057959
172,000625,2017-10-25,-0.0006983240223463749,-0.0027932960893854997,0.2909328929776978,28540.0,262164.8640437927,2423,143060273,103704812,1597547,1256307,10193065,10871258,13016707,11692079,20452075,15697698,15907137,10397830,10908305,7413455,8277904,4951055,62707533,41425130
173,000626,2017-10-25,0.0183486238532109,0.00795107033639142,0.5900841935002583,14868.0,96948.67039644612,767,15014984,18459833,632208,902634,3682307,3648996,2545806,2692268,2395559,2598293,1789007,1226367,2225112,1361699,481571,1367847,1263414,4661729
174,000627,2017-10-25,0.0,-0.0011061946902655162,0.19546854379162226,19026.0,123382.00196338144,2142,63727409,48578526,1822081,1374450,11579464,10324790,9497497,9755836,12287197,9718952,7543243,5858958,2856302,4354262,3992192,2729565,14149433,4461713
175,000628,2017-10-25,0.003121748178980255,-0.0010405827263266776,0.4294961699479985,7720.0,36253.1630166384,500,4381659,5323798,456723,636211,1527337,1828843,1041881,1548991,563035,625554,443715,684199,348968,0,0,0,0,0
176,000630,2017-10-25,0.0,-0.0033333333333332993,0.06331369145768817,9000.0,197670.52533228623,2268,77881557,56339841,1660581,2009262,7101439,8489007,6933641,6350610,7631941,7613222,5727782,4534503,5866281,4554090,4514387,4922461,38445505,17866686
177,000631,2017-10-25,0.0024999999999999467,0.0,0.15074847696008448,2406.0,119880.62933002324,704,9134125,8942479,378253,728016,1510914,1769879,910543,898588,990549,948787,711873,1759936,400000,0,0,828263,4231993,2009010
178,000632,2017-10-25,-0.011004126547455195,-0.0013755158184318717,0.3600597046358428,10875.0,45490.828169799985,407,5848357,4715565,320487,379090,1499618,1667683,1205681,994134,1787208,1038542,704229,0,331134,636116,0,0,0,0
179,000633,2017-10-25,-0.015337423312883236,-0.009202453987730008,0.2165474645866626,17262.0,180732.9261462796,2045,64456689,44605924,1837585,1538309,9076283,7956344,9220725,7788634,15855647,9178123,5906061,4268127,3807600,3128483,2993347,1286918,15759441,9460986
180,000635,2017-10-25,0.00952380952380949,0.001680672268907335,0.5556391830573985,14428.0,61362.59681993444,1032,21390647,12111893,1176965,734727,5396871,4323909,5002158,3349264,5242896,895300,702456,1156181,1714003,344182,850248,0,1305050,1308330
181,000636,2017-10-25,0.0022246941045604984,-0.007786429365962189,0.23131503595506345,17820.0,143975.50322161228,1511,47792133,33565115,863089,1645532,4906099,8679191,5332683,8123854,6734019,5596991,3507573,3223247,5445098,1690502,7964352,2229268,13039220,2376530
182,000637,2017-10-25,0.013761467889908285,0.00917431192660545,0.21618397711012435,3295.0,59751.19153459611,915,9054514,7223522,724022,982226,1610894,2599741,862517,1750600,1648949,1160465,1039069,730490,0,0,854100,0,2314963,0
183,000639,2017-10-25,0.008141762452107404,-0.0009578544061302763,0.6612804446925358,10530.0,72774.95208834317,997,21724712,13276621,625665,932383,3860221,4122147,2141201,3160665,5559982,2564605,3289055,1470936,2680594,0,2543540,419150,1024454,606735
184,000650,2017-10-25,0.0032679738562091387,-0.004901960784313819,0.17219073852598796,6732.0,82016.59813297151,1264,26014899,16362754,1640933,875926,4509132,3196734,3799423,2873906,4206215,3816273,2944376,1948922,3276325,1620390,1387148,467254,4251347,1563349
185,000651,2017-10-25,0.01480582524271834,0.008737864077669855,0.6897505377558563,259749.0,1064677.9638847325,3568,966097413,1160808482,203527,166482,4591270,4503888,16197571,16898445,45026190,47500759,45538217,53348046,51103504,52960515,42842321,48971897,760594813,936458450
186,000652,2017-10-25,0.01744186046511631,0.013565891472868241,0.14933943965878835,9994.0,79099.04857050595,1195,17969452,21571961,1139428,1119711,4681584,3785991,4792060,2539924,3845677,4377134,1813390,2897450,330225,330528,1367088,1456752,0,5064471
187,000655,2017-10-25,0.0025094102885823144,0.0012547051442912682,0.2825871021014917,8822.0,57738.542225403246,795,11855292,10687883,738031,896030,3692090,2718705,2575987,2085288,1164549,2705423,1632931,1259587,376800,1022850,0,0,1674904,0
188,000656,2017-10-25,0.006211180124223725,0.0020703933747412417,0.13400986047427602,6331.0,123170.37109460733,1301,25851492,20451551,1323407,1121406,4796120,4435343,3004483,2265657,5327203,2224857,1925428,2915696,307490,1641674,887866,2681730,8279495,3165188
189,000657,2017-10-25,-0.0021676300578034047,-0.00867052023121384,0.47651226976922145,13790.0,58745.719422538765,843,12853267,13652833,566518,830922,3757915,4062119,3245979,3382565,2203249,1488577,697124,2738637,694590,305201,429350,844812,1258542,0
190,000659,2017-10-25,0.008021390374331583,0.010695187165775222,0.13181154518813207,11780.0,112356.37529331638,806,15895678,21695757,401061,755340,2548643,3844411,2891169,3353744,4065727,4406795,1633309,2607001,1036004,2490323,0,0,3319765,4238143
191,000661,2017-10-25,0.05453653150113502,0.04901539782835407,3.531976716498569,68546.0,696850.1564404173,2132,233672772,384815412,855,6159,8144155,7880486,12580579,15327768,18150428,23558666,11696071,13511321,11737490,12569928,6178020,11676042,165185174,300285042
192,000662,2017-10-25,0.0,-0.00181708055723806,0.564590987295157,16480.0,72041.43336866384,855,20578421,12298951,602068,976000,3799364,3608899,5493721,2236636,6956011,3387291,1214115,201966,0,987765,483630,900394,2029512,0
193,000663,2017-10-25,0.007138221933809197,0.00454250486696961,0.5826268533438106,13941.0,52250.99031284718,699,11929637,10564259,731672,560757,3025198,2812111,3329162,3583014,3048095,1480370,984713,983055,354215,310200,456582,834752,0,0
194,000665,2017-10-25,0.0,-0.0017241379310344307,0.5284162452897321,10449.0,60492.07042269467,481,8994043,4588864,454228,570273,2026264,1505710,1604956,1079568,1882515,909393,730799,523920,1023081,0,0,0,1272200,0
195,000666,2017-10-25,0.01689347724073209,0.015016424213984081,0.48010860086365614,19372.5,120032.30956713739,1970,41049107,60712123,1040455,1770775,9777785,10083643,7000278,8146651,9175465,11222290,4864812,5268369,2123067,4533478,2227620,3620002,4839625,16066915
196,000667,2017-10-25,0.0030030030030030463,-0.0030030030030030463,0.10308087160597017,3652.0,108856.37673416197,1047,12137727,10095995,1290792,713000,2956330,2147236,860742,1431374,982532,1986329,712951,0,1428458,702438,0,0,3905922,3115618
197,000668,2017-10-25,-0.0024038461538461453,-0.0036057692307693845,1.1070317434417383,4983.0,60978.727854105564,225,1972991,2325176,258846,179447,853065,420538,459602,406368,401478,486324,0,0,0,0,0,0,0,832499
198,000669,2017-10-25,-0.005012531328320802,-0.006892230576441172,0.5704286130318097,11105.5,47980.84581943388,782,8722700,8650570,544946,927905,3889220,3712852,1852853,1838785,1425363,813701,692118,0,318200,378658,0,405705,0,572964
199,000670,2017-10-25,0.015455950540958385,0.012364760432766575,0.1514214746936061,14332.5,76432.52509141978,1828,34768226,39523384,1427467,1732821,8467554,8492181,6544072,8141514,6406936,8424323,4448339,3636073,3495530,2609318,2359014,3489692,1619314,2997462
200,000671,2017-10-25,0.03813559322033888,0.026836158192090398,0.12694832769747255,37440.0,310950.0112325781,3122,171032151,217734352,1167460,2018354,9351215,11723777,14639989,20034556,27245713,36188128,14912577,24536016,12938753,17246170,11637436,11342900,79139008,94644451
201,000672,2017-10-25,0.011144883485309176,0.003039513677811634,0.2433639867822386,15952.0,65725.23328484697,1645,33467917,28299613,1797069,1792957,8998699,7178508,8347112,6122698,5518745,4728658,5116096,3217001,1315180,2756661,1335242,1833130,1039774,670000
202,000673,2017-10-25,-0.00340136054421758,-0.00425170068027203,0.505671842208703,19941.0,71883.47978412834,540,14703553,10551595,468936,303803,2828769,2174995,2821315,1902523,4696354,2979840,1534661,1920718,1814123,348958,0,920758,539395,0
203,000676,2017-10-25,0.0007132667617688604,-0.003566333808844413,0.44544514992725526,6950.0,67964.62361889437,990,13548642,7940192,1130975,515588,4044570,2687273,2771837,2105422,2039013,1186725,845433,726444,361400,718740,0,0,2355414,0
204,000677,2017-10-25,0.004301075268817067,0.0,0.2024811495348518,6045.0,44156.01215450343,527,5796745,5826163,525163,424273,1922688,1662444,1322184,1095487,1036789,1028191,679650,1245745,310271,370023,0,0,0,0
205,000678,2017-10-25,0.012300123001230068,0.007380073800737907,0.38941778548596667,8170.0,96758.57807212546,435,4060327,6747206,392969,582613,1864265,1553661,1211761,1255810,386709,897068,204623,541071,0,0,0,0,0,1916983
206,000679,2017-10-25,0.012716763005780285,0.01156069364161838,0.3751512300230899,11258.0,33862.219842438106,531,2891808,6995893,428957,778387,1012357,3185326,939390,946288,511104,1403240,0,242652,0,0,0,440000,0,0
207,000680,2017-10-25,0.0072727272727273196,0.0072727272727273196,0.15573030849455732,11060.0,105451.44549754792,1248,23756974,26632320,1144622,1076330,4322256,4997045,3668151,4438032,3571939,4407582,1959984,3025388,2172939,1552234,931845,1368746,5985238,5766963
208,000681,2017-10-25,-0.019308943089430874,-0.007621951219512146,0.7978016289366149,13772.5,68924.34185879886,608,9802667,10265711,536559,742920,2747090,2977378,1963838,1387218,2555758,1879354,679548,1017297,736674,361744,0,433400,583200,1466400
209,000682,2017-10-25,0.011428571428571344,0.005714285714285783,0.197717673098843,5270.0,55289.51584320471,705,7388773,6869884,580089,1054185,1365223,2105301,1596354,1325834,1697144,587804,474827,528060,1111232,0,0,475200,563904,793500
210,000683,2017-10-25,0.006329113924050667,0.0031645569620253333,0.08960841081435837,12680.0,93047.16421893415,1249,29456526,25227356,1083871,930163,4410830,3185136,10713673,4437128,4989519,3722684,3286337,3033399,2361173,2734898,880075,1883961,1731048,5299987
211,000685,2017-10-25,0.003717472118959231,0.0009293680297397522,0.2693513310977614,6462.0,77992.30586675713,1596,32497573,14149251,2093063,905347,5773880,2985394,4012113,2984264,6966580,2131638,2618371,1937225,3121142,684363,1383224,1301762,6529200,1219258
212,000686,2017-10-25,0.0009990009990010762,-0.0009990009990009652,0.2952628128158506,9980.0,66467.5159465572,1149,22001538,14450786,960055,1074304,4591500,3230245,4523869,2526309,6314821,2642431,2138837,3267295,1281008,1710202,0,0,2191448,0
213,000687,2017-10-25,0.003385240352065111,0.0,0.3178502029600994,25066.5,128676.51117145956,2160,76973513,57437537,1183338,1384371,10956439,11722900,12062514,9784539,17938853,12032189,9227529,3882108,7208707,4043670,2641010,3065018,15755123,11522742
214,000690,2017-10-25,0.016861219195849486,0.014267185473411104,0.20899996316263428,9617.0,110831.2799699611,1362,27800507,25905926,998944,1370338,5564782,6338734,3312835,3897019,3963111,3790916,3461698,1230961,1460889,1695102,931485,1804005,8106763,5778851
215,000691,2017-10-25,0.01098901098901095,-0.0013736263736264798,0.5148503589871412,14480.0,34608.41346992199,199,2823182,2068532,135837,208874,885888,1087672,985609,495645,815848,0,0,276341,0,0,0,0,0,0
216,000692,2017-10-25,-0.0030911901081915882,0.004636785162287493,0.3128925781955466,1302.0,42295.77082624376,427,4626522,2726796,165108,385577,826436,784853,998222,569741,1033334,776025,1278422,210600,325000,0,0,0,0,0
217,000697,2017-10-25,0.008365019011406849,0.0,0.5517420007195832,39885.0,284439.35219679156,2275,126160488,120872994,856921,942415,10051097,9926442,14465440,12274453,20419388,23477563,15681555,13171558,9634017,10807178,8064600,8285475,46987470,41987910
218,000698,2017-10-25,0.004672897196261738,0.0015576323987538387,0.29465231772168937,12900.0,163295.35458579828,474,8757712,11537617,395974,383160,2081767,2137003,1615437,2234296,1711158,1519408,520417,1029569,694104,0,453435,416799,1285420,3817382
219,000700,2017-10-25,0.007288629737609353,0.0,0.30354030734865073,15081.0,96020.43922774807,510,13071443,5373666,399080,413638,3146808,2298060,2684768,1093101,2565500,1356655,1450540,212212,349350,0,0,0,2475397,0
220,000701,2017-10-25,-0.0032414910858994395,-0.00648298217179899,0.4856338700645384,12280.0,46512.602469561636,645,9717107,7029872,570691,551525,3715999,2632925,1851236,1867045,1970411,1218012,1017890,244157,0,0,0,0,590880,516208
221,000702,2017-10-25,0.013033175355450455,0.009478672985782088,0.3455294644213399,10140.0,52553.760295826476,596,6756355,9133287,544299,759156,2624810,2081393,1518578,2411320,1515768,1846194,552900,756030,0,0,0,0,0,1279194
222,000703,2017-10-25,0.006134969325153339,-0.017791411042944683,0.40696506008077843,9666.0,78197.48299834253,1605,27203096,16289958,3077301,1025027,6786057,5334346,3982554,3981740,4268213,2062775,2196573,698295,0,349805,903779,860300,5988619,1977670
223,000705,2017-10-25,0.006717850287907945,0.0,0.4460274752875521,9450.0,63434.01109626641,545,8415091,3926576,428043,547406,2488449,1668965,1951082,729460,1951085,771545,298680,209200,0,0,0,0,1297752,0
224,000707,2017-10-25,0.01538461538461533,0.007692307692307665,0.2523679421013385,6630.0,100019.37546861221,663,12949113,10390292,320689,1617889,1465321,2530080,1705415,1947451,1048871,2025744,1410492,1841428,1390296,0,0,427700,5608029,0
225,000708,2017-10-25,0.0038850038850040125,0.0038850038850040125,0.5377058406139626,12950.0,55777.93620260853,572,11077510,7663680,569629,428812,2702160,2032093,1650501,1348853,3619746,3214301,1014153,259600,1035869,380021,485452,0,0,0
226,000709,2017-10-25,0.0,-0.0023148148148149916,0.08472020382689768,17753.0,235653.13959134568,2615,107326065,86721223,1869534,1736379,12705493,10862007,11930911,10039091,12040760,10958966,10351714,8333119,6133797,5898175,6535811,4312609,45758045,34580877
227,000710,2017-10-25,0.008322454308093974,0.005221932114882533,1.8869806731676655,24678.0,81914.51320549482,1054,24108355,29058913,611692,598765,5900781,5617428,6024219,5026618,3991868,6420635,1747573,4611073,2835047,4020855,461325,2763539,2535850,0
228,000711,2017-10-25,0.006446991404011504,0.0021489971346704273,0.5157120426637051,15405.5,90388.90161419443,732,10978854,18435381,430127,721961,3182062,5826462,2001867,2387213,1774330,3441368,1283853,1170076,1071698,692680,1234917,911943,0,3283678
229,000712,2017-10-25,0.015979381443299134,0.008762886597938335,0.5152859045056819,19750.0,94359.83271170473,1417,36877827,40552544,1234815,1041832,7506936,6232325,7225609,6159633,7024449,10294953,4926109,5980194,3519117,3846991,1832822,3542959,3607970,3453657
230,000713,2017-10-25,0.003759398496240518,0.0025062656641603454,0.39512244810867214,9624.0,36462.633206197315,407,5145274,4261748,263353,526255,1768248,1632099,1326421,937654,1348852,916811,438400,248929,0,0,0,0,0,0
231,000715,2017-10-25,0.008547008547008517,0.005698005698005826,0.5353846152251335,3177.0,46295.285522274,386,3635810,3264635,412302,294540,768631,923066,881693,199772,1573184,703517,0,206310,0,0,0,413790,0,523640
232,000716,2017-10-25,0.003095975232198178,0.001547987616099089,0.21147730517039603,11682.0,73846.50812634443,933,18795034,12656892,958020,796241,4140657,4450040,2137616,2382284,4041692,2346968,1503294,1219216,1735575,1002126,879879,460017,3398301,0
233,000717,2017-10-25,-0.009020618556700999,-0.015463917525773252,0.1539781131465241,25344.0,152385.80892869728,2545,101066993,75659139,1727644,1693388,14260195,9888519,18483280,12122898,16595837,12911977,9646167,10451512,5224096,6989146,6174085,3913417,28955689,17688282
234,000718,2017-10-25,0.005494505494505475,0.001831501831501825,0.1561455005333644,2735.0,51841.90732324492,1224,11498934,8778388,1189968,944095,2744864,2554099,1479294,1235108,849600,1964370,1741714,477208,1311000,620931,920892,455677,1261602,526900
235,000719,2017-10-25,0.0068829891838742,0.001966568338249708,0.33860117618008695,5097.5,38904.286215535736,902,8640998,7429188,491702,1522724,2521681,2449687,1510888,1701967,1844630,1495984,1061186,258826,303900,0,401092,0,505919,0
236,000721,2017-10-25,0.014450867052023142,0.011560693641618602,0.2811587835977269,9035.0,41486.36817069069,605,5156313,8271060,514640,833241,1838496,2688220,991456,2153917,517041,1410517,957063,765667,337617,0,0,419498,0,0
237,000722,2017-10-25,-0.000822368421052655,-0.009868421052631637,0.5190246881264482,13299.0,68501.73133771212,548,13817936,6137498,392981,426776,2890441,2731738,2321634,1290539,3085058,1440600,1569449,247845,1779070,0,462385,0,1316918,0
238,000723,2017-10-25,0.002328288707799775,0.0011641443538998875,0.28983728664743985,20712.0,114238.16694888801,878,29227906,23801232,558681,416725,3359970,3503658,3625803,7616935,3873302,6358887,3612070,3522333,1368004,1780694,4316047,0,8514029,602000
239,000725,2017-10-25,0.09369024856596542,0.040152963671128195,0.08741220701271128,613725.0,3058460.1834554947,3599,2465876804,3710370929,11329,20504,1472987,1614708,7056696,6800475,31592428,30482677,47438880,52391273,49982712,45492162,53747227,52411864,2274574545,3521157266
240,000726,2017-10-25,-0.0008285004142501995,-0.001657000828500399,0.304663554990787,8470.0,48576.22725296931,1570,16775907,18724605,3309811,1059400,4669844,6474313,3645196,4508272,2551443,3422822,264783,836988,305816,677260,1389690,850150,639324,895400
241,000727,2017-10-25,0.03114186851211076,0.01038062283737018,0.07037289113165932,8790.0,245877.2600160991,1700,56261878,54719010,1381111,1418331,5637756,5858222,4641552,4687747,5757183,5919533,6281003,2627155,2337132,3433130,3020595,1289870,27205546,29485022
242,000728,2017-10-25,-0.003095975232198067,-0.009287925696594312,0.2860266290840258,19305.0,274420.32402062835,2041,99400638,59422163,1375657,1347436,9224893,9324543,8233389,9699845,12870901,13643035,7198790,7052687,5177558,6006764,4391824,2670512,50927626,9677341
243,000729,2017-10-25,-0.0015503875968991832,-0.0015503875968991832,0.1837170584225604,6460.0,91643.48367453765,1233,25665463,15521187,1044772,688959,5294318,3808217,4121400,4505894,2737000,3277238,2417042,1209591,1308056,636615,957556,1394673,7785319,0
244,000731,2017-10-25,0.018292682926829285,0.013414634146341697,0.256860205870117,19113.0,204806.30439247083,1019,28750907,39787006,831696,900951,4552995,4618135,5662633,4338027,6826536,5637337,2932578,3484926,4213496,2737730,3092829,3622035,638144,14447865
245,000732,2017-10-25,0.011695906432748426,0.011695906432748426,0.34974617457529433,3478.0,52711.358226618715,2391,14389738,27105851,1019356,3993713,4893376,8368545,3740387,3705802,2605374,5279897,709023,2073638,638985,1093441,0,0,783237,2590815
246,000733,2017-10-25,0.004234724742891771,-0.001209921355111887,0.5040115697419535,14859.0,61328.94313424313,1075,19842661,18002256,589557,1446102,3903420,5593368,4295910,4848121,5409202,3803115,2798311,894849,1084407,308574,455399,0,1306455,1108127
247,000735,2017-10-25,0.027906976744185963,0.019767441860465196,0.15251902891677166,53436.0,345292.01555484964,3187,246823265,256308392,1235301,1436612,14720548,12016670,22962381,18558447,33943740,34534398,21930489,23758481,16770985,15777537,16455835,17224787,118803986,133001460
248,000736,2017-10-25,-0.005300353356890497,-0.019434628975265156,0.351377648184479,28568.0,198803.09576190935,2340,96406155,71853903,1219340,1580092,10406182,10964341,15337168,10296277,19143614,17678593,13911435,7341082,8037695,4808106,4452226,6611875,23898495,12573537
249,000737,2017-10-25,0.0017241379310344307,-0.006896551724137945,0.20793622733906592,11580.0,58393.20076605695,778,14651134,6431956,514092,797496,4114609,2559430,2177017,1562178,2706564,824872,2294822,687980,1014130,0,402500,0,1427400,0
250,000738,2017-10-25,0.0030487804878047697,0.0,0.5033704007670802,18275.5,77760.82289431951,1528,35638760,27667420,1315724,1750776,6276538,7034727,9690302,6386463,6964315,6792748,2741106,2816579,1358193,1100536,2709070,461340,4583512,1324251
251,000739,2017-10-25,0.012345679012345734,0.005486968449931462,0.2862642120868482,13514.0,69273.4994231574,648,11444584,11457053,663977,385127,2750928,1920423,5613438,2769971,1717451,2709056,698790,1644436,0,722680,0,0,0,1305360
252,000750,2017-10-25,-0.0017513134851138146,-0.005253940455341555,0.17532141604917706,5700.0,89416.3883843932,1061,19098053,14330021,1126436,747107,3603805,1933526,3925853,2156591,2108253,3514365,2196571,1035898,2074599,1384096,829460,876016,3233076,2682422
253,000751,2017-10-25,0.012367491166077826,0.0035335689045936647,0.15182760647991683,11440.0,86780.40886685773,1391,27390745,26636053,1090268,1158395,5478108,6011840,4073035,4329995,5338716,6382115,4636093,3338743,2320197,991272,437957,914925,4016371,3508768
254,000752,2017-10-25,0.0056457304163726185,0.0007057163020465218,0.6399547945821679,12811.5,101623.27468912557,490,9370039,7329454,464494,410836,2492358,1536288,1810728,844567,1265456,1801720,673939,258106,700012,687174,876700,0,1086352,1790763
255,000753,2017-10-25,0.006711409395973256,0.0022371364653246406,0.2018225124474776,6735.0,61967.58671346363,490,7941953,5903605,445359,636799,1449428,1904021,899444,1205074,1473746,1483211,1554387,224500,330176,0,1274469,450000,514944,0
256,000755,2017-10-25,-0.026397515527950444,-0.02329192546583858,0.2246196257387417,7650.0,59739.34845052116,822,14681047,8039250,868042,774109,3764231,2080796,2445983,1941922,3253486,1147146,1574337,947252,1373664,0,886846,0,514458,1148025
257,000756,2017-10-25,0.04520697167756005,0.022875816993464193,0.47389677580328404,18650.0,139064.05266143792,1502,34380610,53424860,1485136,1116740,5402413,6026142,4955867,10827483,8338162,9352899,3357803,2465731,1765289,3114440,844747,4067387,8231193,16454038
258,000758,2017-10-25,0.00419580419580412,0.0,0.20582475993941965,10725.0,114902.34239341861,1207,24976635,21855667,1041075,1124698,4818702,5226869,3677360,3838255,3710016,2935851,1497352,2132361,1108063,2419694,1414632,1282375,7709435,2895564
259,000759,2017-10-25,0.013363028953229383,0.015590200445434244,0.3137195574675831,9195.0,114877.77979765725,820,10618351,18744458,691665,923779,3342909,2905295,2217073,2550655,1705856,2373545,705713,1707300,0,605917,0,1882306,1955135,5795661
260,000760,2017-10-25,0.0011560693641619046,0.01156069364161838,0.2505011298485049,8770.0,35315.158191085844,1193,8695801,15818539,881611,1443670,3288371,6471964,2058826,4034003,1217662,1719946,1249331,1494687,0,654269,0,0,0,0
261,000761,2017-10-25,0.0017857142857145014,-0.005357142857142727,0.15033144054069503,10564.0,185004.1917370943,1389,35128179,32801804,569076,1206093,4441221,5482755,3532325,3059866,3600176,5362195,2178083,3070426,2878769,2789414,415140,1756059,17513389,10074996
262,000762,2017-10-25,-0.007928118393234818,-0.01744186046511642,0.37879058724583475,38944.5,242039.78707138612,2496,158690422,105396767,1209575,1296368,11187817,9962837,17065407,15104151,24759094,19908136,15960148,15680484,16317524,8001878,9442756,5503324,62748101,29939589
263,000766,2017-10-25,0.04857142857142849,0.04428571428571426,0.3303160190320659,24650.0,119547.20030200183,1801,59184408,53138169,916860,1381474,7447369,9964117,7838135,8456527,10538085,13262220,12499312,5804164,3724060,3845688,2704150,4845802,13516437,5578177
264,000767,2017-10-25,0.0,0.0,0.1732253577839546,3875.0,50886.85224187968,378,3337657,3702289,329923,267634,1456882,775396,582101,191235,968751,868744,0,251065,0,706015,0,0,0,642200
265,000768,2017-10-25,0.004206098843323014,-0.001577287066246158,0.3848551706843283,24700.0,212677.19714694814,2443,95190157,103252058,975945,2315400,8462302,13384862,10013152,12867073,13667439,22224645,10912371,20414892,7675247,7865843,6243658,1362299,37240043,22817044
266,000776,2017-10-25,0.010952902519167473,0.009857612267250904,0.3600101725212446,34732.0,269892.81744053506,2573,142487008,187530060,1561185,1229626,11010514,12075839,12845017,11820326,18393252,18762209,16035652,17057387,11116438,20774593,6620490,9106786,64904460,96703294
267,000777,2017-10-25,0.004764740917212684,0.003573555687909513,0.6516220171969652,10097.0,58558.21860888227,663,10178922,7166453,638372,670453,2969848,2172713,2307464,1962929,1396330,1461690,530584,202200,397861,696468,0,0,1938463,0
268,000778,2017-10-25,0.0032626427406199365,0.0,0.1361739491948497,16042.0,261776.69637897913,2030,67721330,60084128,1310148,1999233,7430026,12262037,7634518,10366560,6663540,8005220,4380975,5171027,4877988,4520492,1317099,2666994,34107036,15092565
269,000779,2017-10-25,0.014907573047107991,0.014311270125223707,0.5220718746795697,15978.5,79755.97261445422,1032,14254767,25456030,1092313,606003,4561421,4937698,3250300,5374577,2086910,4572248,930280,1399010,1380808,3077800,420809,498940,531926,4989754
270,000780,2017-10-25,0.009980039920159722,0.0,0.3131852063424159,8095.0,63338.420063147416,255,4682197,2766201,244206,263600,831902,676630,861702,545043,1303132,272709,524671,285384,0,722835,412080,0,504504,0
271,000783,2017-10-25,0.0,-0.0021119324181627652,0.24972891856850807,5670.0,78458.47892651064,1438,29501260,14650696,2007176,850921,5294688,3130235,3140810,2405387,6326631,2988067,1869273,1822591,2786027,1450608,5144893,1323403,2931762,679484
272,000785,2017-10-25,0.0053475935828875,0.0,0.4969171661731519,13464.0,74700.07275241251,509,12556746,8295226,357703,409038,2370480,1807535,2072403,1679764,2495574,2683094,1676081,692858,1694505,386745,823500,0,1066500,636192
273,000786,2017-10-25,-0.003784693019344032,-0.02186711522287632,0.41832065715319183,70200.0,366144.030804875,3237,330921661,243468320,849472,705435,15215353,10488636,21851684,19678513,37749922,34953412,39308143,29081652,21659104,19855899,19549615,13219072,174738368,115485701
274,000788,2017-10-25,-0.0029527559055116948,-0.004921259842519787,0.4687072539205587,10130.0,57392.185421049784,469,8305844,5164336,575201,202707,2675178,1403984,1038011,1532802,1350354,981237,1461909,503094,700191,0,0,0,505000,540512
275,000789,2017-10-25,0.009302325581395321,0.0023255813953488857,0.21326900757192793,17420.0,122353.97875713046,1627,46634236,42395939,1399889,1445670,8712755,7680133,7332811,6447544,8083923,7556965,4124057,5264694,2376899,3264435,3935493,3492412,10668409,7244086
276,000791,2017-10-25,0.010695187165775444,0.002139037433155133,0.18709631876656474,23941.5,91022.8498309346,2500,60908191,74806982,1881053,1639554,12113498,12618555,14241835,13792834,16435654,19611307,9498330,10059050,4014126,3761175,1364635,3166681,1359060,10157826
277,000793,2017-10-25,0.0,-0.002915451895043719,0.3404370321556607,10240.0,175340.50356626412,913,29026427,20708001,995861,392371,4208696,2526312,3221480,1992285,4176136,2430938,1798169,1741141,1909795,682284,449607,1455091,12266683,9487579
278,000795,2017-10-25,0.009615384615384581,0.0027472527472527375,0.18708397204387933,14580.0,58682.31045974056,1515,27157048,22103341,1457652,1249485,8499986,6112870,6840846,4690659,4130541,3744955,2237119,3310835,2347191,1073621,914713,886536,729000,1034380
279,000796,2017-10-25,0.009636767976278549,0.002965159377316562,0.43944228289281606,21648.0,49813.77642340757,942,11716984,15358150,693541,595622,4419169,8954033,1356577,1316162,2619881,1628485,902200,1526291,307800,397488,885356,407554,532460,532515
280,000797,2017-10-25,0.015673981191222763,0.008620689655172376,0.34500023348870906,20616.0,135313.4169815125,1368,43403374,36294630,1038316,737151,7484625,5998491,5936329,7000267,6840549,6176929,5703092,5774504,2874389,3521208,845773,933828,12680301,6152252
281,000798,2017-10-25,0.0010857763300760048,0.0010857763300760048,0.488181851704124,9250.0,26618.177766076165,355,2842582,4029932,287029,579084,1380204,1870175,661888,1150413,302094,221910,211367,208350,0,0,0,0,0,0
282,000799,2017-10-25,-0.01806118687799474,-0.021009952082565397,0.5165043780589369,32124.0,156632.48554094514,2759,132866248,91346189,1066604,1702406,13320528,13095576,16929487,12588968,26865629,24070914,16979120,12826923,15464451,9417625,8128149,3600795,34112280,14042982
283,000801,2017-10-25,0.008974358974358942,0.007692307692307665,0.24482693877465414,10218.0,49291.93384549079,1015,13044353,10446169,1219769,947648,5554484,3425040,2685524,1943294,1646769,1375549,459675,712490,1007132,752570,471000,0,0,1289578
284,000802,2017-10-25,0.0012987012987013546,-0.001948051948052032,0.41302581085030177,16940.0,109396.3749579075,1390,39589908,24809604,1090294,1028775,7621025,5909330,8239597,4654259,7482569,6630552,4185971,1860199,2348314,699379,2185075,1390074,6437063,2637036
285,000807,2017-10-25,0.021775544388609624,0.014237855946398703,0.2097202676843847,66150.0,366500.94280136103,3245,277194380,308949046,982238,779410,15966724,10841847,23854901,15938775,38997685,38344214,31318828,29212832,23863565,25418723,18313127,17961609,123897312,170451636
286,000809,2017-10-25,0.002331002331002363,0.0,0.2805062288166591,10320.0,48610.58180968113,233,3711880,2883180,217429,191989,994221,946604,903438,930678,444653,813909,722139,0,0,0,430000,0,0,0
287,000810,2017-10-25,0.023342670401493848,0.029878618113912125,0.35676072441977996,16169.0,99234.05337361165,901,19648655,25702238,557533,748496,4013795,3914117,3361850,3108054,5347235,4717345,2931497,4677171,1386057,2537612,469560,1807585,1581128,4191858
288,000811,2017-10-25,-0.0010121457489880026,-0.0030364372469636747,0.3846380028466687,15856.0,80890.36754366063,659,19385363,11091025,929128,527496,3295507,2506791,3641971,1669010,4503203,2955363,1970973,1216281,3127179,1385096,1917402,0,0,830988
289,000812,2017-10-25,-0.0035714285714286698,-0.0011904761904761862,0.4164414116869941,13042.0,61671.11759259486,406,6357539,7009187,275198,412113,1227746,2863471,1013810,1428474,1444633,904597,681226,724074,751860,676458,405483,0,557583,0
290,000813,2017-10-25,-0.003865979381443174,-0.002577319587628857,0.2093450169437669,3830.0,53203.29960118505,1376,12074198,10535831,2519611,804980,3584143,2666768,2626546,853037,1734316,1777468,525932,238848,313650,1043861,0,0,770000,3150869
291,000815,2017-10-25,0.019696117051209994,0.013505908835115488,0.5144047528151128,18020.0,75702.28636696798,1193,28381423,21211051,1268943,844491,6285843,4723144,7571607,4311029,4425878,4896940,1884015,2561900,2453487,2148578,916386,464384,3575264,1260585
292,000818,2017-10-25,0.004370629370629375,0.0017482517482518833,0.4350789468713718,11520.0,120210.37299454123,691,16322428,14167845,550484,537663,3785150,3141128,2383723,1214706,1965084,1638616,2469312,1774189,1703452,1079738,920223,1345139,2545000,3436666
293,000819,2017-10-25,-0.001831501831501714,-0.0030525030525030417,0.8222872352098519,11389.0,45952.0760615382,396,6294448,4695067,320525,526516,1773609,1515957,1285113,1302016,1528723,713637,435618,636941,950860,0,0,0,0,0
294,000821,2017-10-25,0.0034059945504087974,-0.0006811989100817817,0.3639564765615121,10227.0,61010.11613986717,1628,28493801,20458746,2337930,1890173,7594838,5658118,6874952,3480989,5723472,3416293,2299978,2001066,1453298,302820,813899,1842430,1395434,1866857
295,000822,2017-10-25,0.024299065420560817,0.025233644859813165,0.20064510521523432,33450.0,209127.02903937738,2847,117296721,146062250,1303224,1332087,14071538,13808382,14231539,17817233,25515610,25300087,16413223,14035523,8909776,12034612,6509951,8643110,30341860,53091216
296,000823,2017-10-25,0.02516556291390737,-0.005298013245033095,0.3279584348334525,30240.0,180629.05288936172,2121,94453098,76500089,1182159,985113,12076429,8689885,13230007,12317995,16973105,14622407,10458384,9314925,5778924,5922801,7463317,7565860,27290773,17081103
297,000825,2017-10-25,0.008000000000000007,0.0040000000000000036,0.09859123878926389,20160.0,290419.4839827195,2582,81607388,144721536,1169143,2483225,9435994,11477639,10150589,14218323,11544054,16214924,8621118,14504741,4484688,8212215,5351941,9803933,30849861,67806536
298,000826,2017-10-25,-0.008222811671087626,-0.006631299734747964,0.7570610020373533,50977.0,270256.8412373006,2480,165675372,156309016,1014428,828594,11658608,12028254,16324613,15291747,27400880,25985243,19292335,15651451,12668633,10498930,9237375,12038851,68078500,63985946
299,000828,2017-10-25,0.010647010647010458,0.008190008190008147,0.5183669322153889,14777.5,62072.20577762272,554,8208471,12705183,404702,570757,2168167,3267608,1953773,1557653,2185094,3191505,434735,2554431,638262,698755,423738,864474,0,0
300,000829,2017-10-25,0.020952380952381056,0.014285714285714235,0.2771157091827652,11654.5,56690.3491342936,1436,17463267,25292872,891911,1534599,5582529,7837496,3831869,5748242,3623719,5009123,1156007,1711278,942324,1038941,927168,901354,507740,1511839
301,000830,2017-10-25,-0.030973451327433787,-0.0212389380530974,0.20786631168518185,45489.5,842836.9955598267,2960,259789177,271373001,1023137,1143533,11152429,15794362,15233637,15438028,24106047,24195655,24234004,18580005,20069742,16800662,20899181,12884733,143071000,166536023
302,000831,2017-10-25,0.0043827611395179655,-0.0036523009495981196,0.3377102034826696,17823.0,107816.77464789971,1643,47265195,31066208,1129987,1468594,7598814,8777212,8297126,6178451,9529905,7722564,6214988,3905366,2690271,763103,2136980,1394916,9667124,856002
303,000833,2017-10-25,0.0074349442379182396,0.0037174721189590088,0.2612023208677971,12240.0,58919.484121529815,954,13351914,15559039,1009954,1038012,4699706,4847954,2600203,3109158,2054281,2559517,1946920,697763,392850,731188,0,407500,648000,2167947
304,000835,2017-10-25,0.0,-0.0031779661016948513,0.45801988746656047,9420.0,30832.73001445698,424,4849798,4323686,459631,553195,1907906,1519171,1375221,1260692,1107040,777736,0,212892,0,0,0,0,0,0
305,000837,2017-10-25,0.0026525198938991412,0.0026525198938991412,0.2861098671237616,11400.0,77023.57115666705,694,15688230,8929511,814646,505921,3147391,2657099,2349071,1552809,2861143,1468732,1166312,690350,2135931,1116760,1307040,418000,1906696,519840
306,000838,2017-10-25,0.009389671361502483,0.009389671361502483,0.17688569495810588,12840.0,76363.20471708491,1306,25244403,16798966,1215935,1087484,6196955,5228544,4719052,3744086,5084128,2664167,2686008,1432197,2178963,315250,454461,0,2708901,2327238
307,000839,2017-10-25,0.007373271889400845,0.004608294930875667,0.19695249945661947,59977.5,431479.58544247155,3038,282484518,283404426,947908,949660,13439841,10794225,19110167,16197547,33684763,28166829,30052300,26519380,20831111,24876976,18316907,13026638,146101521,162873171
308,000848,2017-10-25,0.02200956937799048,0.002870813397129357,0.27953010525523686,10460.0,119047.05126897617,1398,30767120,35525069,940403,1522503,4202819,5836758,3922257,4475470,5566036,6986698,3964743,6072275,2881359,2334087,943613,2162686,8345890,6134592
309,000850,2017-10-25,0.0038910505836575737,0.0,0.27678384877983014,10260.0,60409.28316474557,344,4736086,3945619,274418,228553,1305308,1216112,862563,940299,349769,581155,256999,463500,359100,0,813930,0,513999,516000
310,000851,2017-10-25,-0.018018018018017945,-0.02612612612612608,0.27364967939309665,20539.0,169692.1351419857,1646,74713785,38434684,996838,1358261,6372959,8076791,8017059,6670909,8859174,7892383,9043216,4189841,6467474,2404629,4142259,3079207,30814806,4762663
311,000852,2017-10-25,0.0041876046901172526,-0.0041876046901171415,0.32959942760738503,13200.0,71177.44523690573,1312,28108565,20102731,890980,1319085,6350628,5780633,4662496,5093890,5084464,5145309,4282854,1983462,342000,308914,875910,471438,5619233,0
312,000859,2017-10-25,0.011834319526627057,0.0,0.16793480748281167,6132.0,60544.50197067642,912,13737511,8316351,646508,859323,3010584,3075254,3343352,1597408,2718942,826060,1445824,218440,331223,995266,1286038,0,955040,744600
313,000861,2017-10-25,-0.0026954177897573484,-0.005390835579514808,0.1815801114861555,7420.0,94462.59105713271,417,8364048,4966394,383920,408401,1219201,1218384,1063915,671140,1208004,1044286,646280,686683,1106076,0,445200,0,2291452,937500
314,000862,2017-10-25,0.006389776357827559,0.0031948881789138905,0.23841080017477817,8722.0,41833.261305180386,689,7615239,8062308,606847,784559,3020459,2348747,1663847,2536348,987078,1312628,511758,759732,303610,320294,0,0,521640,0
315,000863,2017-10-25,-0.00433526011560692,-0.0014450867052022698,0.33773195059881933,8944.0,35922.65013977137,419,5265650,2945506,393572,329116,2108949,1189703,1248982,913639,627027,288798,484640,224250,0,0,402480,0,0,0
316,000868,2017-10-25,0.01705756929637503,0.02238805970149249,0.1688162373544824,44022.0,506069.6303177177,3093,281950893,262236771,1595826,1407259,13537949,12244409,18549532,14794602,29104166,24956555,25320102,18447471,18192622,11968427,20784320,15905065,154866376,162512983
317,000869,2017-10-25,0.0151898734177216,-0.0005063291139241199,1.0946361558803308,23559.0,156046.5280522961,1302,49917042,32138971,783666,1027646,7208184,6470139,7431300,5213497,8021935,7177828,4984472,5205574,4972612,3074546,969615,1377545,15545258,2592196
318,000875,2017-10-25,0.0,0.0,0.2178285119582573,6279.0,44382.82472191853,491,6582076,3615867,558743,483549,2147201,1428245,1574053,635131,464298,1068942,936986,0,306705,0,0,0,594090,0
319,000876,2017-10-25,0.0013333333333334085,-0.0040000000000000036,0.1944761356451168,7460.0,184428.5825803486,1488,41956548,19363485,1669532,996529,5549304,4220146,4064789,3701237,3957200,3977334,2412216,2573857,2068629,378245,871179,445060,21363699,3071077
320,000877,2017-10-25,-0.006334125098970689,-0.01187648456057011,0.24726396222156735,27456.0,139901.66791615824,2611,103985302,68458614,1515452,1396025,13461273,11187869,16817884,14288626,24271029,17029795,11609865,7168677,9657859,4790860,5023732,2674234,21628208,9922528
321,000878,2017-10-25,0.009621993127147732,-0.004810996563573866,0.2720056578172325,44190.0,399688.3605787194,2864,211621923,161458103,1078245,1343106,12195502,13096592,18091639,17156973,30834629,28712562,19806111,14458637,18836575,9504133,14138340,11597293,96640882,65588807
322,000880,2017-10-25,0.015567765567765512,0.011904761904762085,0.2788113886569779,1110.0,35048.00134513009,1534,2492637,8041314,277316,2234672,790931,1705140,546941,1049217,612108,906547,265341,648278,0,0,0,406260,0,1091200
323,000881,2017-10-25,0.012537313432835928,0.010149253731343455,0.4848672515282954,16900.0,62539.621885126675,1193,21984048,18535499,941376,819256,6711152,5570368,5540163,3567886,4572698,3573424,2017771,2010614,0,319224,805081,818436,1395807,1856291
324,000882,2017-10-25,0.00287356321839094,0.00287356321839094,0.15159110496319053,3839.0,70813.69804413832,527,7494901,5748039,446120,434615,1624101,1106762,1096071,390894,2053939,1618656,232490,0,688060,1026512,0,474600,1354120,696000
325,000883,2017-10-25,-0.004016064257028162,-0.002008032128514192,0.13735749036804865,2982.0,80896.89381079435,1317,13734927,9638944,1219522,1200735,3590916,3227022,938441,1712785,746809,877974,1758166,0,626717,0,898069,498000,3956287,2122428
326,000885,2017-10-25,0.0,-0.003964321110009772,0.43159981495190863,30119.0,91787.33139694699,2186,68885118,60038492,963894,904886,12796316,10889213,13335195,12242965,18303989,15931747,12538535,9544164,3481175,2752395,3057526,1752347,4408488,6020775
327,000886,2017-10-25,0.0,-0.00792602377807139,0.19540458222383014,19025.0,249810.60323233786,1503,48651543,54521276,1145231,1203784,6912684,5524279,6891265,7083023,9226916,10104873,4070359,5405702,4807604,3942917,1386178,1807174,14211306,19449524
328,000887,2017-10-25,-0.004975124378109541,-0.0024875621890547706,0.6488215922274132,20040.0,138489.93459108798,959,34519589,21872679,631315,546609,5924809,3993575,4715005,2304006,4980510,3000671,2733130,5404845,4392930,1818695,2488369,1765545,8653521,3038733
329,000888,2017-10-25,-0.0161145926589078,-0.018800358102059045,0.320324691089536,2206.0,249617.45474916854,1216,12028650,20077339,303614,2105389,2545820,2443160,1613382,1860900,2621123,2883174,428494,1470830,1420138,387503,0,0,3096079,8926383
330,000890,2017-10-25,0.002702702702702675,0.0013513513513512265,0.3410661452516935,5944.0,70932.24760611718,470,5528126,5625002,511760,482839,1873740,1406111,396216,1205460,447328,891920,0,1168668,326040,0,898681,470004,1074361,0
331,000892,2017-10-25,0.002512562814070307,0.0012562814070351536,0.41614825511867604,8000.0,56722.16963849571,365,5678413,4100282,258009,459177,1332326,1483434,915539,842771,859321,659328,661927,655572,683700,0,400596,0,566995,0
332,000893,2017-10-25,0.0024125452352232735,0.0,0.43819720922051497,8300.0,33215.21351748151,357,3509379,3343501,441704,434879,1004617,1252895,767748,1118090,1005860,329637,289450,208000,0,0,0,0,0,0
333,000895,2017-10-25,0.0015637216575450363,-0.0011727912431586107,0.5399465944788072,25600.0,177197.48773353925,2245,98081218,71644008,1083180,1195768,10156009,11481600,10817777,11030249,16842527,11374338,8589055,6069120,7622554,4294970,4554638,3438076,38415478,22759887
334,000897,2017-10-25,0.004784688995215447,0.004784688995215447,0.14761615734613828,6300.0,77149.83089244101,802,11400757,9451887,826085,738828,3044357,2054286,1269492,1326938,1957017,1128219,1585704,960478,341586,716052,472584,0,1903932,2527086
335,000898,2017-10-25,0.004636785162287493,0.0015455950540959051,0.15675816254531277,14388.0,190934.0492181997,1705,62670310,53648076,1869069,1011370,7573518,5494526,5740799,6859375,9477562,7687183,4815601,5937213,6307555,5098213,2189010,4117138,24697196,17443058
336,000899,2017-10-25,0.0013736263736263687,-0.0013736263736264798,0.35914936931929997,10920.0,68942.43997984758,410,7719984,5081550,445477,314063,1613095,1760474,1235353,1076429,889728,864275,1160302,744975,673276,321334,904507,0,798246,0
337,000900,2017-10-25,0.004878048780487809,-0.001626016260162677,0.16418626594480928,11767.0,101534.74412387719,1405,26144025,24327927,1548529,591066,8403260,5788187,3909845,1766082,4204912,2167192,1708354,1173688,0,1608547,0,2777411,6369125,8455754
338,000901,2017-10-25,0.010795250089960406,0.0,0.7963578347629455,13935.0,71281.88511603605,1217,26923421,20920268,949319,1059923,4750100,6047589,4743392,4587027,5652772,3601274,6664296,3429808,1373701,1000207,1404205,446720,1385636,747720
339,000902,2017-10-25,0.04211557296767876,0.03232125367286964,0.28649075001106006,12384.0,204886.1165906756,1270,23418017,46624268,826618,930215,4790614,4705520,3833015,4917236,5349276,7757104,3906990,4770133,634596,2454818,1340382,1273417,2736526,19815825
340,000903,2017-10-25,0.0025062656641603454,0.0025062656641603454,0.1792525263909238,8843.0,53097.420606615655,495,6828094,7096271,468263,348071,2279277,1634170,977866,1818240,2099598,1797934,240000,0,362090,695856,401000,802000,0,0
341,000905,2017-10-25,0.0036231884057971175,0.0007246376811593791,0.2812569868798217,24912.0,137123.71729850234,2409,76421078,71553068,1212689,1873843,12605033,12069763,11934682,13386025,14919055,17001029,11873494,7125898,5251833,3707897,3505779,3068886,15118513,13319727
342,000906,2017-10-25,-0.002317497103128785,-0.0034762456546930665,0.34433779634628603,10320.0,39249.06396372048,628,10086867,5330467,317647,729250,3683849,2204083,2844304,1620698,2337134,128437,207019,215499,696914,0,0,432500,0,0
343,000908,2017-10-25,0.006793478260869623,0.0040760869565217295,0.39235758289257616,3710.0,37355.05981269368,351,4547645,2385901,340155,321573,1158358,857272,1396505,378632,1140547,372639,512080,455785,0,0,0,0,0,0
344,000909,2017-10-25,0.004604758250191798,0.003069838833461347,0.5477505973456113,10520.0,34604.710201284615,565,7217641,5525184,525231,577029,2630793,2861873,1941035,1130448,1490834,688390,214840,267444,0,0,414908,0,0,0
345,000910,2017-10-25,0.02314814814814814,0.02083333333333326,0.5224842654407096,6493.5,93555.73061843218,1710,24543243,33113401,2760042,436761,6040652,4815691,3833582,7893756,5084992,4675213,3085045,3695510,1091205,1347100,1347389,1379431,1300336,8869939
346,000911,2017-10-25,0.0017746228926351915,0.0008873114463177068,0.38846523498862123,11320.0,51031.99037054115,841,13001646,11015699,634447,816531,3993671,3765023,2890729,2523859,3818723,1897144,1664076,689935,0,0,0,0,0,1323207
347,000912,2017-10-25,0.019495412844036775,-0.006880733944954143,0.22676114599556466,10392.0,50045.85179818615,1479,23958860,17571883,1650423,1724481,7258486,5950300,4917332,3919485,4366564,3405676,1771558,1412440,3058567,1159501,416930,0,519000,0
348,000913,2017-10-25,0.0011001100110010764,-0.0016501650165017256,0.8423807334184976,14504.0,79592.93201205086,465,7123242,6383538,488835,383977,2681570,1961485,1708090,1087960,1438101,954116,445047,0,361599,0,0,0,0,1996000
349,000917,2017-10-25,0.002887391722810273,0.0,0.3183014435161007,14532.0,120436.11998198273,1065,30731997,23290190,828111,547812,6109633,3526338,3941432,3327405,5670272,5036625,1848598,906581,2573859,3054030,1440395,1907865,8319697,4983534
350,000918,2017-10-25,0.0014184397163119478,0.0028368794326241176,0.28741295564101066,13338.0,92023.4031885294,601,9095155,17478001,740895,442106,2489244,2047168,2030376,2625573,1426767,3264942,1299218,1961204,684455,991433,424200,1700082,0,4445493
351,000919,2017-10-25,0.0009551098376312517,-0.0019102196752628364,0.5055406885552927,14665.0,66475.93755888643,428,11072432,6459770,248761,368525,2033410,1768815,1580481,670094,2962759,1782329,2834938,1154807,1412083,314100,0,401100,0,0
352,000920,2017-10-25,0.010265183917878673,0.007698887938408783,0.32927875288658504,17752.5,64412.34393976181,1260,30115891,20590071,1004160,729514,7133228,6177756,7346590,5440067,6368789,4761935,3603577,2350965,361998,355376,2698803,0,1598746,774458
353,000921,2017-10-25,0.03168567807351086,0.02281368821292773,0.2948830788802608,42016.0,200267.20577472425,2867,136216717,172800832,1397226,1502735,12416989,12145238,16989241,18436447,26359702,27806513,15815848,16843488,13399089,15782739,10340647,16711635,39497975,63572037
354,000922,2017-10-25,0.0,-0.002430133657351119,0.3685250924676991,12345.0,80091.02433749531,498,11657766,6102176,423037,591418,2162383,1904867,1819478,1845647,1692913,1007733,1491153,283720,1063744,0,1373058,468791,1632000,0
355,000923,2017-10-25,0.008928571428571397,0.0,0.8557584482761571,10824.0,37142.58502648831,986,13023144,10887095,594745,1387195,4091800,3970314,3746774,2989079,2997478,1527197,1592347,683178,0,330132,0,0,0,0
356,000926,2017-10-25,-0.0031897926634768536,-0.0023923444976076125,0.27921483776602446,3768.0,84616.9891284844,2018,29839262,16843140,2505096,1167686,6825339,4497478,5582491,3123826,4819317,2923034,1907533,1841689,1377353,327203,2210103,434224,4612030,2528000
357,000928,2017-10-25,-0.0012330456226880004,0.0,0.2295752732486131,13097.0,106337.72216264316,1248,31551146,22902904,954632,1458119,4622384,5897875,4222121,4966955,5813674,6691823,2892767,1722982,1637744,0,886600,405000,10521224,1760150
358,000929,2017-10-25,0.0024038461538460343,0.004807692307692291,0.5936665356697026,12530.0,38336.25673285853,441,5256303,5612643,256774,366609,1662745,2539653,831714,1238881,1740970,1467500,442116,0,321984,0,0,0,0,0
359,000931,2017-10-25,0.011688311688311748,0.01298701298701288,0.19828168727172432,15640.0,79454.6961843231,1509,28870311,37859035,1516599,1231375,6941622,6226209,5706662,5241056,5901386,10514102,2562369,5434954,3961943,3799425,1687274,1220854,592456,4191060
360,000932,2017-10-25,-0.007159904534606243,-0.00835322195704058,0.17151624433458887,15174.0,162961.27293423578,2392,74617709,60444287,2650203,2258699,10516852,9648830,11213591,8892690,14697799,9055215,6626027,6176603,3809842,2941542,6093262,2188570,19010133,19282138
361,000933,2017-10-25,0.027450980392156987,0.015686274509803866,0.1842003929464919,52734.0,366754.13636907644,3070,208395553,255921497,876103,1176760,12388966,12204227,18798961,18425933,29395188,39269176,23381540,25103003,14419995,15810546,13260555,13731822,95874245,130200030
362,000935,2017-10-25,0.004153207198892561,-0.007383479464697751,0.45414496763954415,21650.0,114028.4945371199,2277,73123679,44314443,1422768,1335334,14218232,11567613,13177235,8835426,14794508,9528656,9581056,5019244,5606824,3494946,2771481,2341776,11551575,2191448
363,000936,2017-10-25,0.0028943560057885787,-0.00434153400868309,0.26604803932431176,3799.0,54870.198954563544,674,8533431,4142035,337994,885545,2134107,1553090,936895,1004788,1626696,271648,1078570,426964,701365,0,820804,0,897000,0
364,000937,2017-10-25,0.004731861198738141,0.001577287066246047,0.15731976628833025,8876.0,100669.96357015247,1626,28752924,32821575,1312652,1263268,5107616,5682656,5246696,4122583,5496314,6231988,2554380,3745471,2384797,2757283,471212,2624524,6179257,6393802
365,000938,2017-10-25,0.005823627287853572,-0.0006655574043260559,1.4920684003767588,29995.0,126030.7409926263,1622,57848025,45946756,1609506,662464,6692623,7657198,8291981,11583799,11144872,9094703,4276054,2706137,8163022,4030512,4499613,1381530,13170354,8830413
366,000939,2017-10-25,0.0037664783427495685,0.0037664783427495685,0.14513568219960307,10520.0,179914.03805940715,1341,35272488,30480534,835814,1653940,5212810,4988330,3414000,2984194,3785344,6358174,2708471,2989831,1496043,2412203,1285365,1298758,16534641,7795104
367,000948,2017-10-25,0.00775862068965516,0.0,0.5951682328453816,9280.0,40627.63243191695,379,4800842,3791999,439004,275447,1251784,1273278,1338390,1175510,1111072,826402,660592,241362,0,0,0,0,0,0
368,000949,2017-10-25,0.0045351473922901064,0.0022675736961450532,0.24283169177821234,6630.0,51966.09105578671,329,3931642,3023903,499582,263618,1419110,1146418,402876,720077,313069,100561,759975,299144,0,0,0,494085,537030,0
369,000951,2017-10-25,0.027459954233409745,0.018878718535469075,0.3987104686622618,10632.0,123124.29164451912,1925,34017806,41946579,1697469,1821994,6604242,7978685,4586299,5076532,6159671,6137094,3814610,2482504,1722984,2848135,455323,5451712,8977208,10149923
370,000952,2017-10-25,0.008150470219435713,0.0006269592476491059,0.42297874688179804,19128.0,164375.55211597192,1422,45918363,38842506,897921,1251289,8170811,6571774,8778255,4991537,7743307,5574592,4268570,4613515,2351058,317600,1710169,2257647,11998272,13264552
371,000955,2017-10-25,-0.0015552099533436836,-0.023328149300155476,0.27119028824712504,8281.0,94911.35607224931,562,12976006,8410131,222015,769318,1641192,1886284,2227634,2237391,2247753,930554,2106480,977214,633500,633500,853002,0,3044430,975870
372,000957,2017-10-25,0.011137629276054106,0.00875099443118521,0.31124284519352396,18810.0,138655.1117354501,1632,46387788,51254605,919455,1369594,8120863,7006079,5677017,7186961,6681794,8944976,5496832,6788618,3396941,3232045,1867978,1706137,14226908,15020195
373,000958,2017-10-25,0.0014124293785311437,0.0028248587570620654,0.17086995399043625,16410.5,97744.2781628455,1718,36486031,46142270,1109440,1746919,7969537,8444715,5772940,6094545,8165300,9495773,7301474,3500288,3081203,4128457,916900,3159797,2169237,9571776
374,000960,2017-10-25,0.007638888888888751,-0.003472222222222321,0.33078880202105715,23216.0,153160.43095023718,1895,78664530,63218059,1153315,1133819,9670431,8617853,9541469,8168096,13643361,11654097,8597292,9604835,5666647,5700550,7824014,7127943,22568001,11210866
375,000961,2017-10-25,0.006329113924050667,0.0015822784810126667,0.18846487017184105,13970.0,129353.85444381843,1125,33674119,26084900,864214,759718,4963836,4435208,4692481,3423381,6573357,5122129,2935558,2317948,1431655,656975,895102,1301302,11317916,8068239
376,000962,2017-10-25,0.017154389505549927,0.017154389505549927,0.3166383921689188,11099.0,61924.835062784834,979,13464317,16731055,817407,852619,5144879,4661355,1990807,2430262,3568000,3243009,674315,2051152,312866,1080474,403200,928299,552843,1483885
377,000963,2017-10-25,-0.006630824372759858,-0.018996415770609287,1.0430996878747103,43976.0,282355.66103135893,2862,214558117,174514422,987425,746788,15210789,12569018,15308517,15857488,29125919,24471286,17826016,14404715,18700131,17015261,12889752,7620070,104509568,81829796
378,000965,2017-10-25,0.0,-0.0044709388971684305,0.23645142751560555,7359.0,56365.41401172997,805,12332948,9058980,672736,679865,2848979,3004726,3003918,1305672,2567689,1432149,888165,986582,1006243,662152,1345218,465024,0,522810
379,000967,2017-10-25,-0.0009756097560975618,-0.0029268292682925745,0.2537729992413201,20640.0,90386.48795351687,1632,38539077,37960482,944136,1086789,7501583,7733109,9563852,7603443,8289251,9785021,4396391,3155634,2438023,1651510,1699294,1699916,3706547,5245060
380,000968,2017-10-25,0.012062726176115923,0.0012062726176118588,0.5483738762327991,19824.0,76210.60372974142,914,21455971,13982930,696648,674870,7077427,4456810,3718430,3855263,2586436,1710607,1891314,676791,1097414,641289,1441673,820280,2946629,1147020
381,000969,2017-10-25,0.004012036108324901,-0.0010030090270811698,0.3287809362965809,10967.0,94088.30208642427,919,20169990,16577357,873047,1021503,4265625,3725606,3241023,3188621,2727044,2869054,3432824,1674445,974986,2139270,0,900858,4655441,1058000
382,000970,2017-10-25,0.026011560693641522,0.005780346820809079,0.3258288058842041,50126.5,243743.39230316988,2820,172880935,181406591,1103776,1112872,11959608,12327134,17425548,19268544,32186271,29536741,21938342,18352670,15951423,17861327,12831463,11764760,59484504,71182543
383,000972,2017-10-25,-0.008565310492505307,-0.014989293361884481,0.19001466868880393,11366.0,92216.28598006506,604,14010292,8144215,553545,525350,2659331,2348716,2563736,1809595,2354604,1382780,2935907,950435,726925,660092,459000,467247,1757244,0
384,000973,2017-10-25,0.00654450261780104,0.003926701570680757,0.21199411034275759,15280.0,120095.25792283514,1299,30247450,30690989,1113981,1310023,5777018,5527066,5098738,4882573,5326066,5682306,2845692,3936624,2672246,1692474,1229046,1789766,6184663,5870157
385,000975,2017-10-25,0.005759539236861011,0.00647948164146861,0.46908987772027333,11132.0,76574.5167715538,876,14679112,15779478,1190388,508465,3343760,3413580,3014066,2925600,3426126,3298567,922350,702113,305140,2086838,1743682,491376,733600,2352939
386,000977,2017-10-25,0.011525795828759566,0.008232711306257023,0.42031964452844417,23816.0,151010.80504171117,1879,70704699,65813726,1415007,1173657,8620526,8707422,10493476,10300205,13401170,13448979,7095162,5796422,6917218,6480899,2597362,3953875,20164778,15952267
387,000978,2017-10-25,0.01091703056768556,0.0065502183406114245,0.4006019146019723,5523.0,35523.91900320869,522,4761968,4778903,639995,557769,1261986,2032607,1036815,1213247,1385647,532871,0,442409,0,0,437525,0,0,0
388,000980,2017-10-25,0.026232114467408696,0.012718600953895098,0.2887851857792515,19132.5,116007.55273768425,1898,52122549,55426626,1307812,1337247,9453946,7921187,8904122,6954666,11135787,14560342,7941746,8743351,4917592,5930380,1212501,3145234,7249043,6834219
389,000981,2017-10-25,-0.0062893081761005165,0.002096436058700357,0.361939836367108,3844.0,53083.932465802616,694,11510873,4758710,1230913,173579,3501941,1048866,2054694,758195,2245972,377573,1292901,1539983,705952,367297,478500,493217,0,0
390,000982,2017-10-25,-0.012755102040816313,-0.015306122448979553,0.11754835948433956,9598.5,158657.1097980514,1114,30204517,20857771,544155,1601094,3105410,4731093,3178352,2933406,5899884,3748804,1995697,2135101,3076450,1450970,1797477,868327,10607092,3388976
391,000983,2017-10-25,-0.005940594059405946,-0.00990099009900991,0.19558458050627348,25421.0,237355.09067965572,2669,115953726,116848671,857463,1314292,13715597,12929490,12327346,13634176,16400350,23446157,12633124,14970061,7935269,6596398,8870865,5339430,43213712,38618667
392,000985,2017-10-25,0.005042016806722671,-0.0021008403361344463,1.0677228153971616,9558.0,38657.03310574702,496,5575304,5872754,280084,727812,1519351,2242686,1857617,1160030,1149372,1028971,768880,713255,0,0,0,0,0,0
393,000987,2017-10-25,0.03796376186367545,0.006039689387403069,0.41431505077259123,7017.0,64105.0419210694,782,10295357,10975401,502814,976525,2546316,2416679,2506598,1814152,1768880,2811239,895718,966182,351000,669540,0,484862,1724031,836222
394,000988,2017-10-25,0.030751034890597273,0.011827321111768097,0.3685958625834268,25619.0,200691.1778361357,2105,76730152,97398460,1266427,1302466,9973075,10404180,10502337,9377130,14565217,16508070,8737151,7297794,9054340,8369388,1308330,5654082,21323275,38485350
395,000989,2017-10-25,-0.0005107252298262033,-0.006128702757916105,0.5580192796440773,13629.0,99489.26138612707,1231,34388780,25506743,1663119,755235,4637494,4328344,5321208,3778603,7051028,5819626,3513423,3297590,4000860,2897895,2197186,465290,6004462,4164160
396,000990,2017-10-25,0.003260869565217428,-0.005434782608695565,0.4623280321470882,16587.0,55531.540856190426,1584,30382558,22509898,1148364,1520365,8471747,7577852,8111605,5665890,7073050,3747708,1823671,1199114,2542661,1435137,475800,1363832,735660,0
397,000993,2017-10-25,0.0031948881789136685,-0.00425985090521841,0.36835702477952204,9400.0,46445.20549253105,649,10106029,4584588,826099,871939,2971047,2284224,2288546,862689,1696890,322636,281700,243100,1385147,0,0,0,656600,0
398,000996,2017-10-25,0.016654598117306296,0.016654598117306296,0.4013138390764248,19593.0,88129.54826853714,1184,26789031,31877091,508396,1038854,5890005,5741468,5604317,5060397,7417662,6835709,2259365,3716245,2477642,3158834,1813314,2078419,818330,4247165
399,000997,2017-10-25,0.006714413607878278,0.0013428827215757888,0.5020039459138648,24623.5,145341.26776735732,1980,82217601,57606308,1225151,1077715,10961327,9431318,9637991,10452537,13561798,10933516,12232810,5355409,4107230,6522629,7095388,4075291,23395906,9757893
400,000998,2017-10-25,0.025757575757575646,0.015530303030303116,0.5548853936482065,34846.5,259652.70764073878,2264,92520954,151211679,903755,1101652,9436549,10585374,12802410,11796151,19216153,22767792,14395948,19959850,7746276,9112004,4919186,7967642,23100677,67921214
401,000999,2017-10-25,0.0009960159362549792,-0.003984063745019917,0.6435081951295291,20930.0,161566.5661161609,2191,87631147,71735302,1209837,3040504,7780281,8915964,9671358,10121453,14274459,10641839,10662323,7181476,6740426,9234995,2604987,2636770,34687476,19962301
402,001896,2017-10-25,0.006259780907668322,0.003129890453834161,0.2973416996235097,14743.0,96036.05002652935,461,10296636,8514404,324879,352616,1857854,2529223,2145002,1662445,1506308,1371069,719165,941251,1288654,1018800,477974,0,1976800,639000
403,002001,2017-10-25,0.020875972165370404,0.009005321326238214,0.5477199712119991,22302.0,249487.76235707916,1990,82606619,90024617,1676263,1500374,8803300,10180912,8986908,7305619,8489951,8279488,10627326,8033137,6842025,7001660,2832844,5490013,34348002,42233414
