,code,date,pchange_whole,pchange,change_std,amount_median,amount_std,length,sumsell,sumbuy,sell_vol_0,buy_vol_0,sell_vol_1,buy_vol_1,sell_vol_2,buy_vol_2,sell_vol_3,buy_vol_3,sell_vol_4,buy_vol_4,sell_vol_5,buy_vol_5,sell_vol_6,buy_vol_6,sell_vol_7,buy_vol_7
0,000001,2017-09-25,-0.013111888111888126,-0.020979020979021046,0.21873264141656928,40824.0,464889.31958591007,2738,247845996,153517003,1650787,651371,14356007,11624253,18767701,12827592,25603792,21196178,25047760,12942691,10989152,9834748,8191284,3647752,143239513,80792418
1,000002,2017-09-25,-0.039705882352941146,-0.022058823529411686,0.465919330263369,127344.0,919963.5206002892,3415,766548025,664125829,327458,436753,8977082,11450528,17571642,19883218,37332882,30891745,32545374,31869310,29261703,31845815,25510751,26274311,615021133,511474149
2,000004,2017-09-25,0.006669445602334401,0.009587328053355604,1.3785208841645147,14517.0,38232.1585220565,302,3174894,4154304,232553,359337,1819061,1627370,387342,592843,372938,1085256,0,489498,363000,0,0,0,0,0
3,000005,2017-09-25,-0.007858546168958758,-0.00982318271119842,0.14287211955678494,7589.0,73479.24151664578,1271,22203188,11858875,1236466,1182264,5536604,3185941,3939625,2621326,2893852,1498462,2645882,1434901,1006704,709535,910388,0,4033667,1226446
4,000007,2017-09-25,-0.013539651837524147,-0.012250161186331376,0.7241114858809162,9240.0,80757.1115157315,458,9988305,4516378,774753,290270,1933485,1323513,1011472,1087240,1786079,402029,1106828,248160,309540,615800,906580,0,2159568,549366
5,000008,2017-09-25,-0.018701870187018743,-0.011001100110010986,0.28958231628613035,8960.0,60928.982089949175,985,17537182,9844869,1660663,853479,4761440,2678580,2924717,1836777,3096972,1296021,1789290,1041542,1276018,709709,851662,880981,1176420,547780
6,000009,2017-09-25,-0.030668127053669392,-0.013143483023001168,0.19857471240117328,27225.0,258184.49675073804,2116,113350692,83230478,1304441,1549716,8874711,10105064,11346760,12042732,14942902,14570551,11596383,8190062,5551223,5116886,4857724,8581435,54876548,23074032
7,000010,2017-09-25,0.02589641434262968,0.013944223107569709,0.19466006789213644,15059.0,90484.34588617222,665,10289185,13643410,569690,561103,3003531,3906596,1929782,2522934,959868,2383098,1243600,678070,2086714,304829,496000,918341,0,2368439
8,000011,2017-09-25,-0.03636363636363649,-0.02777777777777779,0.439595039084989,28980.0,133731.74636534008,2029,80918286,63748190,1111618,1558796,9031886,11110508,11931738,9357951,17343030,14625244,9548324,9649946,5622886,5684275,5327714,2244086,21001090,9517384
9,000012,2017-09-25,-0.016489988221437102,-0.002355712603062332,0.25548709747322673,13016.5,113106.19851797332,1104,30916026,18518537,1079611,1134462,5231141,4186446,4579857,2896066,3963862,3153536,3192870,2635735,2704975,1676249,2110060,435200,8053650,2400843
10,000014,2017-09-25,-0.01597633136094667,-0.011242603550295716,0.6671242367342469,16710.0,70135.66192690303,641,15951928,11965431,414181,530827,3633138,2681606,2935456,2333597,5226029,2538190,1089053,1498253,1338467,1074931,1315604,1308027,0,0
11,000016,2017-09-25,-0.05872483221476499,-0.030201342281879096,0.19366831141232557,7709.0,84776.90007511684,947,22648913,8436175,1436753,469230,4104379,2281980,3087637,2210284,5182047,1728669,2112610,819900,1365161,387420,412114,0,4948212,538692
12,000017,2017-09-25,-0.0025412960609911828,-0.0025412960609911828,0.3935719646247967,7830.0,82260.12704808521,399,5647774,3086761,401731,297613,1706249,1379269,636819,820569,915923,589310,444542,0,0,0,0,0,1542510,0
13,000018,2017-09-25,-0.003754693366708417,-0.0012515644555693983,0.21723542483640224,15980.0,90508.87729308679,1353,28581335,30876129,1320212,1047956,6312493,5418488,6777698,9098938,3075986,4491653,3129686,4711349,2069243,2071702,931170,869876,4964847,3166167
14,000020,2017-09-25,-0.004166666666666541,0.0,0.8889287170698152,11628.0,71630.40591301883,466,7300714,5471435,579742,429029,2802935,1942207,1678928,791289,953473,632274,277820,716136,0,0,0,0,1007816,960500
15,000021,2017-09-25,-0.01175213675213671,0.003205128205128416,0.1980891370505653,18820.0,133082.32778688858,2235,65749470,67899427,1771576,1428618,10081522,9271466,10624019,9719617,13526645,12844906,7237131,7056696,4538117,4516103,4826116,4016555,13144344,19045466
16,000022,2017-09-25,-0.029163468917881685,-0.01995395241749809,0.8716715932591302,18032.0,80286.92237592646,893,29057705,11141394,512348,707999,4483063,4225643,4947003,2210618,6652391,3459663,4487053,537471,3114269,0,1441176,0,3420402,0
17,000023,2017-09-25,-0.012396694214876103,-0.0012396694214874548,1.2240407858794509,12055.0,73608.63203209883,390,8551230,4362724,412742,391133,2296517,1141147,1629740,586606,1041226,503996,711930,460330,0,0,1786685,1279512,672390,0
18,000025,2017-09-25,-0.01790846783108546,-0.015476453681184998,1.0745633594562298,17920.0,80078.8923680364,1771,34804705,29657473,1492815,2404632,9683712,9966211,9339031,6047008,5884950,5738325,1912928,1465048,1779153,1334581,1807036,470715,2905080,2230953
19,000026,2017-09-25,-0.02627118644067805,-0.011016949152542477,0.43568124731755015,5900.0,55255.00806283045,733,11059623,7521683,340742,1094016,2149099,2059569,2327892,1241106,3048129,1844494,1428279,695660,307710,0,876272,0,581500,586838
20,000027,2017-09-25,-0.009273570324574876,-0.0061823802163832875,0.2517467950267575,9645.0,73690.64556369072,660,13706963,5880376,816662,675642,2350374,2238796,1716404,1771662,1726659,943371,1034130,250905,1609500,0,1914612,0,2538622,0
21,000028,2017-09-25,-0.004422821760282969,-0.0036856848002359,3.326147902158652,20274.0,182117.21751071044,415,19093107,8117377,561624,203120,2065200,1789215,1022532,1118943,1833204,1754465,2387557,453750,1707759,339000,0,489600,9515231,1969284
22,000030,2017-09-25,-0.013392857142857206,-0.0022321428571430157,0.23170047641146707,4470.0,47817.610141595724,1497,12122128,12359777,2225105,1748869,3232424,1958042,1763513,1789093,2358000,2919626,990534,762061,1098524,1044952,454028,481134,0,1656000
23,000032,2017-09-25,-0.04705882352941171,-0.03529411764705881,0.4156044465161529,13500.0,130716.87750465778,1071,31244995,14037573,741262,992591,5176851,5163302,6071580,3258434,3327375,1854300,1990899,974120,637178,716680,2150978,0,11148872,1078146
24,000034,2017-09-25,-0.014882381180988946,0.002880460873739832,0.6859644869290884,10502.5,109786.3424242876,922,21767594,13808603,791109,773186,3672307,3653057,2758526,2297626,5193954,2467475,1905467,1096502,338100,711175,1318789,870070,5789342,1939512
25,000036,2017-09-25,-0.0524861878453039,-0.04327808471454875,0.20365566633919016,31245.0,262708.4863724092,2848,184975057,142038898,785139,1880734,10300745,13436609,11629316,13080335,21997769,24977719,19921178,17561116,14735449,12983220,8761937,6170523,96843524,51948642
26,000037,2017-09-25,-0.015555555555555656,-0.015555555555555656,0.32704574457607183,10788.0,83308.7779752631,757,16981309,7465327,1085634,507006,4478934,2151869,2394081,1383094,2192581,1199478,2047006,469718,1777864,683900,400508,479700,2604701,590562
27,000039,2017-09-25,-0.019005030743432072,-0.014533258803801075,0.3926575508668322,7108.0,115400.66119131204,2076,50373944,36112472,1732591,3078200,5657375,6037542,5908595,6369220,7896093,5216035,2475167,4094101,7385801,3274587,2575584,2679222,16742738,5363565
28,000040,2017-09-25,-0.018404907975460127,-0.010906612133605997,0.5346081996994306,8724.0,231734.74985557634,754,28599579,11541262,542059,657408,2441093,3136158,1942976,1082295,2694528,3652858,1294701,567490,1393136,974643,868200,0,17422886,1470410
29,000042,2017-09-25,-0.013529411764705901,-0.015294117647058902,0.622627314352504,5021.0,47701.14411749232,745,8479515,5178684,526583,1068525,2178786,1832606,1384839,864425,1404644,1160828,699795,252300,1333103,0,450765,0,501000,0
30,000043,2017-09-25,0.0019175455417066445,0.009587727708533,0.45803897131597576,10430.0,131027.71822944954,518,10891381,12167827,706391,249126,2156618,1305863,2205767,1288614,966013,985329,1511733,665785,1027653,948600,899658,0,1417548,6724510
31,000045,2017-09-25,-0.01908065915004331,-0.004336513443191636,0.4079569629416075,13890.0,54191.105038744296,798,16787960,8620474,577209,607756,4900724,3342258,3574059,2048398,3560284,1537519,2178042,259425,1010444,329758,409044,495360,578154,0
32,000046,2017-09-25,-0.007317073170731603,-0.007317073170731603,0.32277208206118985,8170.0,104735.80245439545,645,16402767,9691112,508125,547320,2310248,2097685,2710716,2730583,2355425,1144416,781959,722327,2047106,323555,2142307,888417,3546881,1236809
33,000048,2017-09-25,-0.007304882737408702,-0.004229142637447225,2.123910726683221,7851.0,28699.79217197352,149,1843435,1075318,117042,161477,680101,293774,413072,500467,633220,119600,0,0,0,0,0,0,0,0
34,000049,2017-09-25,-0.0009652509652509078,0.00540540540540535,1.144199424147651,26160.0,146490.4275261944,2049,68645643,72820130,717006,1047092,10251595,10764685,9690330,12656659,12773995,15729909,5722460,9487996,4267691,4084981,4021663,4434724,21200903,14614084
35,000050,2017-09-25,-0.005116279069767415,-0.00046511627906986597,0.4275251220234939,28261.0,314625.3580107026,2531,140817516,134352694,1860491,1114988,10309335,10402442,9766151,11292027,24887134,23529433,12420487,12437188,8092206,8890177,11014128,10649603,62467584,56036836
36,000055,2017-09-25,-0.024296675191815886,-0.01406649616368294,0.195065852773883,11670.0,131363.34288060686,1609,49572950,26364332,1306093,1896283,7618505,5676454,6939486,3287811,6462969,2446425,3087473,4176152,3361759,315168,1373414,0,19423251,8566039
37,000056,2017-09-25,-0.015484922575387028,-0.006519967400163029,0.6716204809763199,8519.0,34207.91390270016,333,4432855,1873920,523688,313539,1424381,765376,962336,560933,917601,234072,243400,0,361449,0,0,0,0,0
38,000058,2017-09-25,-0.008974358974358942,-0.002564102564102555,0.24217559247998313,2340.0,37061.39449758549,1037,9748819,5825066,1383672,479744,2887608,2554146,2479929,1008536,1843598,968578,289416,270660,373976,0,490620,0,0,543402
39,000059,2017-09-25,-0.008219178082191747,0.0009132420091324533,0.26457367095707457,15484.0,113765.37457008308,1713,45664176,41781464,756130,1293023,7079989,7569644,5496193,6973507,8108168,8839256,7691530,7685278,3739721,2553720,3110288,925894,9682157,5941142
40,000060,2017-09-25,-0.020491803278688492,-0.007377049180327888,0.2436526626175065,14520.0,228625.13455552617,2509,98408496,76954512,1985236,2009756,9952159,10808944,9180555,8179778,11749879,11114983,8512563,5432321,8189930,7341422,5333860,3599906,43504314,28467402
41,000062,2017-09-25,-0.027382256297918905,-0.019350127783862803,0.709610158087185,18868.5,115706.33703241308,1490,53921406,27897356,1159492,704379,9280605,5692217,7329571,4524251,12336364,6127091,4790429,4013151,4245963,2768649,3028279,1474604,11750703,2593014
42,000063,2017-09-25,-0.03136531365313655,-0.01365313653136535,0.4602236794070542,239559.0,2500844.6220387006,3471,1157502396,1376423650,408995,322518,6012060,7337507,14890525,15933129,34274813,35812123,36280204,35164946,40314254,40278679,27526034,33064412,997795511,1208510336
43,000065,2017-09-25,-0.004039497307001816,-0.0004488330341113622,0.7473465030277573,14409.0,65774.79810238713,888,16369585,12373662,470874,949514,3675365,5445462,3305524,2090088,3431089,2352968,1332166,869330,998972,0,446197,0,2709398,666300
44,000066,2017-09-25,-0.03555555555555556,-0.02444444444444449,0.17607851576646383,27248.0,302491.4976931101,2616,155890290,132956740,1801307,1706979,9260850,11655898,12235524,15126402,18755261,18848790,16029551,13637453,12822705,7516414,11576961,6210522,73408131,58254282
45,000068,2017-09-25,-0.03370786516853941,-0.0294943820224719,0.2126958473025813,13980.0,76796.53094946712,1121,31591929,12741858,1013614,971941,6368319,4295637,5524957,3026901,6953821,2620576,3024352,1358503,2432482,0,2638783,468300,3635601,0
46,000069,2017-09-25,-0.059933407325194143,-0.059933407325194143,0.16854811643981477,42350.0,454647.42423179676,2865,295435014,263596983,1316212,1759525,9671784,12195451,8861196,13735918,19002298,29653664,17635614,19625646,22130285,17775457,11800448,17341193,205017177,151510129
47,000070,2017-09-25,0.03303571428571428,0.04285714285714293,0.2097372263589479,46800.0,451420.8933142903,2862,192916855,218938551,938149,1300075,11142773,12552249,14598537,18524813,25210271,27721381,23079345,21874343,13097089,16835278,11882178,18923967,92968513,101206445
48,000078,2017-09-25,0.09872611464968162,0.08917197452229297,0.11251790700920827,42291.5,413760.8120144696,3126,152255085,298560696,1751579,1259353,14310329,12509592,18185716,20224986,28455593,30707925,14357236,23332807,11057745,17659964,10425311,16737624,53711576,176128445
49,000088,2017-09-25,-0.018478260869565166,-0.007608695652173703,0.2944042562994243,13695.0,72996.46453632094,976,21985680,11596119,1182988,893934,6127427,3342404,4547362,2211419,4317436,1882486,1790186,1900520,360116,0,0,861428,3660165,503928
50,000089,2017-09-25,-0.012731481481481621,-0.003472222222222321,0.3116295665616007,6027.0,82144.75900817236,768,14408343,7564675,857059,436716,3010525,2014586,2221388,1343958,1875725,1185930,719280,678454,645750,0,1724471,430999,3354145,1474032
51,000090,2017-09-25,-0.04151943462897534,-0.03268551236749129,0.24655298899866993,13284.0,244820.00423428553,2110,105752742,49983443,1219506,1046465,9396482,7208782,8065346,6068842,12032486,8428866,12036162,8703556,6830815,2767981,5688908,5015794,50483037,10743157
52,000096,2017-09-25,-0.0035688793718771095,0.0021413276231263545,0.8241838345026888,7037.5,22545.67802808538,288,2686106,1648914,316520,338998,1162511,936024,685840,373892,521235,0,0,0,0,0,0,0,0,0
53,000100,2017-09-25,-0.01680672268907568,-0.011204481792717047,0.07122942943131504,9204.0,142567.71418823925,2534,68974686,32335369,2978031,1752396,12610093,6811069,8449262,5484692,9753037,4632683,4848494,3035086,2681541,1385910,3165335,0,24488893,9233533
54,000150,2017-09-25,-0.0017857142857142794,-0.002142857142857113,1.1276572668191425,11264.0,48468.18132771112,616,9032224,8052560,693485,525980,3062662,2253445,2045819,1010289,2248778,2254576,981480,1275870,0,311360,0,421040,0,0
55,000151,2017-09-25,-0.017201834862385357,-0.004587155963302836,0.615917611979654,17470.0,98518.89613853082,801,23135899,12922892,483088,850689,3743166,3520959,5611996,3274365,4407127,2756295,1736063,1728548,1101852,337556,1404959,454480,4647648,0
56,000153,2017-09-25,0.02670623145400608,0.02571711177052416,0.21722085207988132,3033.0,52551.20947451636,2167,9811513,23088717,539891,3785457,2341052,5115269,2377133,4971434,1787432,3017584,1581052,942866,647768,2684496,0,418586,537185,2153025
57,000156,2017-09-25,-0.012371134020618624,-0.006185567010309256,0.5227168340971226,4356.0,95249.10183956427,774,15561595,8733186,819979,307095,2739010,2072084,1808111,1501279,3606686,1822805,1407950,1424142,655263,358891,0,435000,4524596,811890
58,000157,2017-09-25,-0.013363028953229494,-0.0044543429844099425,0.09101869675962311,9812.0,71950.38302912531,2447,32821572,29373990,2601581,3338303,8394451,9335946,4457197,4794966,5614624,3329656,3647800,1232897,1814963,1028628,3063868,977346,3227088,5336248
59,000158,2017-09-25,-0.015194681861348536,0.0,0.2766233566836078,6330.0,55156.8712482968,1449,16558198,17769589,716829,1477876,5078287,4504915,4206720,2670728,3162890,4041492,1436434,1568257,319876,1784726,405108,839675,1232054,881920
60,000159,2017-09-25,-0.028653295128939882,-0.02005730659025795,0.21612277511175385,11040.0,106933.70507127192,1043,25156234,9640968,1259305,938057,5268544,3018724,4920172,1856960,5412356,1659902,3097191,1374830,925268,347000,0,445495,4273398,0
61,000166,2017-09-25,-0.008488964346349714,-0.01018675721561968,0.12839820682432435,11866.0,142907.76271340493,2109,68589393,43250741,1248212,2118868,6217985,9332553,7889024,7746127,16351759,10159868,5227224,4411227,4044412,1737397,4806038,903393,22804739,6841308
62,000333,2017-09-25,-0.022902494331065726,-0.01746031746031751,0.7654264877971235,95490.5,774812.4333169154,3320,528011704,494810248,847448,731597,12055168,10669095,21073214,22882073,41045842,38920142,39297000,36482456,27869843,23088899,28921594,16956714,356901595,345079272
63,000338,2017-09-25,-0.002732240437158584,0.001366120218579292,0.13031659952059005,14680.0,211689.38177302486,3166,113529115,96988620,3310142,2931774,11010607,14949093,14626748,12382563,13756655,16367970,11456990,8336857,5806506,4916287,4989481,3179130,48571986,33924946
64,000400,2017-09-25,-0.0500873616773444,-0.045428072218986704,0.33890313064995353,34702.5,226508.5242323169,2568,152340551,99155697,814829,1626816,11311096,13199433,15360955,12818018,31245749,20215333,14291266,8866978,11235961,11665374,7671670,4940611,60409025,25823134
65,000401,2017-09-25,-0.0012165450121653931,0.006690997566910051,0.31454255899955,38525.0,341375.2709736238,2733,174453189,164354596,1678239,1174563,13668779,12614269,15837058,16676324,23386310,25404417,18283506,16871113,14667795,14568013,9811063,12017958,77120439,65027939
66,000402,2017-09-25,-0.052755905511810974,-0.03543307086614167,0.23924527350125924,37851.0,324709.3102884643,2824,223698568,160642572,1744941,1498087,9075346,8032573,14049425,12734265,33429233,26823292,17855823,14438180,16304941,12102808,13494164,12278854,117744695,72734513
67,000403,2017-09-25,-0.01607915893630185,-0.00278293135436003,0.9475892985284757,32270.0,175037.575796165,1166,53847312,38888939,647581,734644,4916151,5467032,6291150,7215123,13380859,8790718,7112157,6350037,3408672,3660481,1682158,1347042,16408584,5323862
68,000404,2017-09-25,0.0025348542458809575,0.00887198986058313,0.19550489591528666,23171.0,175545.3623497038,1630,63430194,72229675,922791,1191660,5868769,6632997,7062587,7837032,10762881,12778860,6890346,9792714,8048380,5362185,5553833,7255879,18320607,21378348
69,000407,2017-09-25,-0.007398273736128114,-0.002466091245376001,0.31433682859521117,16239.0,43485.905236008235,665,7350623,9663716,436013,557453,2198482,6261912,1683370,1436632,1661334,571088,495720,260010,398837,0,476867,0,0,576621
70,000408,2017-09-25,-0.03183023872679047,-0.018037135278514582,0.40529317983687047,31620.0,229147.45503964013,2165,111479437,98651038,1414286,910523,11240616,9267933,11709946,11024985,18108833,18078654,11265948,13247988,8512887,8386306,5302068,7400351,43924853,30334298
71,000409,2017-09-25,-0.03145478374836175,-0.011795543905635641,0.2868577940251683,10598.0,68095.24104414899,707,16487442,7889344,600212,822246,3663282,1671857,4064304,1928218,3107454,1021486,2062574,1300608,661711,709815,880560,435114,1447345,0
72,000410,2017-09-25,-0.0350877192982455,-0.018640350877192957,0.32875446765153704,9090.0,142888.5689320554,769,20167236,7197519,895895,968567,3335056,2558066,2727718,1492464,3712488,1178222,1183951,545700,757060,0,878755,454500,6676313,0
73,000411,2017-09-25,-0.02050113895216399,-0.015034168564920236,0.9928597162836039,19377.0,116266.41283982675,488,9866486,10204698,360616,283564,2853639,2562495,1596349,1524750,1790299,1190312,1589878,648099,1023385,0,0,434000,652320,3561478
74,000413,2017-09-25,0.0037037037037035425,0.005555555555555536,0.1825316895796965,140928.0,1262976.902296986,3505,711999954,962532158,491394,690234,8980703,11587717,16558651,18832385,37034815,43342213,41155842,38519168,29505081,36446041,32808948,36126086,545464520,776988314
75,000415,2017-09-25,-0.011887072808320909,-0.004457652303120341,0.1484191057064831,5344.0,99342.04416426981,2063,29400195,21463030,1396083,3155511,4553900,4293985,7810943,4331177,3722852,2479675,940643,1318115,611713,653075,1259636,1304914,9104425,3926578
76,000416,2017-09-25,-0.016455696202531733,-0.016455696202531733,0.3548131804501071,10166.0,90531.05648305327,495,10286004,5619185,498759,443045,2031931,1705429,2043483,821569,1905238,601537,416835,0,1058208,701112,486080,0,1845470,1346493
77,000417,2017-09-25,-0.019251336898395643,-0.0032085561497325887,0.26510895086080916,21390.0,109263.16369096993,1245,41729694,28240618,1217307,838251,6708363,3716635,6100992,8292528,8245757,6424518,5474312,3184254,2450132,2168359,2260555,475450,9272276,3140623
78,000418,2017-09-25,-0.010462074978204061,-0.0006538796861377261,1.5514025584231579,13688.5,92472.14389513737,874,20818891,15506271,1669017,707950,4005297,2627831,3378702,2179581,2896314,3415174,2627874,1212795,2528257,695860,930300,1384876,2783130,3282204
79,000419,2017-09-25,-0.015492957746478742,-0.011267605633802802,0.2850011756734974,7799.0,45233.17672713044,620,10830230,4202720,1169582,418267,3078224,1413517,2060433,1239821,2084478,711073,1324808,420042,1112705,0,0,0,0,0
80,000420,2017-09-25,0.0,0.0,0.1033358161334344,1360.0,42468.49539587964,1085,6067926,7247970,660902,990745,1857194,1224349,697762,956827,1384134,1527973,459342,1071070,1008592,340000,0,456972,0,680034
81,000421,2017-09-25,-0.012552301255230103,0.0,0.3077529848566624,7175.0,35582.160008063525,542,6378597,4465657,487145,489071,2060633,1743016,1391894,826210,1742826,1169598,696099,237762,0,0,0,0,0,0
82,000422,2017-09-25,-0.027508090614886682,-0.008090614886731351,0.17575503491954225,17951.0,147079.56528162948,1237,42832957,27126159,735520,1083792,5385283,6365409,5621093,4861712,8765295,4255779,4234565,1974953,2049644,1729435,3580895,452376,12460662,6402703
83,000423,2017-09-25,0.020446681346335316,0.0191884240327147,1.1885797771008988,76500.0,475274.29568938684,2861,259898698,353529642,827471,729862,9613246,10614199,18662438,19649830,31335593,30073656,23032341,29033938,23897797,25844822,13779967,17660133,138749845,219923202
84,000425,2017-09-25,-0.010810810810810811,-0.010810810810810811,0.06910324395141135,8784.0,120117.18263959423,2895,51600162,31204465,3378652,2349078,11485199,10924886,5363931,5299124,6247783,4011055,2794163,2028954,3808712,2452099,400038,0,18121684,4139269
85,000426,2017-09-25,-0.013404825737265424,-0.02144772117962468,0.24699873736038627,14300.0,231696.9316073362,2058,61721458,34435637,2486084,1173472,7831754,8685191,13276563,5367137,9660904,6601017,4099484,3057072,1759707,2879984,2180205,2659955,20426757,4011809
86,000428,2017-09-25,-0.016393442622950838,-0.008196721311475419,0.21167293461277445,8245.0,99602.44162232304,531,12586005,6327821,604951,535384,2038533,2073247,1278770,968138,2496528,904413,1439109,654469,768725,0,970000,0,2989389,1192170
87,000429,2017-09-25,0.026634382566586012,0.020581113801452666,0.19103985854745,5016.0,105601.24808458789,1872,20179700,35177486,2382405,2319179,3226619,5665682,2384412,4511536,3478996,3869105,2678763,2286144,746823,2607912,918570,969133,4363112,12948795
88,000430,2017-09-25,-0.012229539040451654,-0.0018814675446849893,0.4160489061862991,10630.0,46978.82580866042,652,8477488,8501335,702029,434771,3148203,2092251,2512954,1955726,901786,2110083,1212516,907551,0,0,0,416303,0,584650
89,000488,2017-09-25,-0.04264392324093824,-0.020788912579957408,0.34850396304664205,42400.5,329533.4171498093,2900,237902159,119966302,1826837,1339238,11548414,10398451,24462253,13766218,32961307,22920355,21774373,12336047,13437584,7804333,11606971,7870869,120284420,43530791
90,000498,2017-09-25,-0.0036496350364965124,0.0048661800486617945,0.18579570702296344,4973.0,35697.94336135206,1961,15068011,11935445,3411365,2517443,3959979,4155039,2411876,1795965,1924925,1573974,1690778,704191,641521,692633,0,496200,1027567,0
91,000501,2017-09-25,0.006849315068493178,0.017694063926940506,0.42215074824500726,8810.0,97777.12012027903,1723,20711308,32854834,1275806,1937575,4024590,9001855,3916428,4755551,3952445,4564558,245759,1124148,1351404,2729871,481509,2295351,5463367,6445925
92,000502,2017-09-25,-0.014814814814814836,-0.003292181069958877,0.5207307488001829,9660.0,40473.44467011214,544,6405517,4743752,679626,324585,2427734,1971604,1442483,1276470,758687,556887,0,260010,609787,354196,487200,0,0,0
93,000505,2017-09-25,-0.020370370370370483,-0.012962962962963065,0.35391282587904926,12828.0,87074.15246937487,931,21928547,17825906,463966,1032479,3960711,3459002,4125419,2999613,5336842,4381132,3343313,2264005,1666932,1358006,1798520,0,1232844,2331669
94,000507,2017-09-25,-0.036224976167778866,-0.024785510009532885,0.20941273275822395,21651.0,129288.23171077133,2511,83762642,51121771,1186301,1829140,13583950,12004360,14203112,10773795,18910855,10694353,9245560,6525212,6120463,2730675,2616038,457912,17896363,6106324
95,000510,2017-09-25,-0.007936507936507908,0.001984126984126977,0.30630404502249414,13182.0,73259.12814095503,1083,24211849,13202370,944544,702900,6195439,3542494,5262972,3274791,4151410,3508437,2428753,1213260,1075729,960488,0,0,4153002,0
96,000513,2017-09-25,0.008667607337230487,0.007458173755291231,1.05200485165481,15009.0,175610.43538552857,2224,59560029,74869020,3352634,1848144,8066026,12370341,7742974,7652404,11461887,10299118,8161362,4983468,3783467,4164921,1815366,3723020,15176313,29827604
97,000514,2017-09-25,-0.043586550435865457,-0.03735990037359882,0.17104469342337975,17358.0,115315.87844198094,2207,67665343,45828403,1275603,2324850,9240197,11978309,10600242,10287368,13050615,10554462,6030434,4805176,6372780,1393486,2554944,1732832,18540528,2751920
98,000516,2017-09-25,-0.009633911368015502,-0.0077071290944122905,0.17587586090303398,11396.0,110967.93783079988,871,24450142,11291066,708900,597185,4938480,2146408,3529532,2073534,4345837,1685859,1644029,1507114,1805684,380686,1305480,834280,6172200,2066000
99,000517,2017-09-25,-0.025229357798165264,-0.01834862385321101,0.11980578238558028,8680.0,63463.929312160326,1327,23149292,16193622,861206,1566661,5151185,6121983,4545527,2817261,5725219,2125115,1698260,1700327,1016826,1424601,1844705,437674,2306364,0
100,000518,2017-09-25,0.03150684931506853,0.027397260273972712,0.25772180201823663,7230.0,54975.60641889609,802,7566180,9613238,645048,901167,3087056,2510605,1308281,2029486,675804,1360377,0,719586,966536,712529,883455,0,0,1379488
101,000519,2017-09-25,-0.005405405405405461,0.0009009009009008917,0.2911698290593977,16665.0,64688.26695773564,1453,24839717,30338468,950701,1514508,6416145,7899746,6049780,6950982,6560892,6700622,2141503,2443172,1420822,315957,1299874,1807238,0,2706243
102,000520,2017-09-25,-0.01532567049808431,-0.013409961685823646,0.16494004971238338,7785.0,87579.05645844771,1002,20384883,12473078,794178,1116808,2804025,3721095,2376209,2142811,3908888,2563072,1717538,1017939,967264,333036,884187,0,6932594,1578317
103,000521,2017-09-25,-0.011824324324324342,-0.0033783783783782884,0.26723512227797724,5900.0,34064.035963409515,490,5396984,4304434,345187,469905,1787563,1321081,2184400,1015795,569938,1282165,509896,215488,0,0,0,0,0,0
104,000523,2017-09-25,-0.02792140641158214,-0.020682523267838593,0.35417267800181884,11484.0,142106.43673639817,745,21752716,9314168,596224,877402,3608214,2764224,3695770,1213227,4115114,1076322,1853335,456668,2103289,362136,475500,486539,5305270,2077650
105,000524,2017-09-25,-0.015060240963855387,-0.009036144578313143,0.5515287098947904,13140.0,32434.73213776749,579,8121840,5209800,494398,474410,3471913,2719886,1521950,1251101,1921859,539196,711720,225207,0,0,0,0,0,0
106,000525,2017-09-25,0.0,0.011978917105893716,0.5177164402112653,10450.0,83727.7101598891,1629,20403206,26921701,1156864,1634482,6941343,8452580,3753228,4720594,3873507,4065557,1326985,2375849,2007465,349030,0,483360,1343814,4840249
107,000526,2017-09-25,0.0014556040756912303,0.005240174672489051,1.813974458786714,13950.0,50820.87082655904,358,5942146,5798094,269438,202277,1613843,1451191,1233144,1303871,1814705,1823573,706360,1017182,304656,0,0,0,0,0
108,000528,2017-09-25,-0.01807909604519775,-0.01581920903954792,0.18869079256391882,9668.0,88501.90669431558,2205,44832641,27240321,2205064,1933478,10387093,6662212,11028190,5403725,7056884,5287434,3157091,1826921,2064971,1294430,2206099,901138,6727249,3930983
109,000529,2017-09-25,-0.040462427745664664,-0.03121387283236987,0.2560680948515583,6720.0,61570.217939925256,1152,18404035,8756057,2103705,828931,4716540,2905394,3057512,1244133,2692376,2201190,1855706,263908,698530,317526,900951,473100,2378715,521875
110,000530,2017-09-25,-0.006613756613756627,-0.007936507936507908,0.3420074944251155,9000.0,52030.03474025172,488,7308658,5483462,446411,581073,1613088,1968494,1551322,1141329,1365333,1528566,957252,264000,373245,0,486577,0,515430,0
111,000531,2017-09-25,-0.006880733944954143,0.0,0.3788617419271455,6104.0,49286.498107173145,529,6962917,6057973,761832,473212,1871017,1033116,1541794,1384632,1605461,1751384,775791,732615,0,683014,407022,0,0,0
112,000532,2017-09-25,-0.012057272042200418,-0.006028636021100264,0.5579548268883344,13270.0,46616.02523416016,565,7798656,6514932,388379,495784,2466562,2525699,2250577,1779974,1612560,561603,289940,260631,369288,352027,421350,0,0,539214
113,000533,2017-09-25,0.004784688995215447,-0.004784688995215225,0.5604555056463151,13689.0,375841.9883601492,347,7311201,18072825,218033,274339,1823753,1150784,2203200,1077631,931231,753505,230061,274835,310800,0,877563,0,716560,14541731
114,000534,2017-09-25,0.03940217391304346,0.04619565217391308,0.4209734690284774,15190.0,86426.04726889762,1224,18738338,34227004,935245,878486,6198231,5512814,4449366,4429916,2977937,9983801,1474734,4130567,387205,2575730,479688,1766518,1835932,4949172
115,000536,2017-09-25,-0.01005025125628134,0.0,0.16858894321425358,12000.0,126852.40513057837,1255,32174815,26934868,1119126,940745,6143549,4016063,4909167,4249393,5278447,3447911,4051171,3773180,1727727,335824,1308837,1820114,7636791,8351638
116,000537,2017-09-25,-0.010791366906474753,-0.003597122302158251,0.24679192330783398,33150.0,250113.59439001488,2033,136385543,97279777,1293934,598011,11261513,5485186,10230197,6484438,17234892,18130173,17478188,14201598,10092435,10542950,8164504,8435585,60629880,33401836
117,000538,2017-09-25,0.01601198018661454,0.012786545328879129,1.954066074860407,43840.0,389815.54184593685,1973,128286954,175947023,1845834,1142539,9349277,8719068,10531416,11694405,17038291,15319980,8987711,13257745,6471363,14503283,5497324,16114703,68565738,95195300
118,000539,2017-09-25,-0.01147227533460815,-0.00956022944550683,0.20336357057404586,5709.0,89704.82048281353,661,11495506,2672352,1665822,387193,1309814,1108711,1480493,420327,731717,233121,670216,0,633285,0,443371,0,4560788,523000
119,000541,2017-09-25,-0.007692307692307776,-0.001098901098901095,0.24696725225414573,4545.0,95625.07989032487,1358,21976767,12144187,2777121,1140125,3108538,2616566,2484978,1199317,3507097,946875,1745562,526999,1356456,1491225,2690623,1340076,4306392,2883004
120,000543,2017-09-25,-0.01592920353982319,-0.010619469026548756,0.19412993409171067,11260.0,142842.9212896684,847,27089859,10897664,617804,627760,3561854,3033856,2843827,2191752,6520696,1587376,1458728,565629,2363882,632763,468708,0,9254360,2258528
121,000544,2017-09-25,-0.015835777126099626,-0.009970674486803666,0.6587723431746552,11886.0,45733.435894379996,669,12861960,5824156,615755,692162,3596553,2619702,3455798,1053763,2687680,846240,1451174,238289,1055000,374000,0,0,0,0
122,000545,2017-09-25,-0.02400000000000002,-0.014399999999999968,0.15828252515848024,12280.0,108536.97480799057,1561,41073758,25611439,1438525,1330918,6541754,5914635,6247816,5179867,5445517,5139482,3813763,1898562,4078543,2195300,2665674,2258425,10842166,1694250
123,000546,2017-09-25,-0.03312191684284704,-0.01761804087385488,0.41025928659678285,14085.0,88406.72508121083,1198,33690862,17605351,868158,1527051,5000827,3605253,9697561,2812225,6151682,5034650,3676472,1986034,1696386,1720530,1342634,417666,5257142,501942
124,000547,2017-09-25,-0.008554319931565413,0.0008554319931566301,0.2529640321255011,25894.0,188400.96936277056,2137,87749725,90480187,873218,1276531,8715140,10933323,10558897,11240726,17382388,16395579,11989835,12282144,5930665,9760737,3095232,4945086,29204350,23646061
125,000548,2017-09-25,-0.007623888182973326,0.003811944091486774,0.1828206016736252,1570.0,33022.974850585255,1855,10502914,12514502,604277,2369946,2927801,5173983,2480901,2620244,1540471,1829939,675588,520390,1756854,0,0,0,517022,0
126,000550,2017-09-25,-0.04039923954372615,-0.023288973384030354,0.503266770356764,10280.0,107862.36984946897,1749,37275817,16695243,2773849,812827,9709200,5132679,4045188,3368135,5197467,3787227,2198638,1466631,1090887,0,455988,872374,11804600,1255370
127,000551,2017-09-25,-0.011739594450373425,-0.005336179295624244,0.3813564634493614,6531.0,59691.18754375194,603,8123211,8656814,412993,1207523,2236252,1809427,1285142,1238012,1736139,2761096,511519,253385,1084636,330282,856530,466500,0,590589
128,000552,2017-09-25,-0.01488833746898266,-0.007444168734491385,0.09009766239974445,2005.0,75359.93654658113,2009,16837149,15330392,1187402,2405467,3238440,4863328,1670878,2466345,2133892,2364231,1713590,1094927,620000,772529,475943,814252,5797004,549313
129,000553,2017-09-25,-0.0022222222222221255,0.007407407407407307,0.37177990480335543,1367.0,24730.099629322624,1319,6761025,8116693,530372,1763753,2551238,3281167,1902849,2149480,1477366,397287,299200,208998,0,316008,0,0,0,0
130,000554,2017-09-25,-0.02451481103166475,-0.015321756894790428,0.2866864288784352,14475.0,65622.81681456482,1166,25987014,14818721,1437913,1145040,6941544,3827916,6011656,3020964,4567199,2286283,3168550,1935840,1047725,979927,938011,412482,1874416,1210269
131,000557,2017-09-25,0.020797227036395194,0.024263431542461023,0.13498838971842922,12411.0,85278.91984865798,1830,32726048,39506074,1418674,1716067,7599611,8644121,6571937,6525727,7301478,8561796,2886894,3866720,1376194,2927800,487304,2543990,5083956,4719853
132,000558,2017-09-25,-0.01501501501501512,-0.006006006006005982,0.18970685777501958,11356.0,66968.75530506934,1233,22667139,12208191,1144122,1322776,6653232,4352554,4242265,2419241,3959006,2177399,1439493,970614,1345508,965607,876495,0,3007018,0
133,000559,2017-09-25,0.004405286343612369,0.012334801762114544,0.24180240329617791,26013.0,203684.4714924639,2205,83626033,95324976,1162120,1208478,11268683,11193674,11084702,11410616,13848901,12086589,9185903,11981509,8323413,8873452,3981278,5921377,24771033,32649281
134,000560,2017-09-25,-0.025000000000000133,-0.009259259259259411,0.25560601276034195,20444.0,151098.97556304393,1788,64905020,40527456,1102790,1189905,9010320,6895242,9914864,7267727,12538666,8832519,6525513,3506829,3757982,4767372,2701490,2243464,19353395,5824398
135,000561,2017-09-25,-0.021904761904761982,-0.015238095238095273,0.2574495234280001,17612.0,111596.17361454667,1664,52356130,31562765,929730,1319654,7442807,7296185,8333709,6644072,11382791,5791586,5535367,3986544,4418232,1311309,2176176,1266836,12137318,3946579
136,000563,2017-09-25,-0.027624309392265123,-0.02209944751381221,0.12750685405371662,14391.0,206797.64847010092,1817,70977808,31297395,1244649,1527258,8018467,8711505,7302225,4942409,7856571,6513792,7259385,2241288,5107121,1412746,461820,441414,33727570,5506983
137,000564,2017-09-25,0.0014836795252224366,0.017804154302670572,0.16509924700909878,15092.0,82146.81993115171,1669,27038516,45204775,1337507,1399094,6934867,7906451,7713786,6440786,5922906,9961740,2801215,4702749,996130,4215095,1332105,4786215,0,5792645
138,000565,2017-09-25,-0.004223864836325308,0.001055966209081216,0.3525232074883075,9480.0,45493.49959866435,721,8659981,8217409,562828,1042436,2406070,4070514,1750658,1409034,2100323,443816,518954,938769,314685,312840,471500,0,534963,0
139,000566,2017-09-25,0.0007788161993769194,-0.0031152647975076775,0.6730704491957389,12840.0,84064.38093548018,363,7420555,9665088,296090,231047,1999412,869648,1207523,1191548,2208278,3281728,0,1539930,694162,1075988,0,897399,1015090,577800
140,000567,2017-09-25,0.021091396049548017,0.001004352192835567,0.7550200821035029,24640.0,184079.74106486933,1569,73262796,49932137,1227366,978476,7858322,4542490,9302653,5813968,14346542,6264983,6103691,4143327,6716492,4825202,3204099,3475384,24503631,19888307
141,000568,2017-09-25,0.03271616034513758,0.023188926838036972,1.0473520183315883,61864.0,331762.5315713206,2822,172886302,246279922,915070,531616,9333025,9794713,18282783,21083703,32149595,37247153,30210625,24836166,16636629,16857323,5762683,11501921,59595892,124427327
142,000570,2017-09-25,-0.004279600570613273,0.0,0.33015181618218464,7010.0,38884.454753687874,450,4777771,4338776,397835,391092,2026612,1678590,774901,797635,963542,506327,229881,965132,385000,0,0,0,0,0
143,000571,2017-09-25,-0.016371077762619368,-0.009549795361528002,0.19702140104598312,2924.0,75457.526866866,1385,17849098,11396068,819251,1544249,3651709,3042727,3653134,1735973,3326777,1846975,2297426,277368,310728,338782,436200,485694,3353873,2124300
144,000572,2017-09-25,-0.028846153846153966,-0.019230769230769384,0.1359714026693954,15360.0,175087.00860991524,1465,52117909,30060943,1063732,1095438,6462845,6173728,6090426,6465795,6212300,5851404,5340378,3472927,3535542,3119409,3224654,1773359,20188032,2108883
145,000573,2017-09-25,-0.00983606557377048,0.0016393442622952836,0.17283466767284061,9210.0,65776.91816179786,1247,22288709,16699349,916481,1658707,4481111,4615585,4233445,4133244,6335004,2449382,2108557,956696,1019626,960949,906814,462616,2287671,1462170
146,000576,2017-09-25,0.0073260073260073,-0.001831501831501714,0.9825084613466218,6552.0,70407.60694857295,277,5397972,1673838,576859,230597,1226845,528136,538790,81649,707077,0,200490,0,711293,0,846744,833456,589874,0
147,000581,2017-09-25,0.001247401247401081,0.002494802494802384,0.48579920847918784,14490.0,116781.48942172204,2451,62199162,50929043,3196734,1835548,14934130,6718068,8570299,6747895,8276512,9201295,6706778,7729396,3628111,3014459,4461437,4252208,12425161,11430174
148,000582,2017-09-25,-0.0116861435726211,-0.006677796327211993,0.40056084779732615,14476.0,55308.53157290075,894,19364780,12529273,665372,615560,5010640,3967809,4534745,2857839,4762517,3006384,2620855,1088911,332640,992770,1438011,0,0,0
149,000584,2017-09-25,0.0006934812760055475,-0.0006934812760055475,0.567049917417487,20749.0,152474.21273474797,646,22186858,19330428,602206,262002,3308944,2467223,3677241,2723368,4036472,2111897,1506222,2365201,1639266,368475,2649107,3011962,4767400,6020300
150,000586,2017-09-25,-0.052983293556085886,-0.040095465393794716,0.7095482535710027,14027.5,73886.23309762031,876,18419020,11335941,901693,456510,4735071,3564197,3139092,1712167,3476685,2168465,1606544,982978,1044500,986106,1755255,866118,1760180,599400
151,000587,2017-09-25,0.002587322121604174,-0.0038809831824062613,0.29831478823996677,5390.0,104936.03325239645,671,16860007,10039753,676921,695676,2204218,1375399,2371503,1111273,2384764,1813839,1473777,740836,2976048,1374572,1819296,494467,2953480,2433691
152,000589,2017-09-25,-0.023550724637681153,-0.007246376811594013,0.23231854281730005,11000.0,89944.15828235097,564,13654860,5034265,457847,548806,2670742,2014065,2081287,1173294,3272390,1023600,963104,274500,309636,0,1403274,0,2496580,0
153,000590,2017-09-25,0.0019108280254778176,0.006369426751592355,0.9794837681903857,11046.0,84142.83356850345,256,2705173,3675445,273621,192986,975258,1033881,498659,726860,158000,901974,457600,0,342035,0,0,819744,0,0
154,000591,2017-09-25,-0.013008130081300862,-0.011382113821138296,0.140834456718362,12160.0,164176.26204054864,1912,59313891,39214141,1149758,2961075,6072118,9020767,5945193,5870138,8639760,6656800,4794978,2881181,3941220,1728392,3022069,2395608,25748795,7700180
155,000593,2017-09-25,0.02555066079295165,0.02466960352422909,0.38036547468392,18424.0,74957.91425907525,890,16755701,20406448,555842,604275,4604138,4692862,3774709,3717555,2934178,5049932,1309470,3102783,2068621,1432543,836628,481850,672115,1324648
156,000595,2017-09-25,0.007722007722007707,0.015444015444015413,0.15899444981356103,10500.0,54472.66019830935,1062,13170425,16384565,856678,891013,4155899,4186263,3937642,3459182,2909335,4319320,223130,1179087,0,1036538,420274,0,667467,1313162
157,000596,2017-09-25,0.008695652173912993,0.014782608695652177,1.303176992995517,45784.0,181592.75389559573,1948,91543071,74615689,743375,913688,6859053,7740491,18352205,11719682,19294057,19314834,11888241,9805063,5889567,5710308,4375142,3568381,24141431,15843242
158,000597,2017-09-25,0.0,0.008960573476702427,0.31853997234421016,5602.5,70696.34542535122,1228,16802869,18041135,1067484,586308,3646358,4620136,2626073,2967539,4107393,4632717,1320192,1893467,383435,2058618,428460,0,3223474,1282350
159,000598,2017-09-25,0.0,0.005253940455341555,0.13713583039513647,10332.0,179684.12125156156,1737,36725199,43324008,1407205,1933077,5616910,6540920,4828527,5453440,6216942,8458049,5406715,3174783,4498628,3023321,2317481,1785142,6432791,12955276
160,000599,2017-09-25,-0.017910447761193993,-0.010447761194029903,0.248398547698911,13260.0,104722.93871717836,727,15149807,13624327,558160,763493,3153556,3214169,2872786,2742482,3825897,1130940,1275276,550950,2872073,1060368,0,470820,592059,3691105
161,000600,2017-09-25,-0.02114537444933917,-0.005286343612334821,0.2698047906835762,13590.0,102681.7638011616,1770,43953221,36005286,1709233,939784,8362882,7307241,6516364,4777063,8965643,7806594,5390164,2662930,4107461,2055146,2223440,2271934,6678034,8184594
162,000601,2017-09-25,-0.00669344042838016,0.0,0.302531934305923,9711.0,84857.22992231649,609,12996266,8773265,539100,520100,2824004,1835101,1823173,1500722,1826420,822452,1963534,1060788,2418710,1046894,409156,427888,1192169,1559320
163,000603,2017-09-25,-0.02401129943502822,-0.011299435028248594,0.3710974255504958,6985.0,86045.30503708782,1457,28988333,19306587,2148946,1292194,4665733,4708653,3836049,3145528,5856736,3675658,4773490,916350,2420394,1784831,1873363,832227,3413622,2951146
164,000605,2017-09-25,0.03352601156069368,0.032755298651252485,0.5522478149402528,29441.5,189095.36233969327,2210,78990621,115984218,1135641,981574,11303365,10531779,12201957,11477475,15765116,15439188,9906235,14869595,3708974,10466221,2731018,8138909,22238315,44079477
165,000607,2017-09-25,0.005069708491761693,0.005069708491761693,0.2715171344401722,11752.5,68962.50371774081,844,16100427,14007049,829523,702407,4006379,3006157,2565696,3140154,3561452,3585260,1832791,1160953,1350992,1125750,1341302,0,612292,1286368
166,000608,2017-09-25,0.0474934036939314,0.05013192612137196,0.21304607390516422,15280.0,109643.04273594756,1271,33940978,37761233,1205399,905328,4768948,4123337,5990567,5243831,4805797,9466148,5405544,3124729,3827682,7112413,2586071,2658763,5350970,5126684
167,000609,2017-09-25,-0.01627118644067793,-0.007457627118644061,0.6125718427138108,14640.0,64902.42766407349,579,11834259,7715588,396060,457918,3146279,2789767,2332281,1565917,2714270,1322294,1035867,484360,342108,361832,1272297,0,595097,733500
168,000610,2017-09-25,-0.005355776587605221,0.003060443764345777,0.4331477294883613,13115.0,90888.62893840598,910,20012181,15283411,865541,718285,5128070,3614686,2516825,3358548,2087633,3391737,1617152,1476522,1455020,301300,899016,1738533,5442924,683800
169,000611,2017-09-25,-0.0176795580110497,-0.006629834254143652,0.4238703757035946,12642.0,38427.34984954297,455,7319102,4849474,593707,282457,2467350,1622909,2285525,1758037,1340796,1186071,219494,0,0,0,412230,0,0,0
170,000612,2017-09-25,0.004646840148698983,0.0009293680297397522,0.3122335401074062,18343.0,135415.22730716696,1188,30678420,34016157,817816,750824,6079137,5149113,4899366,6211898,5058703,3480313,2467362,2928472,3379084,3075453,1323506,845225,6653446,11574859
171,000613,2017-09-25,-0.04909090909090896,-0.041818181818181865,0.2799052031375956,18156.0,194389.77718662785,1546,37944023,39101048,950128,1275691,7036524,6494307,7239754,6289981,8500182,10978810,5612138,4785767,4149058,1336892,2168501,414960,2287738,7524640
172,000616,2017-09-25,0.0,0.00222717149220486,0.15946262240783068,10327.0,79519.96633090478,793,17394671,11007102,903947,656722,3215784,4043992,2080614,1242257,3599873,1206399,2009125,1424031,721140,1020949,2202806,898000,2661382,514752
173,000617,2017-09-25,-0.004227053140096637,0.0018115942028986698,0.5509481477841467,3336.0,18886.334287159265,903,5289125,2543393,1869141,500268,1577248,1225209,1078491,446166,764245,371750,0,0,0,0,0,0,0,0
174,000619,2017-09-25,-0.0344129554655872,-0.014170040485830038,0.4054839527490222,9830.0,55420.628386912525,593,11042050,6133011,604613,725511,2703415,2312730,2155784,972300,2660189,1146859,1487379,975611,307720,0,490500,0,632450,0
175,000620,2017-09-25,-0.02777777777777779,-0.011904761904761862,0.19339598785267992,3747.5,23494.891417508923,1532,5649001,12101590,845478,2399266,2474175,6126661,908737,1670678,708647,1392895,711964,512090,0,0,0,0,0,0
176,000622,2017-09-25,-0.02148760330578514,-0.01157024793388417,0.24648895759499434,9015.0,55328.45972600902,602,9194709,6486647,321187,1060981,1394393,2449206,1920972,1341013,2517844,798227,1526713,530078,314600,307142,0,0,1199000,0
177,000623,2017-09-25,-0.0013458950201883368,-0.0022431583669807464,0.5644036366647267,17824.0,165563.3727059685,1559,56349560,36240080,1175357,949870,8159381,7225419,4849150,5391307,9495036,6036223,8471442,4420341,3658529,3005513,4023527,2287106,16517138,6924301
178,000625,2017-09-25,-0.015097052480230078,-0.010064701653486718,0.273302570632652,19446.0,199970.19232061654,2591,119613680,64964878,3583870,1208248,14216673,10132030,14312438,7956431,18002780,13465858,12643779,8513242,6311954,3828555,3499476,4878115,47042710,14982399
179,000626,2017-09-25,-0.03578947368421048,-0.03578947368421048,0.5581656916639888,16488.0,404408.54528556135,1159,34553169,69951351,0,2162329,126087,9050963,592769,6422939,2202854,8488670,5076303,3634889,2731365,3888421,1370377,3715904,22453414,32587236
180,000627,2017-09-25,-0.024043715846994607,-0.013114754098360715,0.19673247302636301,18100.0,134039.70942182126,2165,73842446,48184562,1728309,2132925,10595898,9146238,11110678,10013021,12825311,7554729,6197347,4358427,4519144,2389248,7087667,3150588,19778092,9439386
181,000628,2017-09-25,-0.018572825024438022,-0.016617790811339184,0.36070157742204784,10280.0,85516.1704470298,804,17788023,8784665,568193,751226,3808810,3305830,2896352,1802147,3739139,1255592,1594907,202399,367498,990846,896329,476625,3916795,0
182,000630,2017-09-25,-0.009900990099009799,-0.0033003300330032292,0.06215890670181722,9060.0,160401.28077655417,2404,55679030,38720463,1914418,2303818,9216178,8475533,9726911,5794649,7374447,4727830,3698066,3279930,2838710,2655492,2248294,1273467,18662006,10209744
183,000631,2017-09-25,-0.024213075060532607,-0.01937046004842613,0.12560823238571148,6120.0,102825.77156534433,1083,25303916,12163365,974008,937071,3963532,3029271,3205586,2042930,4447535,2262222,3950650,429006,684646,1010156,2585965,0,5491994,2452709
184,000632,2017-09-25,-0.017808219178082174,-0.016438356164383605,0.1900168968326685,13832.0,159374.87991086062,1488,43524274,34707657,1591150,946272,7772435,4625684,5393054,4470277,7136167,5130116,3208924,3401523,2808101,5130377,1390094,1283166,14224349,9720242
185,000635,2017-09-25,-0.012432432432432416,-0.005405405405405461,0.6058129874377983,12852.0,63968.789960351816,932,16033477,12714606,901816,1066918,5094385,3890965,2726552,2628060,2348548,1591087,2197488,1252023,1428142,651183,0,411144,1336546,1223226
186,000636,2017-09-25,-0.048338368580060465,-0.028197381671701827,0.1926546752293513,22517.0,171596.51609609072,2660,103518212,78777828,1297339,2305640,11466888,13366882,12993629,14016018,18221779,14937652,10878957,7628121,7625112,6444810,6083148,2243410,34951360,17835295
187,000637,2017-09-25,-0.01881331403762665,-0.00723589001447178,0.2200430351854475,3442.5,47866.852190938625,986,11206521,5954531,724651,1002279,3593938,2015418,2466233,1660817,2238923,123152,412200,200896,376750,312352,0,0,1393826,639617
188,000639,2017-09-25,-0.011085450346420278,0.0,0.693749351747895,6495.0,36240.35131816489,975,10025913,6854365,2274386,684904,2465269,3225024,1490727,1301275,1827874,659639,1126166,671640,0,311883,841491,0,0,0
189,000650,2017-09-25,-0.0034129692832765013,0.0017064846416381396,0.17894999568456119,7618.0,67918.07837920103,1073,11659224,11008289,741128,2048599,2987439,4634606,1590128,1203433,742536,1163405,1528104,500124,1024849,658628,410200,0,2634840,799494
190,000651,2017-09-25,-0.006887755102040871,-0.005102040816326592,0.6557197923766164,187606.5,974692.0812241795,3574,844208463,809445881,175651,168056,7652032,5018711,24172485,17146707,63428760,44335280,53932464,45370256,45044066,40965280,44427760,35823377,605375245,620618214
191,000652,2017-09-25,-0.021276595744680882,-0.015473887814313358,0.14810735985425974,10160.0,85821.1067387836,1220,19259124,15034727,808818,1063130,3611630,6544902,2918733,2850514,3620708,2391247,2161365,1502687,0,682247,467159,0,5670711,0
192,000655,2017-09-25,-0.028735632183908066,-0.016091954022988353,0.18369073660078064,5154.0,71254.51877946717,2246,33514768,33034892,768687,3181300,4628831,7937311,5733171,5702272,8440037,5500045,7367563,4456159,1740258,1398372,2555039,1751253,2281182,3108180
193,000656,2017-09-25,-0.03831417624521072,-0.03256704980842906,0.10006759254061065,23368.0,321790.0446435196,2734,153377856,112404783,1314592,1950465,10671820,12431344,11803235,15676551,14949577,22577227,10640418,10287325,5729270,7148824,7829659,3239230,90439285,39093817
194,000657,2017-09-25,-0.05769230769230771,-0.04102564102564099,0.3405582941375372,19643.0,132539.90619775507,2101,72842909,46643188,1237980,1644873,11011078,9754190,10957808,8156774,16003388,11172350,9192361,4142250,6074294,1887428,3932776,878036,14433224,9007287
195,000659,2017-09-25,0.00512820512820511,0.002564102564102555,0.16005871427912832,8086.5,121778.96659037644,594,14263260,6993575,447124,713789,2581792,2137907,1596498,744893,1623173,442460,918403,549936,697889,656489,0,423471,6398381,1324630
196,000661,2017-09-25,0.015307938768244878,0.009540761836952738,3.5336520350502725,42960.0,286457.4876547541,1580,82663002,133572788,7095,13815,5586297,12146075,7337789,12129687,9337153,16630251,6473112,13380912,5488352,4214290,6031614,7607216,42401590,67450542
197,000663,2017-09-25,0.006720430107526765,0.0,0.7254834559781217,14800.0,167127.12153762326,420,12329166,13884989,400802,274606,1706667,1747422,1226727,1741152,1634859,1847074,961593,1259551,755919,0,408660,892992,5233939,6122192
198,000665,2017-09-25,-0.016597510373444035,-0.0016597510373445035,0.43862693051559487,6025.0,46258.02347486919,754,8883500,4542502,1388101,625616,2424460,1324543,1490599,714976,1401431,913999,784969,242200,669740,721168,0,0,724200,0
199,000666,2017-09-25,-0.004950495049504844,-0.0034653465346534684,0.5687615790470838,10130.0,151410.4116828757,1261,32255281,22038862,876023,951550,5222703,5201871,3393336,3045589,4055886,2785363,3385224,1245647,2071397,0,913216,1270790,12337496,7538052
200,000667,2017-09-25,-0.023188405797101463,-0.01449275362318847,0.07339327850755029,5100.0,113971.3591899043,2220,41106724,23482556,2082952,1946714,5892745,6060785,3999713,2917245,6256308,4449372,2627388,1507230,4388554,1022598,3158063,403920,12701001,5174692
201,000668,2017-09-25,-0.012287887653598673,-0.014628437682855489,0.8763127327274014,5170.0,158435.00077283796,380,8658602,2473951,286165,385293,1318380,1003044,1041582,454333,978946,215384,488930,415897,334600,0,0,0,4209999,0
202,000669,2017-09-25,-0.015980331899200895,-0.01782421634910869,0.5108000891261454,17715.5,92387.0037802545,1014,30208231,15632121,803297,842413,6104974,4560806,6488130,3178995,4967175,3104134,2366884,955775,2384423,695499,3294707,485212,3798641,1809287
203,000670,2017-09-25,-0.043356643356643465,-0.027972027972028024,0.13742191789632913,21979.0,150255.74781288754,2714,87806243,76397418,1738023,2101763,14242094,11743850,13408041,13455885,16856852,16187823,11273817,9908783,6126486,8719709,4049106,4375258,20111824,9904347
204,000671,2017-09-25,-0.06241699867197881,-0.04116865869853925,0.14357127641478692,55050.0,455844.10598978424,2765,254461564,258782786,925355,1454733,7844085,11140506,12960177,18499909,21809816,27533805,18105487,24451490,21810501,22667246,14823890,20338652,156182253,132696445
205,000672,2017-09-25,0.0040000000000000036,0.010999999999999899,0.22160440362816058,21168.0,122763.61761077713,2038,53806882,61161857,1115526,1195975,8582300,9363860,14657660,10274482,12484099,12739395,3770073,7460613,651590,5926237,2224011,498201,10321623,13703094
206,000673,2017-09-25,-0.008547008547008517,-0.008547008547008517,0.4423424065263625,11770.0,60875.60822510032,699,15496072,9596457,523639,654034,2903336,2896842,2674488,2281808,4884649,2105415,1449483,1230803,1733287,0,814890,427555,512300,0
207,000676,2017-09-25,-0.03205574912891984,-0.022299651567944223,0.382030409650373,5636.0,70925.45999371434,1412,23068520,11054246,1835637,909995,5104933,3603749,3039326,2701985,3789780,1807708,2037279,1297703,1030848,0,1368368,0,4862349,733106
208,000677,2017-09-25,-0.019108280254777066,-0.00849256900212314,0.237970547523996,7990.0,58568.80525596234,391,6485666,3652417,273934,568516,1581385,1584896,471568,894224,1186901,604781,1171776,0,323341,0,869097,0,607664,0
209,000678,2017-09-25,-0.03143189755529685,-0.011641443538998764,0.41096546281629204,10224.0,52469.48773768376,436,9420979,2814115,542305,261762,2827949,1227464,1582622,343668,2183970,203371,1438383,777850,0,0,845750,0,0,0
210,000679,2017-09-25,-0.01098901098901095,0.001098901098901095,0.39498390493140273,9160.0,39595.41563603718,530,5269761,5763763,405085,796518,1672318,2665026,1247123,1052912,827711,1020807,564852,228500,0,0,0,0,552672,0
211,000681,2017-09-25,-0.0011286681715575453,0.006207674943566666,0.545528627099951,10668.0,30144.85416928485,1055,7800543,13760134,530986,1840416,2930582,6454756,2044595,2931236,1567214,2533726,727166,0,0,0,0,0,0,0
212,000682,2017-09-25,-0.02226345083487946,-0.011131725417439675,0.1890077564141411,6432.0,60597.38832172032,813,14263779,4348563,1111700,434002,3980791,1803245,2445369,1565390,2084527,161100,1245747,0,674007,384826,492465,0,2229173,0
213,000683,2017-09-25,-0.03039513677811556,-0.03039513677811556,0.06900887862160297,16677.0,234277.18231852885,2291,104827524,57375628,1839754,1845966,11251666,11292120,8728497,7780011,10379093,6952313,8078575,4804282,8747312,2415089,3971102,3170657,51831525,19115190
214,000685,2017-09-25,-0.008294930875575979,-0.0018433179723501558,0.34884535273373507,10820.0,95112.0125255931,967,23003039,16695578,871168,723166,3764745,2674869,4144353,2213530,5744598,3283111,2809542,1870262,1374307,2407783,421590,0,3872736,3522857
215,000686,2017-09-25,-0.009569377990430561,-0.004784688995215225,0.28608472201554597,13552.5,132108.6477754595,1334,47681634,26821847,655393,1513460,5915625,5010197,5079827,3006743,7567938,4897909,5766829,3369930,7348762,2408917,3034816,2089396,12312444,4525295
216,000687,2017-09-25,0.03054545454545443,0.034909090909091,0.2914429777657834,29253.0,227168.76967947136,2227,77408888,110354105,1208125,1601876,9896836,11255001,12223286,12672967,13120416,20864663,7694372,14568483,8628911,13880018,2696737,9833538,21940205,25677559
217,000690,2017-09-25,-0.020304568527918843,-0.015228426395939132,0.20558831401954814,11820.0,229853.43344420457,1470,52350731,45702511,651346,1502711,3847408,6200687,4112024,7884767,7510918,6641998,4070681,6115320,4458101,3903558,3561728,1767569,24138525,11685901
218,000691,2017-09-25,-0.023106546854942178,-0.02182284980744542,0.40464087911611535,14130.0,45103.56941762307,370,6956578,3398383,274798,375886,2079313,1532480,1190107,576567,2379445,425707,722484,487743,310431,0,0,0,0,0
219,000692,2017-09-25,-0.030172413793103425,-0.02442528735632188,0.2624442447471494,8208.0,70309.3495202395,703,13647085,9550767,383839,875235,2048719,2874002,2565129,1670463,4090469,2221758,1493362,658260,686252,360249,886578,890800,1492737,0
220,000695,2017-09-25,-0.013675213675213738,-0.002564102564102555,0.5670793191316813,11630.0,41624.03324742117,425,5311691,4347040,409732,341896,1962260,1598687,1390409,1296958,257438,628354,522156,481145,348660,0,421036,0,0,0
221,000697,2017-09-25,-0.0229750778816199,0.0031152647975078995,0.6043343677021484,25870.0,144850.0508280399,1806,68405177,66927472,885831,1142239,7662872,9132339,8545142,10484404,12236477,11823453,9446237,6707454,7105637,7460784,5457586,6245921,17065395,13930878
222,000698,2017-09-25,-0.010574018126888296,-0.0015105740181268201,0.2773528916365879,11970.0,55521.40425169338,569,8835215,8662676,453262,732825,2396374,2459580,2237132,1389737,2198642,1615573,734529,1042450,306306,1021455,0,401056,508970,0
223,000700,2017-09-25,-0.011444921316165924,-0.0028612303290415086,0.259507469461482,10470.0,108475.19756168991,725,14984445,12159245,490772,971833,2446048,3125650,2213442,2127374,2349301,1752743,2638386,1234335,689466,954982,0,0,4157030,1992328
224,000701,2017-09-25,-0.018414731785428406,-0.008807045636509137,0.36683822870365995,7428.0,61009.61281545925,1159,18372042,13441589,820100,1177738,3632646,4043322,2795293,2745334,4637760,2360853,2682111,2182254,698566,377264,1740292,0,1365274,554824
225,000702,2017-09-25,-0.023782559456398733,-0.0045300113250283935,0.2921534529499661,10608.0,68304.4234019955,913,15810593,11717488,973052,1037675,3983353,3769339,3408561,2999902,3769315,1657341,433730,970135,313636,387198,0,895898,2928946,0
226,000703,2017-09-25,0.003729024238657397,0.0006215040397763438,0.3930119309471398,4851.0,36470.32155312956,1679,15189459,7937711,3806319,1493774,3113958,2155752,2906929,2233152,1953865,1853783,988795,201250,1616817,0,0,0,802776,0
227,000705,2017-09-25,-0.029026217228464435,-0.015917602996254665,0.28668144693015807,5265.0,32740.29593267476,1388,12869480,7575023,2803404,656926,4523359,3063642,1934380,1133794,2954217,1211510,277465,634331,376655,347820,0,0,0,527000
228,000707,2017-09-25,-0.0252808988764045,-0.005617977528089901,0.3466875314431004,10665.0,99893.51314369669,421,9450038,7909995,430901,433409,1679846,1305645,1472556,732295,1375745,4105602,446448,443340,365708,323304,955588,0,2723246,566400
229,000708,2017-09-25,-0.010256410256410331,0.00146520146520146,0.41286308836384966,16356.0,100272.62958493961,1093,29586219,21734973,951033,728563,5193586,4968381,5466586,3335384,4818968,5638139,4491425,1272999,1000434,753300,1752365,2049545,5911822,2988662
230,000709,2017-09-25,-0.018018018018018056,-0.0045045045045045695,0.08059599009324615,19536.0,284198.61035656615,3055,141088687,111693796,1566491,2402046,13392739,13602115,11863581,13217497,16412190,20772879,12403989,12029334,8285976,8642983,7467152,7235376,69696569,33791566
231,000710,2017-09-25,0.015912636505460487,0.01747269890795633,1.5208524010474542,32602.0,112161.65171894386,1778,59364304,60552775,770860,893984,8654132,8439165,12652057,11466917,14952481,15173642,8143975,10419880,4680906,6224578,2588551,1334035,6921342,6600574
232,000712,2017-09-25,-0.04116222760290544,-0.022760290556900653,0.4536744733554505,37296.0,189525.60564398626,2073,117221813,74924363,679853,746999,10879070,9876546,13071308,10667181,20811077,17077160,12587306,10566219,6807957,5669542,8758142,3463091,43627100,16857625
233,000713,2017-09-25,-0.015531660692950866,-0.0011947431302269385,0.406553223216995,12615.0,51597.85720409543,423,8251530,5598580,415874,329781,2379021,1544749,2331719,1126048,1505963,1475866,945555,720734,673398,0,0,401402,0,0
234,000715,2017-09-25,-0.005415162454873723,0.0018050541516245744,0.3919218632111064,5550.0,37843.429453338475,799,5852434,5709400,865375,1388884,1645139,1934407,1562532,562850,759392,392992,709756,762467,310240,0,0,0,0,667800
235,000716,2017-09-25,-0.03458646616541361,-0.016541353383458746,0.18722027858085494,12492.5,96279.167437997,1262,34070001,13777817,1058096,1553077,5738876,5069469,4892349,2505587,5969914,2871905,2585404,973646,2466086,394857,929913,409276,10429363,0
236,000717,2017-09-25,-0.00898587933247752,0.005134788189987249,0.14090709821791955,52564.0,321550.94514121156,3063,182467184,242002295,1081654,1475084,11597067,12939940,20018915,23225885,26789171,31464562,19517763,24885496,16181000,22691667,14915755,18998016,72365859,106321645
237,000718,2017-09-25,-0.024778761061946986,-0.01592920353982319,0.11312870881269445,8325.0,127487.89970779039,2504,69915393,39745634,1531602,2767571,8273496,7377417,9876333,6242327,9883353,7001919,7211760,4010530,6871427,3299292,4473002,412048,21794420,8634530
238,000719,2017-09-25,-0.03700361010830322,-0.03068592057761732,0.2229220283505281,6594.0,59417.85210704736,2472,42037335,11397954,3600591,628034,16046700,3490759,8427243,1581548,5303183,2649042,2878121,1117416,985877,1058699,962201,872456,3833419,0
239,000721,2017-09-25,-0.02506596306068609,-0.009234828496042291,0.27632779030619964,9024.0,62066.38354699733,752,13468725,7231645,856231,878893,3254758,2520226,3015396,1304087,2657060,827596,713938,542555,1359547,376960,856035,0,755760,781328
240,000722,2017-09-25,-0.0008361204013379586,-0.0033444816053512794,0.6525725475596331,11930.0,62380.69189197852,335,6635327,3315907,255499,191206,1813025,1224453,1057232,660707,839572,1035881,546855,203660,1087104,0,441040,0,595000,0
241,000723,2017-09-25,0.006016847172081619,0.014440433212996373,0.1946611132258759,10998.0,126971.13401563076,1824,38603474,51546642,1072683,1977045,6686426,6674570,6646457,7045300,6671625,8941105,5701855,5644728,2799519,4098159,4316973,3536299,4707936,13629436
242,000725,2017-09-25,-0.007462686567163979,-0.004975124378109319,0.06892835524332795,50927.0,1248165.4116567725,3430,716902408,724196268,2091531,698298,17899172,9349855,18841014,13627943,27498105,25894368,32043138,25464554,21094025,15505175,23987969,19105058,573447454,614551017
243,000726,2017-09-25,-0.0173124484748558,-0.008244023083264773,0.283774121790131,3611.0,23612.53104154619,1828,13020812,5797148,2588254,815216,4566816,3108168,2589390,940093,2030883,628806,1245469,0,0,304865,0,0,0,0
244,000727,2017-09-25,-0.014184397163120588,-0.007092198581560294,0.07468277434741612,5620.0,252766.64040855807,1435,41486623,12185705,1378248,921487,6722053,2455017,3785975,1325453,4826671,1275302,2454924,717690,1045520,727675,1777748,452610,19495484,4310471
245,000728,2017-09-25,-0.011469534050179253,-0.012903225806451646,0.27627128279430835,49896.0,261166.24428718153,2551,175380664,116153255,1039552,1474124,8753670,11360523,22702355,18121319,20952620,23096483,16940908,18563466,16429705,9095906,17177829,12441359,71384025,22000075
246,000729,2017-09-25,-0.012403100775193798,-0.010852713178294615,0.19032694618528323,6430.0,85901.97098886722,1149,22089587,10500678,1114082,1020680,4617456,3760261,2620500,1494125,3679564,1332211,2391936,478655,693919,779916,821101,448910,6151029,1185920
247,000731,2017-09-25,-0.0235294117647058,-0.016470588235294237,0.2518971728633012,15353.0,147901.4697261079,1139,34553553,21535199,885792,1356460,5125456,4473188,6085503,3447241,5982944,3799057,3927294,2292464,1461260,647778,3025717,421500,8059587,5097511
248,000732,2017-09-25,-0.056703762586115536,-0.03497615262321141,0.49707801650232014,18000.0,118363.60261920496,1443,44291165,33939646,1500310,970424,6685962,4608934,8050384,5154238,7586771,7846264,4784584,2976185,3757789,3578641,955230,1343475,10970135,7461485
249,000733,2017-09-25,-0.03309692671394815,-0.01891252955082745,0.4310243003242359,21619.0,161175.18246420773,1541,71790303,27879641,692135,1477317,6857127,7685052,10274971,7097101,13135657,4871370,6342065,1591573,4871387,1409238,5599104,0,24017857,3747990
250,000735,2017-09-25,-0.015109890109890167,0.0,0.22155704768124412,14660.0,122720.97843948711,1080,28847764,25835799,661745,914877,5312791,4433767,4340678,3966644,4861902,4758349,4433679,3985011,1699952,2845462,951436,845210,6585581,4086479
251,000736,2017-09-25,-0.08281690140845066,-0.07323943661971832,0.3605966187084902,34254.5,203906.26754041784,2428,129960753,99209391,1182400,1599625,10184163,11144174,11988516,10716540,23593159,21102463,16808351,14260564,16173908,11163076,12304401,7640337,37725855,21582612
252,000737,2017-09-25,-0.021994134897360795,-0.01319648093841641,0.17232122137092482,15640.0,83199.02016484819,1569,35253781,24490098,994410,1398704,8718012,7124564,6169328,5021276,9882437,4323650,3842751,2417378,1381334,1676138,0,496664,4265509,2031724
253,000738,2017-09-25,-0.006503251625812889,0.0015007503751875984,0.4753888042836326,24036.0,146843.9042353096,1768,58363096,70186841,986979,700949,8109591,8831540,8432096,8353746,12578393,12705910,5497960,8274720,3380493,7840722,5249759,8463784,14127825,15015470
254,000739,2017-09-25,-0.00527704485488123,-0.007915567282322011,0.3421558035737526,9795.5,96392.14891693679,490,13069669,5551133,825223,266238,2259132,1519144,2677785,874260,1899242,1051513,1284885,0,1398043,618086,0,484932,2725359,736960
255,000750,2017-09-25,-0.016891891891891886,-0.010135135135135087,0.1419289669160302,7080.0,143095.99321493765,1743,49871396,28163472,1442410,2053792,5671802,5193670,5633020,3053550,7527753,3867011,6772895,3519164,2020972,1000808,2651726,489348,18150818,8986129
256,000751,2017-09-25,-0.022838499184339223,-0.006525285481239762,0.14032721778816684,15275.0,120987.66517490354,1911,53693725,42682641,1766986,1459507,9856414,7304515,9214645,7179355,9863522,6391520,3698995,4033781,2692645,2025051,2314818,2750796,14285700,11538116
257,000752,2017-09-25,-0.016961130742049524,0.0,0.536446085810319,14170.0,59636.12593642544,695,12383523,7643457,728208,657711,3604699,3270663,1927253,1684146,2946941,1793463,444310,237474,625432,0,0,0,2106680,0
258,000753,2017-09-25,-0.021691973969631295,-0.017353579175705014,0.1548595203867072,9160.0,92633.84444490007,887,20697816,10077749,735608,1288263,3632462,3363211,3146744,1705598,3072961,1916391,2462963,0,1727102,0,2341623,446199,3578353,1358087
259,000756,2017-09-25,0.0051579626047710825,0.0051579626047710825,0.411460795221778,3116.0,37744.807213034495,1422,6678684,11423967,378134,2741809,1949368,2699676,1129534,1653101,1949753,1503620,932235,1156621,339660,717792,0,401940,0,549408
260,000757,2017-09-25,0.03287671232876721,0.02876712328767117,0.20598147771545786,15080.0,351337.8156048278,1261,30095770,43749570,1312370,983393,6237633,4643422,5652897,4924115,4462617,4275586,3424175,4799074,2102596,769878,1324763,2233771,5578719,21120331
261,000758,2017-09-25,-0.03359173126614989,-0.015503875968992276,0.17668232618794188,16002.0,248040.77114561136,1921,70408879,51136045,1353821,1970291,8340398,9787120,8346810,7574141,10489232,7505725,4917751,3664597,6717727,3937625,5750025,2758257,24493115,13938289
262,000759,2017-09-25,-0.0021505376344087557,0.003225806451612856,0.24758729630160536,3740.0,49616.15321814295,1412,10991427,12149711,940315,1704145,3716552,4305113,2771495,1975998,1553540,2073864,726675,201885,341640,0,941210,0,0,1888706
263,000760,2017-09-25,-0.019114688128772594,-0.00905432595573441,0.26947470105165866,3928.0,89151.26934289142,1361,20762520,16573825,719058,1764753,3264431,3936523,2933746,2222740,3458181,2502723,2264198,425178,1409171,1430773,1421497,943739,5292238,3347396
264,000761,2017-09-25,0.0,0.008223684210526327,0.14716566867929357,13973.0,184193.50336254755,1710,44824768,36201246,1291872,1429090,9653175,6317916,6159726,4637325,6920922,5476246,4920929,4397478,2605160,1607926,2326643,0,10946341,12335265
265,000762,2017-09-25,-0.02880075542965055,-0.015580736543909235,0.37030619644864005,104325.0,461460.61767762824,3276,367068554,403308894,537929,784560,8449124,11616270,17221088,18740265,39319281,47274446,31367577,37640522,36049003,30764550,26550507,28642175,207574045,227846106
266,000767,2017-09-25,-0.014204545454545414,-0.008522727272727182,0.1387420570231756,7000.0,74250.43949932767,644,12222411,4370754,764845,503927,2746951,1373471,1041346,562325,3114503,1336332,418720,245699,1144066,349000,0,0,2991980,0
267,000768,2017-09-25,-0.00804721030042932,0.00375536480686689,0.43402798653377733,24336.0,128726.07738018011,1844,58921737,60508091,1672779,962091,9971427,9107161,10769113,7834914,12905940,12997395,7812224,4701475,2872372,4798497,4006003,2695276,8911879,17411282
268,000776,2017-09-25,-0.006845708267509187,-0.0015797788309634964,0.36146628841331063,34092.0,334001.8554168725,2761,163419715,144633420,1098623,2862350,8865679,13115148,14750302,16894391,24710331,25898905,16096493,22378382,12481858,7938313,7994414,6130904,77422015,49415027
269,000777,2017-09-25,-0.009719839908519101,0.0,0.607542423554783,14000.0,58396.791281734215,828,13590136,12041733,616807,909054,3586633,4395882,2469850,2422885,3449074,2502014,1780668,265848,677660,330750,485944,0,523500,1215300
270,000778,2017-09-25,-0.020440251572326984,-0.012578616352201255,0.13511995830691553,14838.5,134035.69486649375,2220,74722627,43667740,1523135,2005157,9772103,9957455,9841910,8129953,10374114,7950715,7549463,3841263,7247962,2640332,3476095,3442381,24937845,5700484
271,000779,2017-09-25,-0.02309782608695654,-0.01154891304347827,0.5108552205093653,8802.0,55449.824168304775,830,12117453,10273655,748664,1405630,2806062,3734905,2825834,1538776,1762956,1954464,1794930,710669,1040111,0,0,929211,1138896,0
272,000780,2017-09-25,-0.0038986354775827348,0.011695906432748648,0.24862975516962835,10260.0,134445.97914740117,425,5096254,7949579,291567,370875,1384392,1760499,1138819,1236072,1266205,594980,218624,0,309000,0,487647,888836,0,3098317
273,000782,2017-09-25,0.04184100418410042,0.05020920502092041,0.24065775598743702,22528.0,120521.3490489864,1581,46078482,57106553,755841,1055059,6409965,6621497,8364450,7839213,9709462,12767821,5291406,8422771,4319357,4131759,3580958,4397990,7647043,11870443
274,000783,2017-09-25,-0.012158054711246091,-0.00911854103343468,0.24701588764404056,12714.0,187785.61332804096,1597,64818527,29168398,1940911,1420467,8200231,4904336,6662253,4194222,8572143,5110545,4939994,2660247,4815092,2658533,6922974,3130509,22764929,5089539
275,000785,2017-09-25,-0.0017559262510975504,-0.0017559262510975504,0.5059347628885398,11485.0,58814.000271283134,506,9000642,9064524,375882,456575,2281791,2173308,1864599,1746640,2270175,2639221,929135,1373876,340912,674904,416944,0,521204,0
276,000786,2017-09-25,0.007198952879581277,0.011125654450261813,0.31844858875877347,26469.0,128847.8605951655,2304,78068025,80160751,1328114,1232525,13550815,16416589,10972244,10353849,11894730,13796029,7442270,11107790,7377192,9543170,5299446,4951016,20203214,12759783
277,000788,2017-09-25,0.006930693069306937,0.011881188118811892,0.38968124693200007,10120.0,69919.82889577739,671,9364209,12068381,364485,524110,1970499,3009811,1845431,2553925,2297936,1908088,1170287,2017915,375180,312790,0,493025,1340391,1248717
278,000789,2017-09-25,0.023068050749711633,0.025374855824682907,0.1681600139040654,32893.0,240788.58011077248,2667,127129414,170882305,2138733,1220205,9409302,12120890,12644095,16848711,21566314,23061171,15608111,18327657,9072693,11570167,11103981,13889071,45586185,73844433
279,000790,2017-09-25,0.002020202020202033,0.0060606060606061,0.46689673754370015,12060.0,88379.12196717167,449,7151867,9024919,335286,422580,1314827,2705054,1245373,1793639,1325857,740076,495245,2115509,622102,387387,0,0,1813177,860674
280,000791,2017-09-25,-0.0037037037037036535,-0.0012345679012345512,0.25173958080089354,4054.0,49332.06084701714,1035,11691431,6844665,1001912,1265494,3063534,2304177,2379466,1384442,1799931,778567,242400,201192,367185,0,2231753,910793,605250,0
281,000792,2017-09-25,0.03409090909090895,0.057386363636363624,0.2940747333800407,490149.0,1675957.5617499282,3594,1421594859,1839393341,65087,90211,2313121,2352485,8913216,9826004,31920332,31292746,45209169,42983732,45427918,42847551,52150447,44355863,1235595569,1665644749
282,000793,2017-09-25,-0.020388349514563142,-0.010679611650485588,0.3173730167112425,9234.0,132426.17081067341,1053,33082089,14889322,796325,1104652,4402006,2335777,2924748,1860377,3811587,3236290,3625806,1650787,2917432,1363144,2202570,467856,12401615,2870439
283,000795,2017-09-25,-0.05006257822277849,-0.03254067584480602,0.15221924105725826,28638.0,235172.01574890554,2762,140962855,76395467,1524583,1843894,13398527,13212673,16680651,12891620,25562640,18538508,18139699,10001205,9548501,6583792,7517564,3592901,48590690,9730874
284,000796,2017-09-25,-0.01992528019925266,-0.005603985056039762,0.3719321975263164,19194.0,117244.36484103881,1866,47888729,40672404,1264044,1758927,9958106,9867787,8206241,8438958,9718387,6788837,1955693,5003409,4136596,2080439,879865,1818707,11769797,4915340
285,000798,2017-09-25,-0.002123142250530785,0.005307855626327074,0.46929770008351906,9430.0,38150.85057084708,402,5137469,2728832,462483,496552,2043096,1870976,777331,240856,765086,120448,281400,0,380828,0,427245,0,0,0
286,000799,2017-09-25,0.03576589595375723,0.013367052023121495,0.5515390976854461,30844.0,149535.9985963363,2519,95170682,116238699,1151315,1382685,11796747,12898243,12720861,14332959,22148745,22600513,9071980,15911082,9562485,12392993,7635254,6143636,21083295,30576588
287,000800,2017-09-25,0.004198152812762368,0.018471872376154552,0.2323331790160462,34307.0,269739.18489160354,2631,155872604,144913485,1372723,1486405,12868015,10028584,15527625,11360568,22193820,22182779,17710602,18344930,12110355,11211449,6807016,10458833,67282448,59839937
288,000801,2017-09-25,0.012239902080783294,0.024479804161566587,0.18694451798422418,17283.0,172800.6547618739,1912,46877570,72766244,1363398,2057445,7813736,8706329,6834247,9146837,9167268,11856549,8234229,8056590,2640032,5840504,1759026,4829984,9065634,22272006
289,000802,2017-09-25,-0.04201680672268904,-0.031812725090036076,0.36377514827061885,25864.0,129136.4611837952,2098,75681166,57896184,1112881,1857798,11061135,10300980,12451143,9801592,16154333,11893434,10052887,7109014,6312737,5815018,3567828,2998042,14968222,8120306
290,000807,2017-09-25,-0.03871829105473967,-0.026702269692923886,0.26250609901845884,93025.5,441228.1252561592,3262,375525893,357609193,684775,750580,10020963,12556754,18610576,18335253,39754232,48704861,31073870,32651219,34379526,24251530,23446804,25553229,217555147,194805767
291,000809,2017-09-25,-0.02083333333333326,-0.01388888888888895,0.13367096127132574,11206.0,103348.21295222426,1046,27637624,17856955,1000765,679117,4328285,3960908,4916271,3103587,5076436,1676092,3993944,1718223,3140735,732708,1739630,891648,3441558,5094672
292,000810,2017-09-25,-0.02678571428571419,-0.016964285714285654,0.3355513226797111,11200.0,88689.91038475459,1114,20463796,15857997,697446,1184225,4938745,5392529,3876285,2814815,3131546,2340173,1659888,1161693,712635,1718385,928400,0,4518851,1246177
293,000811,2017-09-25,-0.006211180124223614,-0.0010351966873706209,0.3586142970252519,10626.0,105674.4966284328,725,20080515,10223352,674749,979856,2625525,2677849,2416698,1422646,4878133,2349810,1927525,1893684,1029090,368980,2297764,0,4231031,530527
294,000812,2017-09-25,-0.012716763005780507,-0.005780346820809301,0.36560409564769525,8600.0,71102.25351288014,559,10360272,4598131,550648,638387,2455872,1869481,1502870,493718,1623419,571643,652855,508303,1414984,0,0,0,2159624,516599
295,000813,2017-09-25,-0.01726263871763256,-0.01602959309494434,0.23748870426526628,5523.0,52790.54153732865,1167,11870001,8959215,708720,2282883,3098399,2528469,2403781,1704025,2020482,1601972,237600,200592,773641,0,428248,0,2199130,641274
296,000815,2017-09-25,-0.015241882041086896,0.004638833664678543,0.6138755590936502,13576.5,66954.13441343531,604,7607644,10075523,579956,512941,3006249,2854108,1623915,2552133,723093,2217903,939019,228760,328500,0,406912,433728,0,1275950
297,000816,2017-09-25,-0.021582733812949728,-0.014388489208633115,0.18470023020171972,22144.0,243397.38763742536,1417,66370364,30097286,579832,807358,14626421,4790055,5067304,4757426,5494022,5703299,4329405,2856933,4344132,2144462,4964803,1799481,26964445,7238272
298,000818,2017-09-25,-0.014121800529567574,-0.0061782877316858276,0.35665684677716597,15917.0,127778.46000586744,1009,30810272,24502398,413266,856828,3607521,5959513,3187649,3543317,3438091,4655718,3925424,1489917,3485733,2033913,3498182,487600,9254406,5475592
299,000819,2017-09-25,0.020266357845975858,0.011001737116386856,0.6754706285369566,15615.0,36764.53442333825,653,9301994,8129519,507397,566711,4117039,3013112,1843685,2347918,2833873,1563502,0,0,0,638276,0,0,0,0
300,000821,2017-09-25,-0.04172767203513916,-0.02342606149341142,0.4086717620189235,18970.0,91663.81854642775,1117,36213109,19355385,834294,830247,5983189,4783081,5002052,4204577,9170514,4802129,5425041,1390821,1066619,1437527,3044549,1357469,5686851,549534
301,000822,2017-09-25,-0.011576135351736516,-0.00534283170080152,0.25347159066522634,22390.0,141022.18005379546,1964,60491392,53420918,953720,1271329,9257061,10908389,8371125,9405892,11545036,12880617,8176323,7075083,4110440,2996073,3207635,426764,14870052,8456771
302,000823,2017-09-25,-0.0014074595355384467,0.007741027445461013,0.37645315783386674,24327.0,154565.40615640872,1425,39891129,35560394,1153488,589017,10917156,4994033,5835669,4715972,7949708,5189087,2901085,4726187,2301091,3690836,2188248,1796206,6644684,9859056
303,000825,2017-09-25,-0.01388888888888895,-0.009920634920634885,0.10084637392055867,15593.0,300337.1157439074,2507,109577003,87504508,1660743,2175023,9949390,11864428,9998118,9840442,11791016,11770421,8339953,4386270,3233876,4525748,5793253,3619141,58810654,39323035
304,000826,2017-09-25,-0.016858668165214974,-0.0044956448440574,0.774761117526459,56976.0,534980.4362530368,2111,176249776,208933963,659415,618622,8258975,9387177,10798121,11280913,21782815,29576754,13720504,15879726,14795491,11369690,10195343,6148143,96039112,124672938
305,000828,2017-09-25,-0.025416997617156545,-0.019857029388403502,0.40496321025464016,14748.0,269148.81892409734,966,46034383,14756828,702305,707720,4238788,3895822,3862223,3352548,6407278,3331723,2867152,1333623,2719813,677142,2605579,843022,22631245,615228
306,000829,2017-09-25,-0.03388189738625358,-0.00871248789932233,0.3050064401022273,8224.0,63652.7643130859,1147,14636330,14187056,716578,1546836,2934508,5186281,2744600,2309143,3377060,1471696,1996877,1724692,307800,0,956795,438529,1602112,1509879
307,000830,2017-09-25,0.01846153846153853,0.027692307692307683,0.1823436653370557,33949.0,291544.82329518883,2864,170689812,194246050,1806488,1710037,12016440,9289272,16134880,13072056,23103171,20486637,19406774,17821617,17380819,16685540,9437196,15396483,71404044,99784408
308,000831,2017-09-25,-0.05490956072351416,-0.026485788113695063,0.29625614162887937,36360.0,275252.70436964894,2735,201141689,107553226,1296887,1450732,12591953,12484417,15518095,14101031,27556631,21828284,17222617,14125979,11245618,10202094,12567731,6299263,103142157,27061426
309,000833,2017-09-25,-0.016887816646562026,-0.008443908323280902,0.2808360986095794,10803.0,67279.87422676307,871,18027114,9595964,836054,1139180,4106234,3235260,3681073,2085346,2271984,2135641,2237927,204918,1419447,378675,896364,416944,2578031,0
310,000835,2017-09-25,-0.008333333333333304,-0.009375000000000022,0.35157460547025726,9600.0,121000.52099056862,745,16939738,8408180,815013,959793,3422401,2632021,1125402,1305783,3445235,646561,2682384,214008,0,1758961,904852,891053,4544451,0
311,000837,2017-09-25,-0.025099075297225992,-0.010568031704095149,0.27061727474118835,10521.0,58330.2636882353,782,17200849,8194945,640204,987038,3675369,2554130,3399623,1638154,3864293,2059580,1447945,956043,3770386,0,403029,0,0,0
312,000839,2017-09-25,-0.0491228070175439,-0.023684210526315752,0.1991639022388643,84286.0,459121.3408103416,3280,402494203,344161831,562908,802049,11329705,12525712,18791072,17693369,39134597,40959622,37395833,36798945,27119728,27581156,24144305,24625605,244016055,183175373
313,000848,2017-09-25,0.016967126193001114,0.006362672322375529,0.23937508793173742,12388.5,116846.39626546555,1552,34644547,45766423,1195201,1935759,5985641,6041545,4786255,7370776,4967880,9512385,5430450,3468210,2889714,4789864,3606803,3508428,5782603,9139456
314,000850,2017-09-25,-0.01869158878504662,-0.01121495327102795,0.2327214642965484,7663.0,61622.34862504791,528,10302898,4449676,217017,600912,2153258,1482701,1678030,974980,1692768,963651,2209236,427432,338189,0,422400,0,1592000,0
315,000851,2017-09-25,0.006802721088435382,0.003401360544217802,0.2870600911667116,26532.0,195354.69023368682,1679,63192482,76722974,1050892,715681,8157064,7669287,7446728,6443895,13584313,13578400,10546568,11751883,4490700,8066307,3509340,5001517,14406877,23496004
316,000852,2017-09-25,-0.054982817869415834,-0.008247422680412453,0.30730681674681665,26010.0,123921.24147448504,2243,78023853,63754245,1368144,1188734,12300932,10606151,12759796,11508206,16590048,16343645,9742573,9533586,4507675,3437119,6674608,3562472,14080077,7574332
317,000856,2017-09-25,0.008156028368794255,0.0028368794326241176,0.5443973444803758,42230.0,170843.95285859404,2685,114677027,124526529,911931,1231287,12768576,13855685,16806766,17628771,28430496,27579433,13595799,16214933,10378006,10642547,7930985,7618904,23854468,29754969
318,000858,2017-09-25,0.02025586353944564,0.013681592039801016,0.9910057360924865,95727.0,638337.6504432478,3225,306989172,479657367,524829,719583,9078645,10739674,18224298,20796655,40436322,53104030,28379711,32422871,20829963,28683444,18826213,22372781,170689191,310818329
319,000859,2017-09-25,-0.017578125,0.0,0.2220891730401741,10731.0,78688.71025808636,531,12827259,6209203,431858,344378,2112681,1631370,2879804,2008867,2137783,1426235,619520,489353,606950,309000,909876,0,3128787,0
320,000860,2017-09-25,0.0005128205128206442,0.006153846153846176,0.6005261589313354,19585.0,143032.53544350615,1054,29635060,30384973,710751,1025617,3885833,4425442,3696500,8804108,4267473,5448311,1925014,2288915,2128794,1033428,1317729,481650,11702966,6877502
321,000861,2017-09-25,-0.015957446808510523,-0.010638297872340274,0.13843516078113385,7864.5,63178.24729333959,738,15074852,5073672,857287,556047,3333701,1761980,3057291,931900,2912377,1322321,1731738,501424,1712850,0,414018,0,1055590,0
322,000863,2017-09-25,-0.01666666666666672,-0.011111111111111072,0.3307804330380809,10010.0,82086.05336688053,473,11198616,4769439,484146,419643,2368834,1334628,1547347,1527624,2066196,1250217,1225393,237327,677700,0,450450,0,2378550,0
323,000868,2017-09-25,-0.04004449388209119,-0.0500556173526141,0.15567384793071704,79840.5,1234473.1487510381,3356,497933776,478103171,827755,1281736,8491482,14230624,14491157,22732328,30965194,41276588,30578943,30882736,16631312,26689761,15121186,27245572,380826747,313763826
324,000869,2017-09-25,-0.0018918918918918726,0.004054054054054124,1.0345326141276447,25970.0,144084.74135961093,1279,43904934,44756959,736391,779337,6157494,7010905,5167934,5985481,6596572,11904878,7107392,5818229,2768855,2547082,4649721,873144,10720575,9837903
325,000875,2017-09-25,-0.010040160642570406,-0.006024096385542244,0.1792621644088699,11880.0,63497.58522636175,772,12043619,9738509,878545,747238,3108588,4833273,1974090,1137881,1214177,877466,1710668,1571101,619878,0,0,0,2537673,571550
326,000876,2017-09-25,-0.0027063599458727605,-0.005412719891745632,0.16413081070824465,3685.0,118801.00783031313,2029,41870260,19583742,2954753,1026005,5978698,4482682,5242290,3113269,5502316,3458635,3626892,1031508,1755786,2226507,2194996,0,14614529,4245136
327,000877,2017-09-25,-0.03201970443349755,-0.0049261083743842304,0.2574487403104327,17094.0,110394.22285797544,2239,56628625,50958145,1532373,1724824,11112865,12278915,8706214,9344572,10898788,11054734,6738966,5404446,3725336,711738,1904850,3782181,12009233,6656735
328,000878,2017-09-25,-0.014035087719298178,-0.00140350877192974,0.2987367417850046,35825.0,182968.8555191227,2277,99480741,64510226,1180719,1152619,12014046,9815360,28154859,11890389,17024610,11588675,6808670,8412841,6177434,3173326,2151109,2304388,25969294,16172628
329,000880,2017-09-25,-0.015057573073516406,-0.015057573073516406,0.5236548931183603,7885.5,53176.673780900026,464,7158958,2468673,427784,394351,1974161,1248576,1370045,825746,1430558,0,0,0,302894,0,876927,0,776589,0
330,000881,2017-09-25,-0.01799007444168743,-0.015508684863523636,0.53658284768334,11179.0,72909.05777822247,902,15090335,10599413,651657,1012955,3815354,4586155,2891048,2727346,2028298,1917457,1410704,0,327540,355500,475800,0,3489934,0
331,000882,2017-09-25,-0.016574585635359185,-0.011049723756906049,0.11666398655115008,10710.0,107597.45829767986,965,26108040,8925610,879321,834257,4297887,3796864,2743928,1195057,4620096,2130326,1972075,217800,1102814,751306,920060,0,9571859,0
332,000883,2017-09-25,-0.001988071570576677,0.0,0.1739721550258615,5025.0,110420.45391430665,836,14226411,10883914,497655,980642,2394699,2402143,2065948,1233172,1193509,1278688,1865494,1005732,709822,710103,0,0,5499284,3273434
333,000885,2017-09-25,-0.006598984771573502,0.012182741116751439,0.4346144186629147,27916.0,115972.48303393718,2055,59039091,67040629,1275108,1413827,11722820,10918822,9663582,11734235,13912502,18689572,7291807,7454542,1268821,3680409,3118180,2556593,10786271,10592629
334,000886,2017-09-25,-0.0227963525835867,-0.02583586626139811,0.23512455538980817,14366.0,148449.04650661,783,32965621,15967216,709523,592565,3557257,2042976,2558950,3347273,5478463,3808796,3933768,2736946,4476016,3438660,1694697,0,10556947,0
335,000887,2017-09-25,-0.010486177311725409,0.0028598665395613843,0.5623736011300542,24990.0,196869.7843869166,1392,59614050,62369515,782247,798244,5758498,5290714,6657859,6114151,9209328,15804248,4501915,7237724,2716157,7583217,3893172,5302656,26094874,14238561
336,000888,2017-09-25,-0.012048192771084265,0.0,0.4473261594975115,11640.0,185030.4695577292,674,16657524,16174591,585245,452907,2571759,2688468,2541647,2360221,1864403,3425589,1623581,1654206,2100191,310521,452778,806664,4917920,4476015
337,000890,2017-09-25,-0.003831417624521105,0.0012771392081736277,0.2628915267618231,7910.0,94464.53931367456,887,11402432,9301101,829658,1553957,2857088,3446007,2010265,1584505,1391498,1249497,767045,675135,1069598,0,0,0,2477280,792000
338,000892,2017-09-25,-0.009467455621301801,0.007100591715976323,0.19782182967567147,21200.0,225581.51241494078,1827,47649842,71091272,988860,1581327,6489081,11077386,7445443,9133560,9347221,13464776,3546541,7203056,6303850,4449160,3970086,2633878,9558760,21548129
339,000893,2017-09-25,-0.04210526315789476,-0.019999999999999907,0.26383786422843214,14816.0,92620.56369761721,1298,29513619,18309472,1086429,1377054,6264965,5604683,6016137,4757344,4426115,2894453,2290099,1896785,1962542,303050,933177,0,6534155,1476103
340,000895,2017-09-25,-0.0062266500622664145,-0.00830220008302196,0.44198435005427306,46018.0,309327.2886458239,2974,178103316,189733853,1259184,781847,12018728,20043218,16368535,20490022,24502678,28387430,16507757,19241560,8861106,15276606,14641685,13391087,83943643,72122083
341,000897,2017-09-25,-0.025229357798165264,-0.016055045871559703,0.1227886850511482,9093.0,91445.67467088223,1263,28735591,15047346,1347014,1182865,5341259,5193407,4269375,1941947,5516287,2607274,3292874,1216890,2332832,1050767,939788,0,5696162,1854196
342,000898,2017-09-25,-0.007716049382716195,-0.0015432098765433278,0.14017462247732307,19380.0,191752.1602461044,2141,77095395,98513015,905651,1632479,6378059,9476091,7418431,11432926,10289708,19229795,9358395,6998244,8527721,10397598,4415960,5344978,29801470,34000904
343,000899,2017-09-25,-0.013736263736263798,-0.008241758241758323,0.3618098391014547,7265.0,54023.18677117728,404,7750670,3136704,508588,330648,1927475,1211261,1380371,939447,1277151,277308,1534752,0,666120,378040,456213,0,0,0
344,000900,2017-09-25,-0.004950495049504844,-0.004950495049504844,0.19621359668259516,5472.0,140994.8648045929,954,19294082,11019683,1384810,863065,2117510,3260608,2229145,1665666,2838418,1812377,1827440,0,1006488,1921298,458892,0,7431379,1496669
345,000901,2017-09-25,-0.01038062283737018,0.0,0.7797832862941925,14500.0,77279.57381791073,1373,28586885,29061044,824043,1377179,5630114,7593024,5201772,6743579,6674302,6628285,2216124,2593822,3553802,1685655,1427482,1406180,3059246,1033320
346,000902,2017-09-25,-0.010000000000000009,-0.009000000000000008,0.3015871553265815,17892.0,238669.61294625676,1099,53482374,31261088,1904632,337475,6163190,2210241,10798949,1774599,5748093,2907171,1912009,2605584,2326547,3736834,1892277,1222077,22736677,16467107
347,000903,2017-09-25,-0.01488833746898266,-0.007444168734491385,0.12096141958364277,7980.0,82555.23645936392,1112,25319771,11373463,957308,1271679,3573883,3592984,3739296,3253518,4681115,1390112,2990512,672000,2543963,694930,1722267,498240,5111427,0
348,000905,2017-09-25,-0.03791821561338293,-0.02379182156133819,0.33592003027766804,17121.0,84344.39531085792,1603,45745102,27046605,1227701,1294457,8267175,6547517,9517984,5979045,10824158,6060831,6154158,3123975,2720907,2610288,1714883,0,5318136,1430492
349,000906,2017-09-25,-0.03155603917301408,-0.015233949945592906,0.3605570548959718,9130.0,71005.94173618332,649,13106902,5203144,422154,991683,2852471,2748277,1902922,678954,2488504,299458,1409553,484772,938181,0,910088,0,2183029,0
350,000908,2017-09-25,-0.0026990553306343035,0.006747638326585648,0.3285282427914115,5972.0,34194.95427043778,508,5369826,4228654,460928,665740,1415606,1864468,1240478,999156,1571338,251090,681476,448200,0,0,0,0,0,0
351,000909,2017-09-25,-0.011363636363636243,0.0037878787878788955,0.4697862245078061,13260.0,55563.089601390624,789,12887140,10018553,635210,661795,4090351,3483335,3005850,1842188,3005356,1554268,1210533,1224294,396000,0,0,405450,543840,847223
352,000910,2017-09-25,-0.0009532888465204614,-0.0014299332697808032,0.5702903945426847,10475.0,42233.730661453126,1355,18084479,9834506,1344628,1147426,6227843,3659020,2538736,2078259,5418388,1015557,1670905,245700,0,640544,883979,418000,0,630000
353,000911,2017-09-25,-0.025000000000000022,-0.015833333333333255,0.34928340675340747,11900.0,123626.69453799803,1180,29769718,13183443,739718,1363677,5871962,5105465,4100745,2521110,5388754,2238977,4020986,1147055,1416480,331173,1357544,475986,6873529,0
354,000912,2017-09-25,0.056008146639511036,0.016293279022403295,0.18186956250307285,30270.0,115912.56513590433,2920,91408175,104126336,1390094,1451553,15015011,15271026,17519086,17352907,23198544,24248430,11577517,14673273,6509720,8375299,4386153,5747957,11812050,17005891
355,000913,2017-09-25,-0.014164305949008527,-0.009065155807365444,0.7992488367426912,10560.0,72625.04664326039,487,8370994,5226717,483763,472466,2161430,1673587,2023118,817060,1547079,681390,770154,297102,350000,0,0,0,1035450,1285112
356,000915,2017-09-25,-0.00029868578255665135,0.004778972520908198,0.872563773170899,23126.0,105445.6722562248,1472,37104556,44945678,552483,1029984,5414081,9137079,5795754,7503904,9077489,9876822,6689503,3921691,3517694,3941121,442235,1791376,5615317,7743701
357,000917,2017-09-25,-0.014150943396226467,-0.006603773584905714,0.2547773963203815,8424.0,81896.81586609842,1731,33714104,22810839,2479597,628694,6250564,4260258,4278089,2489156,7808093,5524128,3301254,2609961,3686267,2454294,2224981,1765928,3685259,3078420
358,000918,2017-09-25,-0.018439716312056764,-0.008510638297872242,0.23064890135218197,11168.0,107529.20844427016,934,24449182,10235082,1081459,834641,4604488,2673924,3347213,3028311,4692506,2168868,2956113,483040,1010500,372198,921900,0,5835003,674100
359,000919,2017-09-25,-0.002835538752362865,0.001890359168241984,0.41688308076537783,17952.0,425427.01517168625,644,19246249,19107095,345778,338493,4567532,2319397,4450211,1878073,3883830,1954024,1349621,0,307587,0,0,0,4341690,12617108
360,000920,2017-09-25,-0.02877697841726612,-0.022382094324540303,0.25393227693519577,30850.0,200668.6759304218,2431,113521986,98754342,1168694,1191594,11730119,11602289,13417328,13554480,20431496,19958249,14434791,11865551,12862486,5963661,7932760,4795055,31544312,29823463
361,000921,2017-09-25,-0.022792022792022637,-0.019943019943019946,0.2647318692781163,19348.0,194322.26309355226,2815,101459928,53558018,4179378,1021024,20184156,8678632,14845296,7306775,17318492,8263175,8009830,4781478,5381638,2820000,3109546,2556112,28431592,18130822
362,000922,2017-09-25,-0.0073800738007380184,-0.0012300123001232066,0.3963290279713289,12255.0,42377.66678256117,420,6682029,4509823,458499,364192,2475011,1654860,1499033,1352016,1128890,816807,478788,0,641808,321948,0,0,0,0
363,000923,2017-09-25,-0.004282655246252709,0.0010706638115631772,0.9126569627294757,14165.0,63420.07999372455,942,17863203,15294622,775525,783754,4612687,4488482,3615367,2313107,3309747,3658319,3022355,2738785,629350,309124,839610,462330,1058562,540721
364,000925,2017-09-25,0.04169079328314984,0.020266357845975858,0.762236636827475,17410.0,291438.98262461356,513,17411729,27176775,334522,588544,1885756,2080872,2150917,1132134,1808197,2364807,953903,1971712,991372,1773350,0,1795847,9287062,15469509
365,000926,2017-09-25,-0.00952380952380949,-0.011904761904761973,0.2782934743561899,11187.0,178757.75723253368,2051,78982360,46623994,1286053,2325424,5899298,7527704,6887789,7436880,7900822,6171101,7504017,5031756,7699841,3222449,7993690,1255334,33810850,13653346
366,000928,2017-09-25,-0.03132250580046403,-0.027842227378190088,0.18524456417793286,20304.0,103775.90267831039,2167,61810060,34749242,2084912,1568056,16686333,8679268,11178887,6585338,10037227,5414993,5698930,3495738,2781565,715204,3205898,488474,10136308,7802171
367,000929,2017-09-25,-0.01667930250189531,-0.005307050796057644,0.6361597238125752,6600.0,39554.65269980194,429,5087728,3201355,295619,554647,1449604,1503889,1353715,361914,1200592,504638,0,276267,374660,0,413538,0,0,0
368,000930,2017-09-25,-0.03399433427762033,-0.026912181303116123,0.25417159501425707,73299.0,414021.1208972834,3089,363127897,253200902,956275,1246748,10920847,11076583,17245711,16517151,32890197,37185725,33527980,26044087,32736610,21257328,29070154,20730651,205780123,119142629
369,000931,2017-09-25,-0.019946808510638236,-0.010638297872340274,0.2508998482967417,7570.0,57642.19792480539,898,14459911,8159923,996998,962864,3611483,2811968,3008145,1522994,1901601,1474122,2417889,292552,1454835,384783,421680,0,647280,710640
370,000932,2017-09-25,-0.02124999999999999,-0.0012499999999999734,0.1670554898060514,28764.0,265497.9917511787,2298,129364198,120453745,1881943,1175922,10795978,9565229,10495909,9915517,16028729,16470493,10451399,9517587,12705307,7080329,9500241,6161859,57504692,60566809
371,000933,2017-09-25,-0.08155186064924791,-0.041171813143309643,0.22105519275865204,65271.0,301869.4262164685,3270,262781048,209330148,770119,977406,13723680,13883375,30055107,21881432,41448883,37501659,21548938,24484314,21403318,21641012,17722893,13210553,116108110,75750397
372,000935,2017-09-25,-0.04905335628227181,-0.02409638554216864,0.42767508864435577,41405.0,159711.26315880037,2954,146527952,120344811,1047200,1477129,13401962,13754253,21299342,17724838,28641300,25759707,20571960,20717476,15025668,14243025,9942446,4406958,36598074,22261425
373,000936,2017-09-25,-0.01388888888888895,-0.005555555555555536,0.20796612894622227,2148.0,52905.06418016257,1199,12260183,7585461,1147958,1036962,2233849,2369731,1962805,1583779,2317646,1976509,1667745,217440,649426,0,0,401040,2280754,0
374,000937,2017-09-25,-0.017341040462427793,-0.007225433526011571,0.12934730289623556,4816.0,88844.22799750735,2869,55212364,29418952,3589862,1739139,10735183,5029162,8141352,4827489,6275776,4711496,4955184,2572764,6445955,4411425,2644254,2200559,12424798,3926918
375,000938,2017-09-25,-0.02268907563025213,-0.015294117647058791,1.252928568343414,47152.0,172071.97146574958,2256,127675240,85684132,1471588,822745,12724051,6802404,19583687,10274057,21911606,16290191,14961134,9274761,11715883,9203527,11752748,6167895,33554543,26848552
376,000939,2017-09-25,-0.010909090909090868,0.0,0.14538946045909576,16560.0,167253.5307657317,1433,61377146,41119120,1134498,851445,6491376,4741594,6858370,4821197,10889853,5889497,11374553,3360506,2888766,4141124,3708379,1818064,18031351,15495693
377,000948,2017-09-25,-0.027977617905675434,-0.01678657074340517,0.4781773016946284,12385.0,70114.42016459236,684,17231861,6843603,935084,443596,3278416,2098469,3634140,1454283,3220739,2100767,1884625,279865,2794357,0,492000,466623,992500,0
378,000949,2017-09-25,-0.013303769401330268,-0.006651884700665023,0.14890865449905547,22500.0,89711.98659129387,918,24709076,10752087,356291,899221,12888339,3716023,2088664,2006021,4051750,1544410,1337132,1235307,329300,393344,895000,428673,2762600,529088
379,000951,2017-09-25,0.01776790671848949,0.028872848417545782,0.37729821548882486,12964.0,152199.42755785424,2279,57737545,63063613,3503376,1177061,10098482,7068393,8922834,7787507,13151880,14548375,7070883,5151647,5416132,8822090,3022980,2648651,6550978,15859889
380,000952,2017-09-25,-0.0024737167594311993,0.0037105751391464104,0.5736321433782549,16280.0,93657.84737943498,794,20407899,17817217,635359,742983,3798945,3994756,3012503,3515267,4937800,2973055,2169742,1923252,1759306,1691595,2293855,421980,1800389,2554329
381,000955,2017-09-25,-0.003030303030302939,0.0,0.32684995307554565,10512.0,53891.13325692662,407,8399092,3780919,621563,236637,2052220,1088270,1720213,1063221,1663238,713466,1167513,679325,646345,0,0,0,528000,0
382,000957,2017-09-25,-0.06879777623349548,-0.04447533009034055,0.2619908521524564,48510.0,366057.1389035428,3025,226884463,195283585,1122481,1343183,11395680,14035264,17045297,16662911,30774162,28405087,24646664,21308091,18829829,16690999,19507242,13516466,103563108,83321584
383,000958,2017-09-25,-0.014435695538057791,-0.009186351706036766,0.1791297822933294,15100.0,123726.6586707293,1811,49080048,35571923,1732048,1978354,8240087,6939755,7174256,6565735,8831134,7805156,4350991,3113159,4425275,3274962,2647363,828775,11678894,5066027
384,000959,2017-09-25,-0.007320644216691097,0.002928257686676261,0.15369360099816798,6860.0,71350.07274916605,1979,27386257,27448430,1671888,2615159,7941849,6185349,5055990,2848444,3844378,5125126,3223883,1144826,1029474,2713230,1308603,2237307,3310192,4578989
385,000960,2017-09-25,-0.014895057549085933,0.0020311442112390665,0.2821685437332859,32537.0,198227.66992356518,2744,137813356,96064524,1425111,1094864,16531678,10876844,16350552,10389140,23064174,18578321,13059109,11372734,10384660,9992983,8731971,5319205,48266101,28440433
386,000961,2017-09-25,-0.03348554033485551,-0.025875190258751846,0.13517231003367552,25600.0,318322.40061697154,2369,134959475,111536585,1017585,2009189,7487735,12483124,8893844,15491287,13686335,18886543,9342733,10839459,8998567,11353472,8417884,6205080,77114792,34268431
387,000962,2017-09-25,-0.03898458748866729,-0.012692656391658952,0.24755315756225968,22963.5,156378.8360903586,1990,76145501,56549331,1101743,1089450,10159077,9285120,10245197,9352419,15317879,9487650,9235960,5608875,4121420,3187229,2684502,837228,23279723,17701360
388,000963,2017-09-25,0.026666666666666616,0.022433862433862473,0.9575202910735794,33803.0,324958.01194774895,2435,102976166,198310986,1529738,2477891,10169817,14555525,10911102,13081448,12208405,15457243,11481796,16226336,6504838,12030549,11478104,11852771,38692366,112629223
389,000965,2017-09-25,-0.03155006858710563,-0.026063100137174278,0.19344850946570147,14300.0,104377.2039883934,1421,40578050,22026528,1037959,1476809,6550123,6079086,6032991,4892326,6117800,4209405,4679185,2009476,3027124,671980,1336250,473937,11796618,2213509
390,000966,2017-09-25,-0.027083333333333348,-0.012499999999999956,0.16407967919843858,9490.0,64802.94782645772,856,19067620,7466936,961273,837129,4285173,2664905,2674628,1381576,4409879,1255835,3395519,991011,1028138,336480,1367010,0,946000,0
391,000967,2017-09-25,-0.006224066390041583,-0.0010373443983402453,0.3939424723546917,9710.0,51665.43160007454,598,9472816,8436726,678247,878642,2532636,2182349,2578055,2094482,1820850,2590848,297355,290766,694473,399639,871200,0,0,0
392,000968,2017-09-25,0.0013315579227695107,-0.0013315579227696217,0.5071566814135346,20219.5,72871.64147500074,878,12186825,22541284,489924,351430,4883762,2827978,2230210,14602647,1368654,2143864,759872,222000,620533,0,418390,421800,1415480,1971565
393,000969,2017-09-25,-0.07627829002514674,-0.05280804694048613,0.2225056672143778,52229.0,594695.2744385826,2880,279042341,210513197,682604,1443869,7278961,15371113,11206089,18767813,23196958,30640973,26745405,26244795,17386242,17885245,20325784,9183124,172220298,90976265
394,000970,2017-09-25,-0.06701570680628277,-0.05235602094240832,0.327064221260657,123216.0,1037528.9223259047,3417,709171424,549406558,372943,836226,8899967,13233687,17014982,17264689,41856276,42045566,38104231,46301700,31778589,31554039,27397913,27197168,543746523,370973483
395,000971,2017-09-25,-0.009691096305269542,-0.01090248334342847,0.5864445137705776,8287.5,67582.7076094246,792,13755072,7425301,923322,922520,3053894,3226777,2372713,1741904,1611407,862717,200858,671383,1035961,0,2322778,0,2234139,0
