,code,date,pchange_whole,pchange,change_std,amount_median,amount_std,length,sumsell,sumbuy,sell_vol_0,buy_vol_0,sell_vol_1,buy_vol_1,sell_vol_2,buy_vol_2,sell_vol_3,buy_vol_3,sell_vol_4,buy_vol_4,sell_vol_5,buy_vol_5,sell_vol_6,buy_vol_6,sell_vol_7,buy_vol_7
0,000001,2017-11-15,0.0,-0.006201550387596955,0.21910299429571295,108232.0,918888.0491869148,3471,683628667,573995963,634179,834667,12038542,10487088,21461032,17001803,50031781,38695462,38161226,33451025,32693247,28682533,25115592,27808019,503493068,417035366
1,000002,2017-11-15,0.005657708628005631,0.008486562942008335,0.4824679014815165,141625.0,679075.0337353768,3440,528091371,582690144,406375,537058,8583826,7528194,19024024,17223890,40129256,50444804,43199744,46607590,36018169,35836635,37502523,33242785,343227454,391269188
2,000004,2017-11-15,0.09682735887927496,0.06551297898640307,0.5477887402102055,23148.0,108969.34227783135,1977,45739117,61341767,881778,1579396,9659136,9885539,9230014,9909658,10024128,12426445,6922090,10151623,1752400,4475961,2284572,3193396,4984999,9719749
3,000005,2017-11-15,0.0,-0.012931034482758563,0.19512588914978213,4640.0,37480.713523956445,565,7162526,3170849,853884,452774,2315370,1142294,1184543,819422,1462886,519515,689500,236844,656343,0,0,0,0,0
4,000008,2017-11-15,0.019101123595505642,-0.014606741573033766,0.282772579260456,8790.0,116914.98480729396,991,22619948,12151533,852794,1432775,3646708,2950974,5591817,1573144,2213447,2715478,1662847,1012327,658112,978250,867805,885777,7126418,602808
5,000009,2017-11-15,-0.00512820512820511,-0.01025641025641022,0.17603159895735515,11778.0,144112.35031120747,1966,52125357,39248302,1360381,2583522,8074793,8108061,6520083,6905669,6416231,6919252,3477279,3630454,4629075,4888492,915133,400384,20732382,5812468
6,000010,2017-11-15,-0.011884550084889534,-0.003395585738539819,0.1424872189515859,11700.0,49168.8905582077,1711,24999870,20559938,1977108,1125678,8404841,7689983,5631616,5399273,4614764,2742816,1935356,1537490,1580915,1071892,0,456288,855270,536518
7,000011,2017-11-15,-0.005991285403050051,-0.009803921568627416,0.4644207033706753,18260.0,75318.89599688722,1563,38344992,27305596,848465,1537533,8226003,8584112,8054375,4930310,9131132,7228670,3014585,674300,4207094,1985104,1258619,902156,3604719,1463411
8,000012,2017-11-15,-0.015555555555555656,-0.015555555555555656,0.16759714170029108,38012.0,364363.88273129764,2890,207857832,173652792,2042594,1360947,13740510,9635476,15845600,14901619,24768146,25804146,19612326,19399227,14109340,12960847,11645978,13024469,106093338,76566061
9,000014,2017-11-15,0.0018785222291797243,-0.0050093926111458575,0.8150725218772831,15810.0,140124.7055423738,383,4961879,18061731,322049,331517,1489958,1695492,881721,1127089,686750,2933955,486789,541666,0,2540800,0,1910364,1094612,6980848
10,000016,2017-11-15,0.0014285714285713347,-0.014285714285714235,0.14277385428115366,31579.0,698571.1126347324,2414,151939359,182200884,1125793,1679290,8330552,10882933,8591081,12648909,16297662,23372223,15588089,13089697,13097617,11366133,7104322,7129484,81804243,102032215
11,000017,2017-11-15,-0.0014025245441794398,0.004207573632538653,0.34394495875761577,5792.0,36631.11049071964,429,3860232,3191263,602874,340337,1289507,1118173,733558,940071,217098,792682,227447,0,378406,0,411342,0,0,0
12,000018,2017-11-15,-0.002797202797202858,-0.009790209790209836,0.21969948203612646,7100.0,59998.605472601404,1059,20014198,9103157,1022419,1041912,4203045,2615723,3901205,2188214,4149391,2075811,2277690,827497,2115230,354000,915376,0,1429842,0
13,000020,2017-11-15,-0.02882352941176458,-0.03117647058823536,0.5090409664693488,10224.0,53649.45480753617,1115,16559848,11988734,1197831,1174881,5029231,4656857,3447012,2421962,2824711,1909729,1662331,748628,387750,602840,0,473837,2010982,0
14,000021,2017-11-15,-0.01079489695780167,-0.00981354268891066,0.18952556467354562,28420.0,232364.3961546003,2896,144196939,107449686,1913478,1027888,14522419,10276251,15379417,13127987,23526583,19355118,15214981,13347387,11732628,9102376,8900158,5309179,53007275,35903500
15,000022,2017-11-15,-0.009779951100244433,-0.015484922575387028,0.9053087154386843,14502.0,69141.02158643118,734,17803349,7892931,759909,727582,4324702,2361911,2881956,2285267,3636083,1502879,1952379,651992,374085,363300,1365314,0,2508921,0
16,000023,2017-11-15,0.0008764241893075564,0.0035056967572304476,1.1680490450554382,4566.0,46926.48926473914,381,3775464,2733577,650533,230928,999118,544191,657402,525590,544173,501914,468238,439679,0,0,456000,491275,0,0
17,000025,2017-11-15,0.0009298000929800487,0.0016271501627149743,1.1658634800253078,17240.0,66199.16386719419,1361,22953009,23198300,1561945,1385461,6750439,7044049,5752131,4996632,2879401,3883611,2564607,1687794,1307460,1020883,922860,829802,1214166,2350068
18,000026,2017-11-15,0.03228699551569503,0.036771300448430466,0.3910414848059288,15736.0,90769.10431927888,813,13465374,19688839,469729,628568,4359323,3589464,3197008,2534919,3470739,3034876,1050375,1194124,340200,2105796,0,1360189,578000,5240903
19,000027,2017-11-15,0.006329113924050667,0.004746835443037778,0.20127384635552756,3170.0,120101.03072387178,986,16323888,10200656,885071,1025853,2384657,1606363,2020043,1052606,2177802,1526672,1646609,254635,653829,679636,0,882678,6555877,3172213
20,000028,2017-11-15,-0.015957446808510634,-0.02377972465581979,1.4306836622142969,25116.0,180685.10781870974,1998,97410289,54259652,2191527,850431,8224311,8078255,12104950,8219485,18975027,8462046,23913447,9304852,4530292,3949071,4437922,0,23032813,15395512
21,000030,2017-11-15,-0.002375296912113911,-0.002375296912113911,0.2275411190085925,2510.0,60388.92680125033,1370,14233867,8299827,2208091,738353,2729943,1868190,2398285,975594,1253868,1327052,951550,916128,343169,675940,1767376,417500,2581585,1381070
22,000032,2017-11-15,0.02110817941952514,0.030782761653474155,0.33546769158638606,13416.0,62807.72613788895,1150,18731299,19610483,653445,1017800,4878083,5726108,3842421,5263793,3375419,3384057,2006461,2420865,1385750,695192,1382580,400668,1207140,702000
23,000036,2017-11-15,0.03343782654127492,0.03239289446186011,0.1804703972727277,31878.0,211904.2657798869,2815,97760035,150972038,1775846,1677829,11672718,13609947,14138238,17610894,21904141,29353822,13454071,18448838,6022835,16534129,8158544,11028281,20633642,42708298
24,000037,2017-11-15,0.0046136101499423265,-0.0046136101499422155,0.44907459590475146,5148.0,39165.373549817734,372,3896136,2886497,444254,189038,1581192,877323,828604,462161,697287,748526,0,240948,344799,368501,0,0,0,0
25,000038,2017-11-15,-0.020446980504041812,-0.01664289110794115,0.4580181070496279,19269.0,152045.81362729621,2118,68516224,44984686,1822234,1346021,10811521,9601496,9823161,8628272,12896307,9569944,9335668,5507415,5480879,2451623,4890048,1255146,13456406,6624769
26,000039,2017-11-15,0.0039024390243902474,0.0,0.40046884981225894,28434.0,225702.42527432233,2621,123827699,104310493,1115024,1256650,13294413,12570170,13436691,10382154,22738054,17727977,15961900,12558387,9532311,6873323,7639377,7138880,40109929,35802952
27,000040,2017-11-15,-0.010178117048346036,-0.013994910941475869,0.4880386075213463,9444.0,123344.0468872786,1039,27995366,14238440,922926,906646,3716259,3399957,4449307,3176984,6072393,3334147,2097385,763586,1342294,1029864,0,472464,9394802,1154792
28,000042,2017-11-15,-0.00250469630557304,-0.005635566687539173,0.7173302872072261,3176.0,42976.65773489219,495,3667052,2486024,621955,472949,892741,1004472,605598,507096,459593,501507,286740,0,0,0,0,0,800425,0
29,000043,2017-11-15,-0.008310249307479256,-0.006463527239150557,0.46162380447665835,14001.0,164784.87865459823,550,20445388,12333483,567897,309113,2211863,2050061,1943995,1515471,3104387,2566793,2636403,442648,1656157,637125,878184,414406,7446502,4397866
30,000045,2017-11-15,0.006938421509106618,0.003469210754553309,0.3179192167556065,17572.5,110852.43230348497,1316,34152582,28645689,903422,999112,6915427,6195128,5667001,5480385,6230210,5151247,1903677,3157130,3799780,2276212,1810098,869079,6922967,4517396
31,000046,2017-11-15,-0.0012987012987012436,0.0012987012987013546,0.2601028103685037,772.0,46722.53953416734,876,7645428,3137586,866960,511501,1212429,734255,849382,283446,1788381,483207,655035,1125177,623720,0,879521,0,770000,0
32,000048,2017-11-15,-0.008047437526471746,-0.010588733587462928,1.7230343738471319,9364.0,117201.36319840876,187,5389530,854479,274814,159895,766707,208881,666814,56280,689680,143350,299880,286073,0,0,0,0,2691635,0
33,000049,2017-11-15,-0.01847014925373136,-0.023134328358208944,1.2595790127880488,31422.0,143922.5040857025,1812,72195542,52100667,440561,1162722,10478552,8834447,13539463,8020582,12282888,11489779,7454691,5028699,6109294,5014383,3579734,1383604,18310359,11166451
34,000050,2017-11-15,0.04763843648208477,0.02565146579804578,0.439394216205478,96505.5,523138.7495818068,3128,360983272,369908291,660253,888289,10081161,11985546,18352868,17744754,41200682,36817572,34492998,33129206,23756411,25881895,33453088,21185629,198985811,222275400
35,000055,2017-11-15,-0.008759124087591164,-0.00583941605839422,0.19070129733153543,4122.0,54865.34750217844,1291,17279178,9273308,1107636,978325,3891623,3172652,2513015,2511712,3142519,1822697,2546064,787922,1396854,0,436521,0,2244946,0
36,000058,2017-11-15,-0.018743109151047377,-0.0022050716648290836,0.1900988385934787,21936.0,188767.7274536906,2281,73304054,81205660,1581069,1712204,10676981,10980278,10464566,12679511,13718164,13544771,8422945,8670691,7793237,5421081,5487671,6243154,15159421,21953970
37,000059,2017-11-15,-0.019961977186311652,-0.016159695817490438,0.25055309900106676,23352.5,143257.197119192,1764,75684330,47653066,803968,1103457,7533051,8443571,8700525,7810112,14533756,8893234,11172208,5182698,8061508,3391327,4097355,1776913,20781959,11051754
38,000060,2017-11-15,-0.020408163265306034,-0.011131725417439675,0.21757885397765483,19224.0,220931.76274980343,2457,108032517,75821170,1614376,1719967,9243021,10278642,10911473,9584009,16853030,16496798,8659457,8720596,8503224,5185245,5712637,4899434,46535299,18936479
39,000061,2017-11-15,-0.004932182490752002,-0.002466091245376001,0.363472559034671,8090.0,46540.72474377328,497,8632380,3428375,517001,458650,2373139,1229824,1413651,402594,2831898,922998,688500,414309,0,0,808191,0,0,0
40,000062,2017-11-15,-0.020391843262694942,-0.014794082367053263,0.8247337806581814,12455.0,101860.74317639112,919,22354407,12261133,886023,797571,4905353,3831758,3213573,2114459,3437410,2628398,1560700,1610778,2405941,332186,940400,439838,5005007,506145
41,000063,2017-11-15,-0.00935093509350926,-0.00935093509350926,0.6067869708525832,544367.5,1585667.606583886,3594,1803727852,1712055269,21319,17734,1294785,1092352,4997922,6295616,26835795,30449985,37964941,48930376,49424215,62537035,49015744,62721651,1634173131,1500010520
42,000065,2017-11-15,-0.01903898458748854,-0.024932003626473076,0.5163842557034198,21510.0,93501.10849782609,1825,53530940,37004887,512769,1435632,8469796,10756832,9702577,7913709,10200848,7591466,5015970,4925585,5382671,315810,6532906,1778254,7713403,2287599
43,000066,2017-11-15,-0.023929471032745675,-0.015113350125944613,0.16456638758261957,13600.0,147218.6248666471,2331,83175868,47922954,2025761,1491478,9655378,8081037,13056859,6514370,13169973,11156088,6799315,7024892,5771713,1807930,4810011,3104244,27886858,8742915
44,000068,2017-11-15,-0.004709576138147598,-0.0031397174254317317,0.24037085705061206,6410.0,68334.06436543699,702,12609775,5569194,864816,491758,2776837,1693971,2289712,1566820,2115409,1305625,245992,511020,1906724,0,0,0,2410285,0
45,000069,2017-11-15,-0.0023837902264601807,0.0,0.1702612385277675,15883.0,144737.95341917695,2433,59548185,80653761,1379462,2073097,5457738,11558304,7614843,22332430,12966097,15754051,4028872,7271531,4145684,4750926,5286783,3528674,18668706,13384748
46,000070,2017-11-15,0.021390374331550888,0.0035650623885916666,0.2921351820483657,14638.0,70767.3915476743,1477,29644809,25408397,738680,1500644,5433263,8326970,5804657,5696925,7236177,4571663,4482966,2494765,1055232,1337544,1294114,915886,3599720,564000
47,000078,2017-11-15,0.011456628477904962,0.018003273322422242,0.1432053741885532,10998.0,213426.04614375829,1824,45321063,52354927,1778536,1328968,6995790,6981255,6648143,4608158,7392255,5325796,3864214,4206758,4973373,3711422,2255131,5002262,11413621,21190308
48,000088,2017-11-15,-0.012716763005780507,-0.010404624277456587,0.2819850166725697,9460.0,94135.11768897837,941,20721101,13774702,899491,932598,4523849,2462748,2805542,2166477,3235408,3120503,1919568,1011222,1647061,654855,3556627,448580,2133555,2977719
49,000089,2017-11-15,-0.012222222222222134,-0.010000000000000009,0.21056253594446442,8935.0,90078.82750287617,1828,45811440,21947180,2843314,1120516,5269749,6038363,12981855,4754508,6922362,4272061,3200931,3201706,1733157,985346,4386254,448500,8473818,1126180
50,000090,2017-11-15,-0.012252591894439169,-0.013195098963242113,0.23568976708732545,3195.0,93530.24451876094,2029,36947709,16839240,2170104,1649549,5063614,4785947,4580164,2849830,4571607,2118655,4602158,2716710,3479663,638720,418800,428977,12061599,1650852
51,000096,2017-11-15,0.011135857461024301,0.0029695619896064063,0.7980138716882457,6675.0,20521.229604857712,284,2233144,1552559,341912,236566,1169338,837708,491276,316165,230618,162120,0,0,0,0,0,0,0,0
52,000099,2017-11-15,-0.001941747572815622,-0.000970873786407922,0.36244606988792577,10360.0,50841.43174647815,807,8595812,13174926,573195,694333,2813933,4310001,1369497,3041138,1500077,2533957,1112518,728393,712593,995835,0,871269,513999,0
53,000100,2017-11-15,0.004158004158004269,0.004158004158004269,0.08170516350834743,76058.0,588939.4576140185,3486,407577269,468779205,1029835,1025888,10967070,13915393,19365143,21785754,37543307,42327949,33698731,39489420,21653942,29840670,19636996,23274234,263682245,297119897
54,000150,2017-11-15,0.004418762746430938,0.0023793337865396502,0.9925837781714195,14462.5,435840.3041307937,880,24855707,75718612,1071201,652298,3941391,3041674,3479586,1923647,2962374,1883723,2226462,284695,1689740,758984,487807,494532,8997146,66679059
55,000151,2017-11-15,-0.010890454836643193,-0.0076873798846892605,0.5554417890296699,14004.0,71423.02287346535,789,14303775,8034011,1017970,556194,4755689,2813452,2424444,2187869,3275088,1692272,626284,0,649650,0,0,0,1554650,784224
56,000153,2017-11-15,0.005733944954128267,0.006880733944953921,0.31371570691679185,6559.5,43160.44829953474,772,9735647,7286782,675590,859871,2640624,2629154,2386718,1289287,2789783,1377961,427191,453054,335820,677455,479921,0,0,0
57,000156,2017-11-15,0.008664259927797957,0.013718411552346543,0.40467640431491303,8436.0,69765.01865071311,1171,16646863,21035790,956529,1370968,3671245,4117305,3689500,4348762,2938968,3884745,2142499,2286036,1742057,1781251,884400,1288937,621665,1957786
58,000157,2017-11-15,-0.0044345898004433115,-0.0022172949002217113,0.09523227655439731,9429.0,126574.2954398863,2252,44113787,37951997,1171948,2109688,7092721,10703160,8032095,7534031,7646931,5211401,2375587,2390665,2763446,978607,1403830,1787153,13627229,7237292
59,000158,2017-11-15,0.015873015873015817,0.002116402116402183,0.2690006676016453,14250.0,121452.81791878995,1237,25591759,41775351,1176975,1031122,5543734,3884999,5300952,3858846,5433708,9187168,3386371,5661737,1238843,4423000,900696,2244790,2610480,11483689
60,000159,2017-11-15,-0.005042016806722782,-0.006722689075630228,0.24158259447364794,5920.0,44644.83262668412,606,8419412,4817623,707082,398960,2291675,1758673,1780332,853776,2370427,1007955,702316,798259,0,0,0,0,567580,0
61,000166,2017-11-15,0.0,-0.0035650623885918886,0.13523240855094482,10640.0,123572.09037999023,1724,37545455,28515657,1051459,1435205,5384123,8186419,4273283,5640567,5701951,3725483,3603015,551973,2488470,1729713,1362255,1254000,13680899,5992297
62,000301,2017-11-15,0.010714285714285898,0.005357142857142838,0.16151751212337906,11300.0,83190.29498279066,1203,21511163,22481881,884404,990364,4667430,5045628,4408585,4781310,3182386,4412376,1976967,2627272,677308,1024197,1402091,907075,4311992,2693659
63,000333,2017-11-15,0.007321772639691693,0.007899807321772645,0.8712830269123338,194046.5,719495.7274907018,3550,661874003,736102353,200432,122421,6064013,6389775,13900630,19548749,47010113,55760147,42740610,55663401,50715802,51668450,38861612,39183913,462380791,507765497
64,000338,2017-11-15,-0.03142536475869806,-0.02581369248035914,0.14977057808870478,82491.0,608753.3640716325,3547,457403983,439226018,716079,1077702,9613126,16852934,19181587,27750472,35809937,49065323,31818741,40805566,28713288,32551277,26312070,23381234,305239155,247741510
65,000400,2017-11-15,-0.0006596306068601399,0.0006596306068602509,0.36468079931579467,9090.0,67593.99950063274,1728,28482523,24117686,2623659,1138363,6241485,5740606,5747546,4396620,7358112,5779253,3856585,2854379,1775155,680135,879981,453882,0,3074448
66,000401,2017-11-15,0.0,0.0006653359946773296,0.2677556980465255,46655.0,245510.62486724072,3154,198876054,172789733,1410853,1212364,14323256,14803410,19847366,19209556,32664002,35309927,24968094,21472722,16463583,15911412,12462133,9769068,76736767,55101274
67,000402,2017-11-15,0.008984725965857976,0.0062893081761004055,0.24862739039845932,8960.0,114896.2250510865,2005,38694018,46171026,1689528,1874797,7603832,6476040,5465419,7633008,7405370,6647654,2514063,4151186,2437005,4598654,849744,2196619,10729057,12593068
68,000403,2017-11-15,0.005408653846153744,0.006610576923076872,1.2359480342638658,40380.0,161002.42789643875,725,31946875,36751631,237349,197527,2326262,5029569,3743365,5270246,5581225,8371871,1194582,3760168,3719857,4998092,3699350,3101587,11444885,6022571
69,000404,2017-11-15,0.012269938650306678,0.010736196319018454,0.23385419337117266,17604.0,107082.41648119409,777,17742558,20000764,737597,536698,3886953,3114332,2763277,4038982,3670303,4841117,2597598,904865,1360420,2678596,849040,898548,1877370,2987626
70,000407,2017-11-15,-0.006369426751592355,-0.010191082802547768,0.329205749491732,7825.0,68664.46942141946,568,12398639,5512144,698793,511455,2365652,1658451,1368826,1419109,1791866,966933,2491207,233400,2572984,722796,490939,0,618372,0
71,000408,2017-11-15,-0.0462028677642059,-0.040892193308550207,0.4217319613602589,36940.0,212347.0656201547,1999,146732835,84054178,1104006,1004862,8422243,7352130,11706648,9298591,21700867,14387974,17665137,9235156,13938216,10016218,13120819,10704860,59074899,22054387
72,000409,2017-11-15,0.016566265060240948,0.0075301204819278045,0.29296114126805556,7348.0,59948.47567522274,513,7910760,6538787,555338,508000,2031156,1495499,949570,1556420,991491,1713028,1761038,768675,698626,0,923541,497165,0,0
73,000410,2017-11-15,-0.0066006600660066805,-0.0066006600660066805,0.34415786562616646,9100.0,57709.4117965044,697,13074051,6387979,819409,710180,3367412,2319139,2438790,1748170,2420496,940321,1051450,0,1356619,670169,412670,0,1207205,0
74,000411,2017-11-15,0.007905138339920903,0.008893280632411127,0.8829368302250169,2047.0,28382.713938314864,525,3671853,2086365,787107,159244,1073456,847086,954402,531694,410288,548341,0,0,0,0,446600,0,0,0
75,000413,2017-11-15,-0.01116279069767434,-0.0018604651162790198,0.1849743557904898,86560.0,562029.479683262,3381,404679759,405603898,710660,827474,11765428,12535149,21071341,19140298,42048250,44284439,36919214,37750930,28901017,32955413,22842092,27600992,240421757,230509203
76,000415,2017-11-15,-0.0015673981191222097,0.0,0.13490713223477535,3834.0,44946.45965793089,2243,19806563,19691649,1819797,2422434,5257759,6882702,4002729,3025339,3586655,2536499,938595,2312020,1733697,2082438,1348105,430217,1119226,0
77,000416,2017-11-15,-0.0024968789013731785,-0.004993757802746579,0.22727812835763928,12150.0,68962.6679448948,1243,24536018,15780573,1220238,1105042,6095995,5245693,5062904,4155977,3734030,2369690,3063719,1040366,1126657,306520,2631475,0,1601000,1557285
78,000417,2017-11-15,-0.001175088131609825,0.001175088131609936,0.3306081250790272,7623.0,82683.50449092271,662,10657244,10333916,734214,782741,2252149,1350523,1354157,1730892,1749584,2219473,2161740,730730,1044360,339200,0,416232,1361040,2764125
79,000418,2017-11-15,0.015761821366024442,0.01733800350262693,1.3904260663959869,22956.0,131001.6260989804,1695,67564594,44864413,743825,990515,6894115,7220080,12633535,7684048,11915677,10833850,6824702,6888423,5907537,2392047,4480406,2206204,18164797,6649246
80,000419,2017-11-15,-0.0030864197530865445,-0.006172839506172867,0.37356371463097016,9690.0,41154.054701612215,300,4582868,2877209,207296,392892,1073822,1141235,1446993,777575,801597,565507,730660,0,322500,0,0,0,0,0
81,000420,2017-11-15,0.045016077170418,0.05144694533762073,0.0703961879679109,8220.5,92571.80320252963,1968,25138462,41640936,1636404,1715203,6412844,8007496,3706055,7513954,3939351,7015914,2136027,3924131,1671971,3004338,0,2243576,5635810,8216324
82,000421,2017-11-15,-0.005952380952380931,-0.007440476190476164,0.26250809661164254,4002.0,32061.23357780011,655,5232550,3866916,419025,923476,1974830,1355105,1476622,698424,623981,550251,0,0,330500,339660,407592,0,0,0
83,000422,2017-11-15,-0.0065359477124183885,-0.004357298474945481,0.1304986517142525,11959.0,112362.12361049434,1239,30044085,22577480,1096886,1037785,5531858,4762986,6098550,3921756,4202578,4187290,2883874,2627395,1004319,1738062,3050020,0,6176000,4302206
84,000423,2017-11-15,0.0030404864778363905,-0.004640742518802976,1.1229116487643698,50072.0,413454.7636986567,3097,240499402,184511925,472525,1108035,18817249,15975957,18567044,22253737,37689364,28597845,23542458,17394750,20092746,16150481,12962327,9104638,108355689,73926482
85,000425,2017-11-15,-0.01837270341207342,-0.013123359580052618,0.07399420935463068,7938.0,94645.52956171538,2671,58008810,32544759,2831299,1695523,11757360,7592706,8888796,4373282,9906726,6115165,4870271,1872167,4230734,759648,2733487,2228005,12790137,7908263
86,000426,2017-11-15,-0.020408163265306256,-0.009183673469387754,0.22133995376283827,6811.0,101322.26402727432,1963,36651157,24566445,2190643,1742021,6717014,4635831,6523212,5165617,5377379,4005741,2516654,3108013,2133825,1587838,1358989,429624,9833441,3891760
87,000428,2017-11-15,-0.018018018018018056,-0.018018018018018056,0.20743123405784403,5202.0,105450.79891580931,458,8287119,4708954,488925,402199,1741935,1159151,911776,631532,1223784,432269,644240,241224,1064300,360179,919160,0,1292999,1482400
88,000429,2017-11-15,-0.006165228113440113,-0.0036991368680640013,0.2539403081888135,8888.0,72076.10199246893,1020,12840427,10923303,1063565,747227,3705223,5002743,1391461,1213172,2005503,1473992,202250,494415,641560,662088,439270,1329666,3391595,0
89,000430,2017-11-15,-0.006179196704428458,-0.001029866117404854,0.44374160136036106,7728.0,31597.639012046082,478,5132140,2837344,706674,544119,1958052,1384798,1205036,563097,601834,345330,289800,0,370744,0,0,0,0,0
90,000488,2017-11-15,-0.02640642939150406,-0.024110218140068973,0.3279420458594232,44122.0,338640.3238669964,2824,227630440,154995502,1283169,1257214,10339964,13875941,13223588,16458254,27781021,28055081,19741278,20354240,22378132,11841934,14327078,11799857,118556210,51352981
91,000498,2017-11-15,-0.002702702702702786,0.002702702702702675,0.17313893340454237,4440.0,47429.03768227639,1829,17814564,12315419,1995938,1842487,5451894,3776095,2652136,2364391,2801558,1827148,1155813,1697458,1091402,370500,417183,437340,2248640,0
92,000501,2017-11-15,-0.024489795918367196,-0.024489795918367196,0.41706585471266133,8350.0,100910.76604349937,1691,45283381,18694857,2459242,1096237,6367868,4374009,4933837,2974369,7874792,4156883,4855808,2887049,5261534,1004090,2249525,1379234,11280775,822986
93,000502,2017-11-15,0.013742926434923142,0.004850444624090677,0.43755511315146584,12370.0,41421.45682200035,799,11250688,9259576,719829,716159,3872917,3413465,2320143,2430146,2850138,1597684,1487661,643322,0,0,0,458800,0,0
94,000505,2017-11-15,-0.03892215568862267,-0.02894211576846295,0.3697038589339548,14669.0,92675.5830779767,735,17720452,10904977,526561,899734,4229424,2605539,3187168,3004437,4127652,1681889,2263398,485303,0,393092,848175,455364,2538074,1379619
95,000506,2017-11-15,0.0036540803897684437,-0.006090133982947665,0.3540628895237963,12225.0,104527.03433083008,537,12236351,10905093,558871,481328,2266999,2277179,1720987,1044189,2753651,1319712,1953493,794313,308007,716448,988155,953985,1686188,3317939
96,000507,2017-11-15,-0.0077145612343297865,-0.008678881388621051,0.21945066052677886,20540.0,84562.23764299827,2234,72070571,34011716,1307887,1311632,12773179,9199532,14118061,8252702,14504259,7793670,7732503,4085681,8216804,1677836,3472808,449167,9945070,1241496
97,000510,2017-11-15,-0.01309523809523827,-0.008333333333333415,0.3022493780559507,8375.0,50054.975665190774,772,11590114,7055311,1073658,845387,3730667,2489744,2389897,1875096,1478853,1158890,971641,686194,358620,0,822348,0,764430,0
98,000513,2017-11-15,-0.02225352112676049,-0.02225352112676049,1.2634595190113158,76686.5,268140.69297266693,3162,249450196,215748664,810392,1133558,10313909,13257909,18019261,18894828,47417988,42029198,31050390,29996637,27762221,22180323,16900481,19571557,97175554,68684654
99,000514,2017-11-15,-0.007042253521126751,-0.00422535211267594,0.28138892764380413,8484.0,54567.41285253359,636,10492896,5490935,666772,701681,2901206,2139353,1969248,1219460,2043044,750335,1291664,0,350162,680106,0,0,1270800,0
100,000516,2017-11-15,-0.003960396039603853,-0.003960396039603853,0.17374795765351575,9595.0,73134.55786069334,845,16398716,7071008,813585,701453,3407928,2462160,3278631,1220604,2912011,1497687,1943574,1189104,711996,0,1296734,0,2034257,0
101,000517,2017-11-15,0.009803921568627416,0.002450980392156854,0.11380507283249923,409.0,31127.58180640257,1287,8041343,5515070,1008023,695457,2330544,1921400,2371438,939083,900489,861254,1103649,0,327200,631707,0,466169,0,0
102,000518,2017-11-15,0.004249291784702569,0.0028328611898018607,0.31711367029790305,7090.0,68768.97106341917,495,7996753,4763982,536912,625634,1517342,1799740,562674,1073389,2181569,348876,724756,561843,353500,354500,0,0,2120000,0
103,000519,2017-11-15,-0.016216216216216273,-0.014054054054054133,0.24991807235546531,9150.0,76353.4846735981,1370,24564590,12894205,1615830,1356259,5936398,4303808,4110707,2137164,5099490,2951314,2199614,418115,1662026,0,864056,0,3076469,1727545
104,000520,2017-11-15,-0.021276595744680993,-0.017021276595744705,0.14548854292431182,9310.0,99386.44226182385,1046,26754060,13149124,1138193,1143806,4666734,3518196,2862524,1630172,4063518,2532845,1154892,1791414,2028564,1052344,4031671,0,6807964,1480347
105,000521,2017-11-15,0.0335097001763669,0.03174603174603163,0.14988055434212044,15876.0,132941.05899227594,1434,39772077,39542344,1272840,859377,6079079,4990226,6055602,5554657,10088815,7154386,5211203,3133062,3529555,3204132,2263583,3736932,5271400,10909572
106,000523,2017-11-15,0.011995637949836269,0.005452562704471253,0.3980006797956952,6433.0,54135.28112327916,530,7114702,4658063,574775,572618,1915762,1646557,1618728,724429,998523,779487,817030,474472,0,0,0,460500,1189884,0
107,000524,2017-11-15,-0.007499999999999951,-0.00666666666666671,0.4246711050361107,3570.0,24440.419454249684,798,4740685,4533281,405498,1027097,1686840,2598617,735009,680556,1349311,227011,239976,0,324051,0,0,0,0,0
108,000525,2017-11-15,-0.04132231404958675,-0.04380165289256188,0.5918100839062874,30823.0,193875.79733666324,1673,93926974,64266136,740185,924802,8046462,7463444,9452981,7198550,14843252,10550971,12325107,9409441,8328700,6024657,4976785,5739491,35213502,16954780
109,000528,2017-11-15,0.005031446540880502,0.0037735849056603765,0.17029173165172629,5593.0,42377.86863828714,2182,26579748,20451506,2169017,1438575,8780254,6209687,6289666,5971146,5773084,3551852,1160851,1868584,1405232,992497,447352,419165,554292,0
110,000529,2017-11-15,-0.006501950585175664,-0.005201560468140465,0.3329376373061488,7700.0,53707.32343038259,533,6935000,5625276,505555,499789,2005757,2036209,1539076,1576450,1846344,234626,231385,429770,0,326056,0,0,806883,522376
111,000530,2017-11-15,0.0016051364365969878,0.0032102728731941976,0.21899764655577184,10625.0,85922.59069851477,809,12660680,11201387,717604,683253,4304190,2339065,2136131,1984459,3156473,1880961,685405,785629,363168,626752,0,428688,1297709,2472580
112,000532,2017-11-15,-0.022961203483768844,-0.0182106096595408,0.423996463093249,12390.0,72792.88338541392,887,19182026,8329246,834597,793109,4435081,3089803,3139889,3043502,3621435,1136156,1489167,266676,1449987,0,0,0,4211870,0
113,000533,2017-11-15,0.0,-0.0020618556701030855,0.36468867345205597,9660.0,73033.96854466641,707,11374632,10918390,986319,604944,2833300,2479679,2777594,2406783,3088272,2364468,523440,575211,0,302045,0,1322931,1165707,862329
114,000534,2017-11-15,-0.013654096228868706,-0.01820546163849157,0.6915713511971509,9090.0,39339.31845508153,494,7668715,3458891,806556,321134,2154014,1595353,2125460,793646,1611532,323043,658583,0,312570,0,0,425715,0,0
115,000536,2017-11-15,-0.014545454545454528,-0.016363636363636358,0.16820588917955875,4869.0,60756.2781244311,1070,17860050,8505828,1097152,777522,3341391,2500004,2380349,1609027,3800256,2428891,1695076,1190384,2327693,0,1825578,0,1392555,0
116,000537,2017-11-15,-0.02745367192862047,-0.024708304735758357,0.36504021491706506,18369.0,143251.5177988954,1595,58863423,43168030,1800092,1070528,7326462,6459148,6607787,6395216,7501574,10946172,5819149,6252618,3472157,2466568,5287124,5442894,21049078,4134886
117,000538,2017-11-15,-0.000701402805611151,0.007915831663326767,1.8508833547599497,60114.0,401203.8141454817,2908,232796189,229395289,1586180,1101032,12799283,10583021,22302256,18400009,33013860,27841853,18548505,23584546,17033086,15691635,13255632,16609734,114257387,115583459
118,000539,2017-11-15,0.0019685039370078705,0.003937007874015741,0.1881405692103396,2044.0,35522.085531328914,729,3796640,4456067,703621,683357,1479978,1234831,478412,537472,925313,516932,209316,261117,0,652278,0,0,0,570080
119,000541,2017-11-15,0.018318965517241326,0.02155172413793105,0.18818302532865488,25704.0,303438.84252893156,2435,85525031,124222735,1713740,1516863,9946486,10202241,13049405,13972816,18061174,17782073,11828582,15397700,10162041,11027801,8242807,4900049,12520796,49423192
120,000543,2017-11-15,-0.011173184357541999,-0.011173184357541999,0.15646211738124854,10640.0,175337.3917762185,1179,33078391,8808264,1096962,699827,5322599,3331171,2008971,1115596,1977085,1852244,1006955,1508814,2090281,300612,883086,0,18692452,0
121,000544,2017-11-15,0.0,-0.002958579881656598,0.5498943799200143,15061.0,81094.69674907651,944,21670639,15034915,684876,831340,5197715,3429155,3978840,2516861,4920615,2621161,2185896,1058057,1001197,1347407,874820,491299,2826680,2739635
122,000545,2017-11-15,-0.009363295880149725,-0.005617977528089901,0.1751183366807469,8504.0,47533.936178682525,930,12602541,9604948,754241,811629,3429171,3417317,3052438,2184711,2556870,1783313,975596,731484,337288,676494,852516,0,644421,0
123,000546,2017-11-15,-0.02085561497326205,-0.011229946524064172,0.506868263008261,19150.0,165628.40029063553,1364,48789130,41645664,1031256,1021758,6331252,5686995,7388171,6127242,6079013,6183872,5494448,3806426,3510436,3415277,3697362,1302076,15257192,14102018
124,000548,2017-11-15,0.0,0.0,0.3360686141010359,7050.0,38541.80215542395,438,5485696,3495184,437763,431908,1549116,1746456,1646953,682655,752016,422365,638024,211800,0,0,461824,0,0,0
125,000550,2017-11-15,0.01722222222222225,0.016666666666666607,0.4645193290085405,18280.0,95940.06965909533,1501,29911121,39460676,929350,1406443,7436285,8510525,6596993,6135450,8396343,7808691,2936273,4401141,1508259,2819068,438396,970862,1669222,7408496
126,000551,2017-11-15,0.0034802784222738303,0.0046403712296985145,0.3593215173304197,5244.0,48988.33524843581,575,8127014,5454922,298845,811518,1446080,1931140,2631371,1230450,1649713,627836,463581,853978,702194,0,410958,0,524272,0
127,000552,2017-11-15,-0.008130081300812941,-0.005420054200542035,0.09090070174730673,2569.0,60307.9330757347,1655,21602523,12969068,1193189,784413,8364120,2535963,4393891,2656488,3146550,1682790,1110049,939380,334144,2136638,0,1359569,3060580,873827
128,000553,2017-11-15,0.004315659679408057,0.0055487053020961685,0.38053619783372034,29214.0,137969.51035184565,1818,62485224,66752889,924668,1250321,7753919,10927304,8665679,11137904,11267877,14549685,7794091,8348067,7915556,7785316,2715268,4535592,15448166,8218700
129,000554,2017-11-15,-0.008998875140607376,-0.003374578177727905,0.2845087981618913,10704.0,65542.55742213324,976,19028175,14515238,1170576,946323,4398657,3797829,3834980,2787871,4086824,3479403,2139013,1813578,2409931,0,455994,887500,532200,802734
130,000557,2017-11-15,0.0019646365422396617,0.003929273084479545,0.1766701358858388,5120.0,36805.51571987706,830,7703687,8157283,504594,1588930,2461162,2418948,1169337,1606372,2105204,1624675,1151805,918358,311585,0,0,0,0,0
131,000558,2017-11-15,-0.005154639175257825,-0.013745704467354014,0.16453653571748078,8617.5,59225.98235474843,1252,22187217,14616934,1457905,1042031,5036857,3242733,4494515,3512568,5641699,3939610,2235789,1339542,1032842,1070590,929291,469860,1358319,0
132,000559,2017-11-15,-0.014964788732394374,-0.022007042253521125,0.23405949848322874,26687.0,192565.85619927192,2357,96877684,85069346,1026538,1431292,11779402,10438486,12845976,11753628,17575168,15038557,12202734,10252483,10818086,6953002,5748634,3624413,24881146,25577485
133,000560,2017-11-15,0.00990099009900991,0.006930693069306937,0.2686807753383725,15135.0,97204.20589526725,1414,35434215,26920185,1137709,866197,6552178,6661040,5347046,3240220,7823595,6519142,3087479,3265409,3100731,3329168,2206643,428752,6178834,2610257
134,000561,2017-11-15,-0.009803921568627416,-0.010893246187363759,0.3027366776760842,6383.0,53230.02529615919,919,13226664,6125669,1434161,929707,3184173,2592981,2556724,1530485,2213811,872296,709333,200200,1080150,0,454000,0,1594312,0
135,000563,2017-11-15,-0.009689922480620172,-0.007751937984496138,0.12054715003108771,2052.0,85218.71466888263,1835,28281638,12395256,2042422,672729,5742856,3282489,3278890,1939688,5299944,2869162,3304390,1717111,1048021,0,0,1273901,7565115,640176
136,000564,2017-11-15,-0.009140767824497242,-0.005484460694698212,0.1792007985230799,5440.0,53595.42299463599,932,11561218,8259088,837167,574904,2411254,2687398,1811054,1683200,2052355,1691010,1668360,272000,1823263,326400,957765,478176,0,546000
137,000565,2017-11-15,0.002460024600245969,0.007380073800737907,0.36152119760264056,7379.0,31898.197456566388,505,4518181,4821874,577744,522854,1622850,1903393,1611991,825805,705596,1059070,0,510752,0,0,0,0,0,0
138,000566,2017-11-15,-0.005376344086021501,-0.004608294930875445,0.48200000569187595,10376.0,142143.0242447655,729,14122277,16872840,869684,559442,3049715,2430377,2365907,1996845,3155324,1584514,450524,507945,664364,753858,461349,0,3105410,9039859
139,000567,2017-11-15,-0.03841807909604522,-0.02824858757062143,0.8879470303356453,15509.5,120435.43132158506,894,28872524,11570804,579416,639200,5753156,3256454,3470309,2676068,3711372,2566832,2904480,962560,1721808,0,1755617,442850,8976366,1026840
140,000568,2017-11-15,0.02139605462822458,0.005614567526555314,1.1886622182022393,98475.0,510318.07310489245,3076,363428924,350324167,479505,895552,8550500,11152244,14725366,26206131,37038331,45403331,34702406,34731852,27134254,24969550,18435176,22561040,222363386,184404467
141,000570,2017-11-15,-0.012499999999999956,-0.010937500000000044,0.2931118238107763,5733.0,75543.87409571276,476,7360003,4763820,657021,363447,1424659,1109598,1482012,791735,1914654,609181,516019,265012,0,0,1365638,439302,0,1185545
142,000571,2017-11-15,-0.01179941002949858,-0.016224188790560534,0.21749208756893096,3355.0,51397.40305695514,972,11461315,5848101,1030977,758934,2944083,1368116,1969499,530234,1911223,683397,2210499,274030,725034,1680710,0,0,670000,552680
143,000572,2017-11-15,0.003984063745019917,0.013944223107569709,0.13198547511372452,9126.0,102522.16831415461,1449,24741588,30534024,1359974,1178263,3911065,5874191,3501077,4488039,4828225,4380452,4093400,3194790,1065644,1671323,838230,1766226,5143973,7980740
144,000573,2017-11-15,-0.016822429906542036,-0.01121495327102795,0.20452121943807625,5360.0,75296.75728809545,684,11782809,4183583,498513,681275,2966813,1722399,2325379,995810,1855580,562448,2090724,221651,349800,0,0,0,1696000,0
145,000576,2017-11-15,0.017273288093769157,-0.0012338062924120985,1.205057166565702,19416.0,205251.2548966859,180,2805448,14620023,192451,97068,1066978,322400,313460,1069456,161200,1164996,411040,921269,660319,656905,0,1800468,0,8587461
146,000581,2017-11-15,-0.005976839745984286,-0.01307433694434057,0.4997049890479161,47754.0,343405.64974159154,2871,254121780,167475758,1345131,772722,12132508,10374956,16144321,16299898,28291304,25234007,26317773,21478064,15805251,17636838,12618790,13714515,141466702,61964758
147,000582,2017-11-15,-0.044546850998463894,-0.029185867895545226,0.27743649986820235,25310.0,91462.06300512828,2204,71757288,46941846,1092474,1375374,12160932,10351220,13455085,10240347,16889145,12396758,11299141,4711649,7177334,3548585,2670757,1355570,7012420,2962343
148,000584,2017-11-15,-0.0077319587628865705,-0.003865979381443174,0.3975693947731721,31140.0,221911.4819346326,1525,67582482,80325119,744212,846585,10285254,5840013,11849582,5464056,15069728,8332979,6290567,2969101,5475950,4786265,4922477,5972647,12944712,46113473
149,000587,2017-11-15,0.03363914373088672,0.01987767584097866,0.15751719581847506,24178.5,218669.28174297482,1730,60168618,99091556,830531,1320242,5939607,6954935,9811451,7384025,12645415,10723279,12081019,10158745,5958556,8359868,3073203,6473219,9828836,47717243
150,000589,2017-11-15,0.00203252032520318,0.0,0.19369307895122057,2470.0,59722.83701999861,645,7118452,4167534,578038,754509,1297924,1002863,1034877,966004,1180662,746693,453053,201465,715001,0,874897,496000,984000,0
151,000590,2017-11-15,-0.019661016949152454,-0.01016949152542379,0.7069188072377361,11624.0,93231.5605272684,435,8860052,5212519,443863,279756,2963982,945202,705920,623477,1960087,725795,754800,789609,0,711340,870600,0,1160800,1137340
152,000591,2017-11-15,-0.021246458923512623,-0.018413597733710985,0.13296130868849,29584.0,240794.6042198027,2827,147989644,111610378,1785105,1803236,11716514,13451461,15028223,13205416,26715137,20957917,13871972,12428590,12826827,7527855,10541760,8135432,55504106,34100471
153,000593,2017-11-15,0.018535681186283792,0.013901760889712733,0.347095921075169,10930.0,92293.57458732088,968,22118904,23750620,793118,861634,2903166,2715045,3623102,3193445,5564542,4410410,4397930,3379250,2304510,2053307,927750,3539471,1604786,3598058
154,000595,2017-11-15,-0.04251700680272108,-0.025510204081632515,0.15282836276674575,11630.0,74121.28724978528,1482,35318124,15159206,1384824,1231509,7191052,5706321,5855499,3258505,7066345,2875299,3730457,1738006,3011733,349566,1862884,0,5215330,0
155,000596,2017-11-15,0.004810495626822231,0.0036443148688045657,1.4491687568437628,34087.5,265853.3208066928,2242,111175615,103935695,1225593,1738127,9195518,12551458,13540792,13207727,16563575,16976356,11592820,9842552,6945267,7407067,7592007,2788263,44520043,39424145
156,000597,2017-11-15,-0.01576763485477184,-0.010788381742738662,0.31280066362894177,21546.0,173272.38032387118,1485,55661437,47454553,655867,1280957,5825709,8003456,5542738,6292041,10193064,8336265,5807337,4281498,4790207,1384821,6244334,2134041,16602181,15741474
157,000598,2017-11-15,-0.010398613518197486,-0.005199306759098632,0.13146524386566558,4600.0,174733.2869227226,1929,44128981,25829408,1722778,916023,6184883,4889545,6743372,3178792,5834413,2504925,2928857,3113525,1050195,1331490,2249718,0,17414765,9895108
158,000599,2017-11-15,-0.0016447368421051989,0.0,0.25407646220745367,4880.0,53961.61745680412,572,6473275,4894510,720358,388598,2051971,1497773,1474581,1134452,1711642,349121,514723,0,0,0,0,0,0,1524566
159,000600,2017-11-15,0.01067235859124871,0.013874066168623411,0.222091187019237,16974.0,133907.60540762322,1781,44552409,49479916,1698283,1635817,8174522,8647261,6729781,6148405,9068687,10235133,4878026,6457827,3949791,3032151,1314246,1300947,8739073,12022375
160,000601,2017-11-15,-0.0012722646310433516,-0.003816793893129833,0.23348603415003027,11745.0,66582.0749170329,1134,18783032,8729473,962697,1188506,6599442,3465246,1721044,1902006,2162100,985837,969221,720059,623198,0,875400,467819,4869930,0
161,000603,2017-11-15,-0.010569105691056957,-0.012195121951219523,0.4195477443378144,14543.0,69927.33836580235,859,18080879,9810816,549915,754615,4818773,3269931,3042175,2257127,3321774,2192877,1921253,1336266,1003610,0,891748,0,2531631,0
162,000605,2017-11-15,-0.024467603081105516,-0.026280018124150484,0.5280018980707402,15092.0,71031.05545533821,1747,35570652,24028008,1528184,1031936,9694666,7754882,6392048,5466712,8336655,6088433,2764771,1736122,1334866,675225,1804692,407898,3714770,866800
163,000606,2017-11-15,0.013874066168623411,0.018143009605122717,0.37547714360431844,13293.0,53100.448659530724,622,6978319,10382546,598315,671071,3000212,3306228,1389577,2810371,1476353,1073288,513862,213380,0,683380,0,841728,0,783100
164,000607,2017-11-15,-0.002812939521800395,-0.0042194092827004814,0.3109883281673263,7100.0,72601.48827749162,522,9580475,4587465,545869,554438,2073089,1622911,1257694,898179,1937914,326834,1078953,0,634656,0,0,0,2052300,1185103
165,000609,2017-11-15,0.0024650780608053147,0.0008216926869351049,0.6227747232855381,12170.0,77186.31814843995,381,5984136,6053294,339881,403882,1884414,1370701,1140214,603594,1485121,608560,201300,971200,303500,387324,0,413919,629706,1294114
166,000610,2017-11-15,0.002941176470588225,0.0,0.6499997369689353,13520.0,70331.28682266499,437,7146798,8001146,411900,279843,1415098,1929197,1707297,1300681,1249602,2524150,985224,1549755,0,0,0,417520,1377677,0
167,000611,2017-11-15,-0.011749347258485643,-0.023498694516971286,0.34803462352696135,7605.0,111122.70105975273,484,11463270,3388597,493596,581840,1855688,1477344,1244004,528224,901553,123065,738959,678124,2237700,0,887520,0,3104250,0
168,000612,2017-11-15,0.0018691588785046953,-0.009345794392523366,0.2713344027204603,10670.0,84307.26610203843,1556,36411524,20477332,1885204,717463,6711869,5716130,6182691,5271208,7382193,2504453,4445943,1257939,1424833,640473,425861,1380248,7952930,2989418
169,000613,2017-11-15,0.0046511627906977715,0.005813953488372103,0.3178021420029669,8780.0,41155.416500562475,732,9189151,7358533,775993,877725,3736444,2349763,2214596,1477071,742176,1525713,1374342,782001,345600,346260,0,0,0,0
170,000615,2017-11-15,-0.0053050397877985045,-0.0026525198938992522,0.23630192576353373,22880.0,114497.86347382907,2293,73202684,66475384,1231095,1366945,10914639,11006882,12642016,11451647,15245825,15001742,8608662,8274906,4210545,4125617,3964528,5340283,16385374,9907362
171,000616,2017-11-15,-0.009661835748792313,-0.009661835748792313,0.16042716888406336,5142.5,47268.829789005336,666,9385219,4642120,882085,500884,3073331,1253912,1670678,571583,2861472,1123487,202704,511822,0,680432,0,0,694949,0
172,000617,2017-11-15,-0.0216110019646365,-0.009168303863785088,0.5702394094196664,7630.0,51071.65190824872,717,7528363,7820658,352730,1168004,1790028,2896274,1341586,1268447,1137309,898809,615340,457966,1702035,705132,0,426026,589335,0
173,000619,2017-11-15,0.002328288707799775,-0.005820721769499548,0.44664589621509215,5136.0,44223.76763409509,369,5589133,2087969,509319,251804,1485714,1020751,1170977,442030,1135169,373384,456593,0,303525,0,0,0,527836,0
174,000620,2017-11-15,0.004680187207488418,0.0031201248049921304,0.21592966255060642,644.0,62604.28803277376,881,7942467,5745691,792746,348174,1882809,1075180,916881,1232914,1816771,365197,256000,931026,1254860,0,0,499200,1022400,1294000
175,000622,2017-11-15,-0.005253940455341555,-0.007005253940455369,0.30754487238936506,7666.5,49663.617091108674,344,5630579,1991369,516302,287189,1058946,738916,918064,372145,1329038,113400,815331,479719,992898,0,0,0,0,0
176,000623,2017-11-15,0.012783505154639219,0.003711340206185465,0.46405808720932323,48600.0,252277.4137454829,2732,187283556,160006820,1146384,987355,12915049,11848689,15278916,17305415,25334382,28491250,25906820,20050894,17723103,12028170,13977129,11142166,75001773,58152881
177,000625,2017-11-15,0.0030326004548901775,0.004548900682335155,0.2675859767390023,26320.0,277938.37064776896,2431,109560517,134077316,1158139,1749585,10026686,11423721,10548275,11994344,13929932,17470895,11459438,16239141,6117886,10163912,5112955,14079428,51207206,50956290
178,000626,2017-11-15,-0.007857142857142785,-0.013571428571428568,0.41980767341500336,15356.0,72441.48047938509,1112,18602806,21122933,788849,1080601,4997391,6673578,3779244,4113738,2779327,3676477,1906614,2184546,321225,1341212,0,825681,4030156,1227100
179,000627,2017-11-15,-0.028301886792452713,0.01226415094339628,0.183717642145206,76325.0,318296.9929825642,3337,289612455,320963010,821541,825667,12413792,11243419,21566105,18560738,38956185,39119165,35059877,33119280,29304674,27740528,24924810,34198392,126565471,156155821
180,000628,2017-11-15,0.0022050716648289725,0.004410143329658167,0.3807352245393759,4550.0,30821.38378607743,567,4840021,3718060,629686,576573,1578518,1302982,1222146,1050879,896951,511898,512720,275728,0,0,0,0,0,0
181,000630,2017-11-15,-0.010752688172043112,-0.0035842293906810374,0.05385458158432334,10842.0,190905.6797496848,2721,75421201,44706804,1647495,2950653,9568288,12733423,8735994,8220247,8601037,8233276,4480890,2394150,3083974,1551493,3557115,0,35746408,8623562
182,000631,2017-11-15,0.0022883295194506825,0.006864988558352492,0.11890059781278423,6959.0,84969.38381535636,1355,20416155,14534854,1729593,905937,4833849,4434365,3497291,1616605,5106811,2541091,1308381,706635,639055,1271489,1318087,853732,1983088,2205000
183,000632,2017-11-15,-0.0029673590504452063,0.0,0.32185848736121503,6740.0,54260.274305079794,438,6105865,4492243,527851,271913,1631891,1195143,1666575,632207,820377,1125835,0,429528,987251,356017,471920,481600,0,0
184,000633,2017-11-15,-0.01855670103092777,-0.008247422680412342,0.2989753212495705,9790.0,64866.84731408189,1053,19753890,10839215,1300753,1171862,5101907,3768648,4153084,2620013,3372928,1536664,1057434,540831,1345930,318498,1866034,0,1555820,882699
185,000635,2017-11-15,0.021531100478468845,0.028708133971291794,0.514452901962779,16885.0,62700.578507287915,1056,13774472,28167773,819869,772323,4601728,5462331,3817927,5917855,3231671,8444743,669335,3473782,633942,1786162,0,443961,0,1866616
186,000636,2017-11-15,0.008547008547008739,0.007692307692307665,0.2076382532563963,72134.5,486488.8466129576,3190,342983184,317486189,1002030,614102,13521341,9886487,19946207,12602128,41402244,33833822,33482156,28576913,31032421,23433355,19383960,17775167,183212825,190764215
187,000637,2017-11-15,0.006482982171799101,0.0,0.2986500786008631,9864.0,69778.07601691326,426,7691987,4209835,308095,449401,1823710,1459726,1735546,1193688,1243769,858059,724789,248961,715445,0,0,0,1140633,0
188,000639,2017-11-15,0.017250673854447562,0.017250673854447562,0.5620602956186057,13083.0,100576.92428740808,1089,18335292,19602847,992415,940040,5162571,4620637,2876359,4464220,3641116,3385371,450137,1182739,1969259,676100,1379435,403620,1864000,3930120
189,000650,2017-11-15,0.0017361111111111605,0.003472222222222321,0.18981711854000377,6936.0,60987.230544462815,921,12998769,10947839,649731,958262,3610460,3171403,2164333,2326827,3362429,2063994,206640,1139749,302957,0,866523,0,1835696,1287604
190,000651,2017-11-15,0.017457475380483478,0.012757385854968772,0.7486354742654497,328719.0,1026118.4132472363,3563,1031111099,1136269121,175213,148536,3283997,4411824,9883676,14600482,32946906,42062916,38094677,63396689,49228307,58598809,40911684,65972297,856586639,887077568
191,000652,2017-11-15,-0.015841584158415856,-0.00990099009900991,0.15561252185837107,9000.0,90289.61117285959,1054,24474643,9542018,928649,1041809,4574779,2532893,3143367,2299757,4067850,1888445,2177312,773114,332136,0,1707786,0,7542764,1006000
192,000655,2017-11-15,-0.011749347258485643,-0.011749347258485643,0.23696337062772638,8338.0,81988.74915499071,1045,21222730,8989685,1191045,848799,5260976,2667328,4799245,1927769,3533676,1172794,1276127,493957,762765,763067,403894,427337,3995002,688634
193,000656,2017-11-15,-0.004319654427645703,-0.010799136069114423,0.13292819768319009,5967.0,90568.92307160095,1215,23909051,14293869,1129939,1249802,3829076,4126619,2988826,1760053,3565232,2181449,3346138,1263143,1712720,1021866,1811474,2138937,5525646,552000
194,000657,2017-11-15,-0.016793893129770865,-0.009160305343511421,0.3953748503950515,11709.0,94324.5287620339,1098,25685813,13726028,673752,1082001,4554270,4410019,3922087,2842867,4396804,2735127,2923351,1100790,2538193,1080359,1812750,474865,4864606,0
195,000659,2017-11-15,-0.0078125,-0.0078125,0.16415292698272407,7660.0,114038.47827158446,547,14400206,5488652,496879,466068,2103868,1813974,1291361,1404759,2603718,628358,1689156,471397,0,704096,898700,0,5316524,0
196,000661,2017-11-15,-0.016298693792625274,-0.019304126690556034,3.610770932026225,69008.0,353751.7940449384,2299,212740128,186857893,0,0,6862277,10283670,14648109,15104281,27940420,28191820,25332504,15390595,22732034,14464979,12830775,13091402,102394009,90331146
197,000662,2017-11-15,0.017252002464571925,0.014171287738755423,0.5700196190507202,18084.0,86699.15817363292,810,22784782,15545854,721244,580955,4037046,3352317,4705376,3677262,5859982,4703397,2308689,267795,703965,1699463,1348832,0,3099648,1264665
198,000663,2017-11-15,-0.023121387283237094,-0.023699421965317935,0.5831393556735223,13688.0,79152.37316740437,880,16908533,11522837,770300,729924,3954603,3871845,4063680,2419281,2102469,2641604,1560613,762037,979608,691579,494160,406567,2983100,0
199,000665,2017-11-15,0.0,0.001848428835489857,0.4556581067684188,12984.0,68453.17897665754,563,10963315,9411013,428659,427623,2504355,2343542,1700951,2558939,2628723,1802395,510630,728718,2062637,1126100,434000,423696,693360,0
200,000666,2017-11-15,-0.019672131147541072,-0.01733021077283381,0.514382205199327,16720.0,86288.92726853589,1723,49783392,27219003,1230038,916051,7671328,6661014,10122548,5381941,11826550,7258539,8360047,3672234,2715512,319158,2656797,1798083,5200572,1211983
201,000667,2017-11-15,-0.003144654088050425,-0.0062893081761006275,0.08510861727635974,317.0,42408.285607564096,1400,11857668,3026289,1269435,434759,3363267,896310,1027513,672357,1620512,263744,783996,759119,1599042,0,947915,0,1245988,0
202,000668,2017-11-15,-0.0012531328320802837,-0.00877192982456143,0.9310778149888054,6336.0,22055.27301285061,293,2200735,1907271,429134,120954,1146262,926552,513139,319941,112200,539824,0,0,0,0,0,0,0,0
203,000669,2017-11-15,0.0013458950201885589,0.0006729475100941684,0.6068465199882994,11920.0,53619.85524162577,599,9199291,10243387,660382,423000,2403734,1884257,1807849,2769751,2017336,3393289,1530315,1114298,358160,658792,421515,0,0,0
204,000670,2017-11-15,-0.016105417276720435,0.0,0.13313861134885616,18846.0,97925.32856587994,2639,67292381,56071837,1837844,2201686,12092954,13148391,12820295,11288340,16391723,13767097,7703400,6131873,2604094,3829485,1335135,1375246,12506936,4329719
205,000671,2017-11-15,0.014610389610389518,0.006493506493506551,0.13586452720426703,11052.0,155576.61289293077,2061,63618622,55793189,1688723,1525262,6876677,7228892,8416315,6089925,10078136,7402608,6581674,5201000,6597862,5807410,2585881,3600470,20793354,18937622
206,000672,2017-11-15,-0.003960396039603853,0.002970297029702973,0.21432425548266526,20979.0,119605.98553572404,2222,58630348,69900095,1567116,1360076,10913960,10806388,10203990,9622006,11998441,13822443,7050322,8113943,4209495,4371141,4597815,3181811,8089209,18622287
207,000673,2017-11-15,-0.006655574043261225,-0.0024958402662229595,0.4617127436936599,14352.0,96381.88709769685,677,15699464,11331061,525400,462357,3165283,3783351,2718716,2162454,2392040,1818073,1285707,245552,989041,1335503,495510,955187,4127767,568584
208,000676,2017-11-15,-0.028897849462365732,-0.022177419354838745,0.3521941825157447,14550.0,96665.01610679044,1786,48064728,24173706,1449721,926795,11836946,6146064,8429684,4757395,8043421,4797759,4407730,2030624,2013742,1071464,2201953,476800,9681531,3966805
209,000677,2017-11-15,0.0,-0.002277904328018221,0.21131171722239345,4380.0,43773.598753677725,431,4989599,2635116,475747,380056,1492743,1189333,692049,861009,431238,204718,642466,0,345667,0,909689,0,0,0
210,000678,2017-11-15,-0.0062266500622664145,-0.0062266500622664145,0.41473569816654987,7960.0,29212.516020714764,374,3901764,2530001,532603,432797,1464530,1107971,1102303,443769,802328,236616,0,0,0,308848,0,0,0,0
211,000679,2017-11-15,-0.007425742574257432,-0.00990099009900991,0.37356765719388424,8010.0,36629.294924068156,467,6601942,3025127,514168,500757,1696999,1741352,977022,783018,2660892,0,752861,0,0,0,0,0,0,0
212,000680,2017-11-15,-0.016981132075471694,-0.013207547169811207,0.15337707668301293,6812.0,75091.33944290364,1195,22171645,9096520,1092260,879149,5465458,2977864,2821703,2105737,4350137,873157,2378520,1873593,1031446,387020,1420684,0,3611437,0
213,000681,2017-11-15,-0.015625,-0.012499999999999956,0.6288055874540879,11292.0,73180.80030400283,933,18679777,11075988,817967,1022765,3423059,4329430,3265321,1947052,3694671,2515896,1843965,543486,680160,717359,458355,0,4496279,0
214,000682,2017-11-15,-0.0039525691699603405,0.001976284584980448,0.19273824136585957,5100.0,52616.76657073901,689,7504549,6787126,764312,471731,2390384,1929335,1928980,998601,1041399,814249,202104,1412385,399739,679974,0,480851,777631,0
215,000683,2017-11-15,-0.006734006734006703,-0.0033670033670034627,0.08226539282634725,5920.0,83542.41770567257,1311,21040207,13803663,1326515,1189980,4814380,3836290,3876834,2071454,3267221,1896145,1829517,1426867,1265550,1445072,411600,462855,4248590,1475000
216,000685,2017-11-15,0.002849002849002913,0.002849002849002913,0.25340807211481853,2120.0,77329.58671269352,1727,13008734,20183125,2053764,1040901,3622690,3609629,2221408,2542010,1646921,2021086,1468566,2613874,0,1703745,1373752,1864694,621633,4787186
217,000686,2017-11-15,-0.0031055900621117516,-0.0020703933747411307,0.23967004569275413,14505.0,101139.64854237375,1625,41018654,31543304,1307784,1415349,8731833,5714067,5903421,5104922,6970343,7196077,7113902,3775374,4055638,1394456,2669788,1739797,4265945,5203262
218,000687,2017-11-15,-0.006949806949806958,-0.001544401544401497,0.37347494783404656,13020.0,134761.19444683605,1202,32242072,25399551,1076106,828736,5106966,4862621,4901879,4415123,6546613,6270455,4241137,2495288,779958,1730740,1292961,882333,8296452,3914255
219,000690,2017-11-15,0.0,-0.0012836970474967568,0.2506640068044783,15580.0,92392.62797774338,966,23267072,21992958,1013425,620242,4184705,3978622,3050111,4387960,5594824,4662873,4403608,2364563,2635161,1435128,1880712,496364,504526,4047206
220,000691,2017-11-15,0.0,0.0028860028860029363,0.45906586657246473,11832.0,47694.80438416418,227,4476499,2475560,165200,223450,923709,770148,951755,747643,1878033,734319,210399,0,347403,0,0,0,0,0
221,000692,2017-11-15,-0.02857142857142858,-0.01848739495798324,0.25651150793206057,5960.0,63970.405783089656,538,10048177,6099962,442740,496807,1578375,1552335,1976071,1322061,2257186,1600859,2256435,684470,351000,0,416130,443430,770240,0
222,000697,2017-11-15,-0.01623931623931618,-0.013675213675213738,0.5563160947752729,22980.0,145531.55995643634,1770,64270830,57470945,1313709,1275436,7192848,9051111,8873091,6337808,11775255,12548270,9587547,8169344,2979673,6047750,2761111,2700061,19787596,11341165
223,000698,2017-11-15,0.026186579378068675,0.013093289689034338,0.17017728466117493,1843.5,75273.24300174847,1290,9369286,18354503,426524,1542189,1931580,3016702,1766853,2136905,2693602,3040417,292020,1471153,1711507,2325343,0,480033,547200,4341761
224,000700,2017-11-15,-0.009287925696594312,-0.010835913312693513,0.2303630025209819,6435.0,66476.00889266678,786,14262227,6192408,877200,398897,2922141,2356968,2696482,1854722,2559171,542921,1226873,0,988223,0,405130,479136,2587007,559764
225,000701,2017-11-15,0.009385665529010101,0.010238907849829282,0.31945352928419307,7113.0,57748.22085133755,1346,12883315,17870928,1455690,1337605,4554591,5580575,3267075,3591720,2272273,3183868,975786,914470,357900,683122,0,411768,0,2167800
226,000702,2017-11-15,0.0,-0.004932182490752002,0.2943018277222257,5649.0,36351.34000574529,759,9334740,4349482,1227379,531161,2819628,1513059,2820509,820446,1790257,649696,676967,0,0,389620,0,445500,0,0
227,000703,2017-11-15,-0.008354755784061751,-0.001928020565552746,0.36980721742556194,9258.0,125538.34667722968,1771,55797621,24085373,2150267,983264,7710232,4381567,6441334,4016680,8917699,5865117,6472682,2181687,3903987,1430558,1835499,1441852,18365921,3784648
228,000705,2017-11-15,-0.0031678986272440923,-0.0052798310454066355,0.3689835340541641,2850.0,39357.97423607056,658,6403414,3896535,773276,561698,1913668,1771048,619839,640343,1614247,291028,1027824,238139,0,394279,454560,0,0,0
229,000707,2017-11-15,-0.0031007751937984773,-0.009302325581395432,0.2982391761691531,8307.0,49588.80226464719,467,7047981,4284145,878262,274740,1624206,1267635,1644490,789426,2355540,1245065,0,289993,0,0,0,417286,545483,0
230,000708,2017-11-15,-0.01635322976287823,-0.010629599345870822,0.38271211318439524,7362.0,75302.33440477574,1021,19684666,10318527,1732632,651574,4514772,2853894,2597285,2068360,3909560,2340150,1426485,1201747,1097260,0,405015,499317,4001657,703485
231,000709,2017-11-15,-0.007159904534606243,-0.0023866348448688957,0.07829967860857956,21343.5,320710.3932170877,2884,161730420,124881686,1963124,1665458,15333388,9269525,15371762,9045798,18760776,13218542,16550011,10635506,8939383,7583510,10431018,7680869,74380958,65782478
232,000710,2017-11-15,-0.034596612115991965,-0.03861613551536025,1.3958367918995005,53752.0,240210.61615089033,2496,177079802,124254298,736789,1238524,9841009,11008533,16300866,15731762,27434287,21709689,23494008,16594045,16375363,15023698,12572931,7484634,70324549,35463413
233,000711,2017-11-15,-0.029088050314465486,-0.021226415094339757,0.31439059330495067,13772.0,80947.04014600249,1639,39678623,23630416,1415786,1169876,8682051,6302534,8614733,5207585,7059594,4940521,3095525,1771282,3399724,2444497,938520,1794121,6472690,0
234,000712,2017-11-15,-0.014285714285714124,-0.016483516483516536,0.44065144326348554,19789.0,141133.79224300687,1707,63071690,44163099,1108579,1175710,8099569,7815223,7851224,7188697,14543915,7816112,7266683,4041126,4905990,2811720,4858988,4622854,14436742,8691657
235,000713,2017-11-15,-0.007874015748031593,-0.006561679790026198,0.4215568505139173,4545.0,35292.906625963915,326,3485339,2030754,375112,308175,992492,715230,1136238,136160,778133,524644,203364,0,0,346545,0,0,0,0
236,000715,2017-11-15,-0.010617760617760541,-0.010617760617760541,0.41651368574408676,3105.0,50398.976074611855,618,7990945,3073036,1070194,226118,1874067,696341,1173224,841223,1064003,1000654,421236,0,950695,308700,871057,0,566469,0
237,000717,2017-11-15,-0.00548847420417109,0.003293084522502765,0.16184440632864946,56916.0,618611.40202194,3177,291412509,262651946,1290704,1098851,13167551,12071575,20381058,19253083,31767419,35969003,22915131,26713927,23248263,19183425,13897012,16824301,164745371,131537781
238,000718,2017-11-15,-0.0019305019305019266,-0.0019305019305019266,0.1578340909948997,2585.0,99982.74248575965,1078,12036897,8741425,700753,1307559,2066814,1864705,1680357,1110611,1296604,1131502,1131322,1032003,0,391090,891465,0,4269582,1903955
239,000719,2017-11-15,0.0040567951318459805,0.006085192697768749,0.3986949702669846,3968.0,50534.20495876631,611,6949865,4314714,538582,634708,1703296,2277579,2110318,850216,1023999,552211,210609,0,373085,0,0,0,989976,0
240,000720,2017-11-15,-0.02268041237113394,-0.01855670103092777,0.18561293482120714,7185.0,80471.4571476424,683,10295678,7738006,580655,800931,2784232,2566801,1609168,750544,1751845,1706902,1204586,952378,0,0,880600,0,1484592,960450
241,000721,2017-11-15,-0.019461077844311392,-0.017964071856287456,0.26477514225144694,6580.0,31535.666800664563,636,8432050,2401090,1022392,537342,2820308,1355350,1704839,508398,2061290,0,498663,0,324558,0,0,0,0,0
242,000722,2017-11-15,-0.027247956403269713,-0.028156221616712163,0.36534442998877315,10910.0,96387.47431299846,908,20167537,11934608,693548,914267,3773685,4324158,3131073,2605414,3374499,1612153,1997091,0,1746110,303996,1883371,0,3568160,2174620
243,000723,2017-11-15,-0.00486026731470246,0.0012150668286754485,0.20710475798992484,8140.0,74244.04814724464,1581,30564363,20111222,2276095,1274613,5498917,5074966,5464522,4165083,5274591,5490469,3205911,2924439,1702587,329265,2975838,852387,4165902,0
244,000725,2017-11-15,0.008103727714748654,0.006482982171799101,0.10300023678558251,811966.0,3353164.551068974,3602,2753011868,3782992034,0,0,329524,581075,2905175,3542306,15808797,20642219,27999257,42156618,40877882,62380723,38276511,70816301,2626814722,3582872792
245,000726,2017-11-15,0.0036166365280287938,0.001808318264014508,0.3100695873593245,8876.0,48796.53707411876,1272,14780201,14528871,2504529,678683,3702268,2890618,3779321,2248392,2260202,4554390,1203363,2362482,326270,1794306,443600,0,560648,0
246,000727,2017-11-15,-0.0072727272727273196,-0.0036363636363635488,0.07365437064566148,5775.0,123935.80750796042,1404,34317227,15516416,1418891,1051571,5118963,3503616,4299613,2755792,3878331,3078813,1335462,1516625,1958924,684756,1688100,1437174,14618943,1488069
247,000728,2017-11-15,-0.0174603174603174,-0.0015873015873015817,0.27204110549928645,21420.0,157817.1905481989,2146,73306249,68428912,1303092,1208578,8646986,10778277,10721835,9869591,15161538,11439028,11415192,7357969,4986078,6656635,1832808,2750835,19238720,18367999
248,000729,2017-11-15,-0.003284072249589376,-0.003284072249589376,0.15570877138489556,4277.0,48496.59585658539,1531,18788922,9423194,1752936,887439,5966429,2511630,5030847,1494511,2153197,2354377,933818,855877,634502,304000,904704,496736,1412489,518624
249,000731,2017-11-15,-0.0039011703511053764,-0.002600780234070288,0.24352331489394927,7660.0,74055.5789168118,997,18359717,17598709,1109666,813901,3743906,2376111,2596457,1903376,3156191,3052443,4479782,3392650,2334383,5636728,402432,423500,536900,0
250,000732,2017-11-15,0.0023809523809523725,0.0,0.5043714230776403,6728.0,65442.91283138756,1109,15281954,14815785,1193564,732225,3713772,3597991,2585112,3502525,2354301,3037619,1762911,1574651,2045019,665265,0,0,1627275,1705509
251,000733,2017-11-15,-0.01719745222929936,-0.01273885350318471,0.4778734754175479,15490.0,96146.40252542206,1079,26164360,13242915,994958,851578,5315492,4572889,4218540,3762573,6558156,1482051,1206188,913276,1402083,1077048,435798,0,6033145,583500
252,000735,2017-11-15,0.011688311688311748,0.003896103896103842,0.17558458309271024,21364.0,171935.75440788936,1926,76864816,62141014,1138400,1758537,8075151,8948478,8254796,9352434,11745922,11504869,7138801,7312146,7071342,8300765,6162040,4971439,27278364,9992346
253,000736,2017-11-15,0.007265521796565366,0.00792602377807139,0.5301469559933366,9138.0,35493.83901527687,815,9225606,6877583,1038824,660373,3715673,3404625,2109249,1316280,1574076,859726,280488,260091,0,376488,0,0,507296,0
254,000737,2017-11-15,-0.011589403973509937,-0.004966887417218624,0.18477785139898037,9045.0,50961.84288111992,1069,15555962,10918008,1114875,1014215,4570455,3779259,3394187,2595111,3187205,1559078,483151,915852,667470,624056,973850,430437,1164769,0
255,000738,2017-11-15,-0.018062397372742067,-0.014778325123152691,0.4664508477913638,12655.0,85529.3097313281,1534,35272259,21104141,1811767,1564129,6606956,6342521,6526975,4682983,8096923,2840677,2690468,919171,1841197,2498192,3298299,440663,4399674,1815805
256,000739,2017-11-15,-0.014285714285714235,-0.01285714285714279,0.2628281528743597,6880.0,126070.69181804691,709,15881598,4204162,1109436,468817,2818616,1446405,2486221,733362,1564626,1126830,1826052,428748,1010920,0,492660,0,4573067,0
257,000750,2017-11-15,-0.011070110701106972,-0.005535055350553542,0.13240389051169324,10298.0,122552.11714885515,1679,48340973,28324133,1014760,1757587,5802258,5893015,6263515,4785017,5528581,4067417,8482662,4698083,6634901,1721957,2119941,866684,12494355,4534373
258,000751,2017-11-15,-0.015384615384615441,-0.013461538461538525,0.1212107754508604,11753.0,194567.53865002922,1845,55611067,35237718,1055359,1804339,7062689,8408252,5783231,6241256,5694684,6177913,5491011,3925536,1640968,1344696,4910508,1799754,23972617,5535972
259,000752,2017-11-15,-0.009523809523809601,-0.00659340659340657,0.6852645893318163,10964.0,38957.64823387797,396,5425064,3201503,532373,350495,1843891,1599661,1401271,570097,662775,681250,461530,0,0,0,0,0,523224,0
260,000753,2017-11-15,-0.0071428571428572285,-0.004761904761904856,0.17434545163026682,4800.5,40459.99710626877,580,6021668,5499185,495601,621097,2002556,1461494,1195993,1155964,1176713,810404,1150805,1450226,0,0,0,0,0,0
261,000755,2017-11-15,0.03609022556390973,0.016541353383458635,0.16114035659404735,12294.0,99235.77654898008,1709,30445183,36706104,1301762,1552084,6982092,7085988,6629283,6243851,5863687,6034669,2777191,3298102,2181535,2958463,486804,1888269,4222829,7644678
262,000756,2017-11-15,-0.0038022813688212143,-0.004435994930291454,0.437431356568585,15630.0,100395.20943744537,1303,24363320,24067260,620353,1307782,7906566,5944614,3949097,3608688,3492980,2927771,3030781,2927982,1426233,366210,1843387,887736,2093923,6096477
263,000758,2017-11-15,-0.013333333333333308,-0.013333333333333308,0.1569110603210659,10005.0,160027.28068947326,1853,51385150,32777154,1264313,2144387,6436815,7418095,6574847,5538997,5642867,5565644,3510858,2842753,3353840,1788107,3198075,2557316,21403535,4921855
264,000759,2017-11-15,0.013184584178498993,0.0040567951318459805,0.2965131654592454,14775.0,78356.07005706604,1106,19138185,19220200,953286,1157100,4934055,6302664,3671236,3430051,3993218,3610546,1296497,1844745,1035100,319770,1913343,938956,1341450,1616368
265,000760,2017-11-15,-0.022842639593908642,-0.022842639593908642,0.26007627074564493,7700.0,53022.83762423567,918,15932965,7405565,1151980,751140,3344390,1986125,4956849,941401,3435913,1194513,1695797,1022692,1348036,386000,0,486990,0,636704
266,000761,2017-11-15,-0.012411347517730431,-0.007092198581560294,0.13155541354658015,6696.0,116588.74091956782,1842,50666726,29902882,1658271,847866,6168854,4259326,8500775,4684980,12345569,4999923,5663924,3417882,3454640,4073289,2663657,898942,10211036,6720674
267,000762,2017-11-15,-0.03498190591073569,-0.0277442702050662,0.3279723136948051,32340.0,188475.64364261724,2558,129152551,103463989,1050426,2034625,10381170,12738572,14523055,14154000,22822004,20936403,15023968,11009965,11582517,10461644,7024204,5327315,46745207,26801465
268,000766,2017-11-15,0.014981273408239737,0.0022471910112360494,0.5443329619651937,13390.0,101815.05139031203,601,15057916,7035084,535872,460531,2963764,2208347,2041703,1588399,2965843,1032726,1227311,692521,704286,380560,410868,0,4208269,672000
269,000767,2017-11-15,-0.012499999999999956,-0.006249999999999978,0.1458830470214642,5389.0,79873.56542919381,481,8250245,3642169,491479,350696,1959236,1142600,969697,600362,1904464,0,469177,0,318000,630111,0,0,2138192,918400
270,000768,2017-11-15,-0.018918918918918948,-0.01297297297297284,0.40125225354810645,23978.5,148724.84314456346,2126,87481727,60804391,1259681,1631198,11323867,10230997,13001234,10122519,16278946,11659114,9536610,7008170,7099022,4508251,4015517,3549965,24966850,12094177
271,000776,2017-11-15,-0.005574136008918651,-0.0011148272017836858,0.3542868104563314,36180.0,261262.87334127654,2565,151953873,156254682,976912,1442017,10679827,11265113,13300894,14529999,23911471,22053908,12523298,17519152,17490276,14076945,9804161,9296747,63267034,66070801
272,000777,2017-11-15,0.005373134328358287,0.011940298507462588,0.4702495852331635,16670.0,105341.82512340728,1269,29502973,24575846,1235695,904094,6579133,6294454,4679454,4555043,5121459,4521900,3016599,1431408,1347040,1744380,905369,0,6618224,5124567
273,000778,2017-11-15,-0.013468013468013518,-0.006734006734006703,0.1230964497558861,18398.5,186027.1283656371,2334,98612277,58825782,1535698,1420039,11766176,8940987,10784356,9073929,17952065,12310821,11576364,5027369,6666303,4678219,5531106,3537152,32800209,13837266
274,000779,2017-11-15,0.0017502917152858455,-0.0064177362893815815,0.6050632970434956,13643.5,54505.12433361391,802,12909273,11209133,542303,767088,4183041,3787941,3013796,2644395,2982705,1902097,767994,799772,682652,300256,0,496984,736782,510600
275,000780,2017-11-15,-0.008016032064128265,-0.006012024048096198,0.18553415425150613,1976.0,44465.29184030596,723,6039147,5342584,457594,814784,1876993,1287702,995305,674096,1019791,1522542,700464,547470,0,0,989000,495990,0,0
276,000782,2017-11-15,0.0010964912280704286,-0.0010964912280702066,0.44455033397030136,10021.0,49147.42706244994,420,6698522,4347424,497313,336357,2177766,1948594,1135510,1186272,937186,592569,430903,283632,1068980,0,450864,0,0,0
277,000783,2017-11-15,-0.0011210762331838042,0.0022421524663676085,0.22450901098776715,11634.0,135884.12811996107,1579,38473283,32837372,2148625,1818242,6402963,6775215,6078801,4018086,5846722,5353995,1768179,3936811,1012789,2258613,3705034,2599000,11510170,6077410
278,000785,2017-11-15,-0.010763209393346518,-0.011741682974559797,0.509821275643411,10120.0,57200.043664757395,401,7137717,4162984,227485,353917,1491495,1447243,1717425,1026497,2239699,603077,746523,0,715090,0,0,0,0,732250
279,000786,2017-11-15,0.01983471074380172,0.020247933884297575,0.41368586388784173,106964.0,355895.9722396099,3429,352684824,397114243,527817,540391,10114952,11054846,19111745,22253545,46960199,45436876,36514499,41212161,36839400,30363695,30710901,25702108,171905311,220550621
280,000788,2017-11-15,-0.004371584699453646,-0.003278688524590234,0.37582275217429656,9180.0,51148.957394275945,592,8860325,7941423,544734,810167,2476611,2334254,1882287,1798196,1843720,1622276,1263967,731167,320877,645363,0,0,528129,0
281,000789,2017-11-15,0.02310231023102327,0.025302530253025424,0.17820337878269388,41998.0,274496.4695791001,2610,129042833,170311225,1102067,1615803,9308447,12167709,13870339,16849685,25157763,26818220,15130243,20725431,8772711,16872406,10332559,11667607,45368704,63594364
282,000791,2017-11-15,0.036247334754797356,0.02771855010660973,0.1824557457634347,35568.0,174811.28594267354,2647,113067672,130073115,1412595,1503797,13291042,12010385,14964158,15643401,18276918,25052762,14135927,16665538,10591181,12119214,6213126,12557349,34182725,34520669
283,000792,2017-11-15,-0.08650065530799478,-0.08322411533420704,0.2573454219660398,144738.0,914139.1100434152,3523,683921882,626776241,330481,664181,7706842,10907867,16202244,20780772,40668728,49857784,40793210,49442892,41677721,44230962,42145358,38923640,494397298,411968143
284,000793,2017-11-15,-0.01060752169720347,-0.0067502410800384105,0.29281970589894657,10405.0,328680.1773087718,1254,77379354,41659699,906188,1106859,2995956,3964961,3666372,3034846,5964259,6057500,4987899,5940734,2442599,4738664,2623477,2123735,53792604,14692400
285,000795,2017-11-15,-0.02003081664098616,-0.02003081664098616,0.1493476196070405,12740.0,75150.58456616638,1891,42422475,23616249,1307742,2170387,9116561,7862380,7300152,4701345,8277389,5124524,2317420,1305461,3734822,1486092,4111374,451500,6257015,514560
286,000796,2017-11-15,0.014285714285714235,0.007857142857142785,0.4170250443059126,14090.0,52857.35305055396,1127,17149237,15527111,1012629,983084,5823572,5450492,3928373,3046721,3295983,3262456,2008090,632640,0,978980,0,479060,1080590,693678
287,000797,2017-11-15,-0.0007225433526011349,0.005057803468208055,0.3500483948831613,27780.0,170866.52558998246,1564,67885464,50954892,1023647,1098566,6865115,7521618,8768553,6845905,15117393,8989874,6927256,5891402,3781130,5075910,4976526,3996467,20425844,11535150
288,000798,2017-11-15,0.0011286681715574343,-0.011286681715575564,0.4476147073361913,8810.0,27060.109582931298,391,4526781,2576582,479986,387157,2212007,1300150,1064667,459010,506421,430265,263700,0,0,0,0,0,0,0
289,000799,2017-11-15,0.022996515679442497,0.020209059233449622,0.5356180829496516,37765.0,185942.9490979702,2872,131664548,136235668,1036102,1548458,12872832,15696187,16368113,17304122,26579650,25295436,13244195,17726316,14228090,10753678,8043537,9126941,39292029,38784530
290,000800,2017-11-15,-0.02627118644067805,-0.021186440677966045,0.25563188287716115,28800.0,239211.2323725183,2133,118723265,82969241,945854,1262648,9433769,9396536,11923802,9731816,16670992,15360106,12818437,10412860,6504386,6204832,9365256,6315744,51060769,24284699
291,000801,2017-11-15,-0.011034482758620734,-0.012413793103448256,0.2533029783235884,8604.0,70457.36898436252,819,14220154,8672432,752735,832578,3515467,2633714,2948646,1800624,2655867,738852,480160,1433840,358500,357500,1356460,0,2152319,875324
292,000802,2017-11-15,-0.017349063150589816,-0.013185287994448291,0.3909754222958882,14430.0,98521.1244031699,1358,36883141,18854944,1009330,1262848,7488258,7141235,5950220,3803176,6704682,3702450,2257541,559650,2163205,768255,3596563,439931,7713342,1177399
293,000807,2017-11-15,0.016682113067655324,0.023169601482854407,0.19181072515315395,81249.0,466075.35501623485,3172,306422578,319982667,724626,894368,9798417,11349249,24630157,19897617,39101285,42808527,30527822,31694291,23949519,23883725,16894341,16030000,160796411,173424890
294,000809,2017-11-15,-0.009756097560975618,-0.004878048780487698,0.2285464161809206,10225.0,57638.695949213004,321,6094750,3569615,217807,247789,1409026,1142616,969051,851825,1557828,548657,1242950,0,698088,373526,0,405202,0,0
295,000810,2017-11-15,0.0019047619047618536,0.004761904761904745,0.42733218994506184,7399.0,34405.31113112106,603,6645048,4563724,621636,628529,2478009,1659166,1722603,1277041,1162979,545106,659821,0,0,0,0,453882,0,0
296,000811,2017-11-15,-0.007033997655333968,-0.004689331770222682,0.32272219946028274,12780.0,78831.52499368951,698,12783100,12296242,597873,797263,3498715,2775588,2231687,3004064,1849423,2575369,1284654,2174350,343440,969608,857808,0,2119500,0
297,000812,2017-11-15,0.003694581280788256,-0.006157635467980205,0.38671897496654273,8090.0,38650.27163918715,440,5754951,3466500,552533,397700,2319830,1380675,1299197,539710,575007,939435,200384,208980,0,0,808000,0,0,0
298,000813,2017-11-15,0.01382488479262678,0.025345622119815836,0.24307513189804278,15061.0,109411.85247701865,1276,31565364,28354927,1428935,970660,6118912,5140686,6649429,5236366,6180810,5058980,3709945,2207361,2452674,1069560,1371692,0,3652967,8671314
299,000815,2017-11-15,-0.005133470225872738,-0.006160164271047264,0.6050770120407741,19320.0,64823.32703059349,1037,24611229,13318365,978579,1000197,6987570,3969820,4632829,3773099,4989874,3441202,1970534,558647,1459874,0,1298090,0,2293879,575400
300,000816,2017-11-15,-0.014705882352941346,-0.009803921568627416,0.096709761247737,11340.0,97810.39971717181,1786,42344219,26186270,1548428,1403524,8886700,6236500,6656325,4407505,6685444,3788089,3837392,4304873,5841446,3161225,3013478,478710,5875006,2405844
301,000818,2017-11-15,-0.012280701754386003,-0.014912280701754432,0.3808386964559035,12457.5,91914.73857473861,896,24359485,14053687,759386,455168,4591976,3393397,3535889,1936756,5736822,3171852,3182719,992543,1702359,661455,2337967,906197,2512367,2536319
302,000819,2017-11-15,-0.010638297872340496,-0.014893617021276562,0.40269254143718625,13880.0,74323.16269260689,1226,24578934,17995510,723733,1424476,5430947,5441826,4763105,4881863,6286270,3501239,2354424,1751246,1393904,0,407833,433680,3218718,561180
303,000821,2017-11-15,-0.03165374677002586,-0.019379844961240345,0.40009893077132735,23317.5,86795.09874411406,1498,45768383,31009619,814925,1136681,7755363,8250639,9144414,5956984,10889162,6878860,3930609,4312953,5483176,2248000,2257449,2225502,5493285,0
304,000822,2017-11-15,-0.022510822510822592,-0.014718614718614687,0.21016938358003753,49192.0,272123.3356063838,3025,206587867,145498881,1087646,938462,13362114,13102993,21027044,20654493,30651878,34233577,20459434,20600992,18187978,15137738,13649730,7556304,88162043,33274322
305,000823,2017-11-15,-0.017728531855955687,-0.010526315789473717,0.3834774455752929,35670.0,231352.92590925362,2228,137475658,92845631,1596867,698568,9658582,8747930,12636220,8328983,28025402,14670297,18607434,13332411,8722943,9851732,7204208,7848702,51024002,29367008
306,000825,2017-11-15,-0.001897533206831059,-0.011385199240986688,0.09919059621744641,24196.0,266274.3763109756,2835,152048525,127013198,1680730,1838742,10610318,11109228,12378554,12483513,22489915,17688034,18973481,10773180,11794200,12369316,9350464,6147663,64770863,54603522
307,000826,2017-11-15,-0.014967523298503038,-0.01637955379836198,0.8252617805799783,34960.0,255933.6272191506,1841,125885996,68945262,570838,1027198,8018563,10450741,9648299,7631097,17609097,14427127,10997929,7017927,11984585,10261156,6258807,3891917,60797878,14238099
308,000828,2017-11-15,-0.009966777408637828,-0.007475083056478371,0.39723765917414955,8382.5,50106.132431676706,918,15278492,6635645,1883288,495104,3638912,1895372,2472653,1181506,2915202,1862719,2420938,486940,1460727,714004,486772,0,0,0
309,000829,2017-11-15,0.006869479882237517,0.007850834151128527,0.3190529724228276,10230.0,49225.41025233428,1020,10922396,14051764,670139,833702,3522430,5257635,2547151,3427118,1984280,2845557,468992,625617,649116,322164,425568,0,654720,739971
310,000830,2017-11-15,0.047244094488189115,0.018897637795275646,0.22123975828043135,75107.0,311448.88162577647,3305,271727866,267671213,845998,757325,12591777,10998084,19197859,20455171,41952462,45159231,40435650,33895640,24196534,32358247,19328036,25125714,113179550,98921801
311,000831,2017-11-15,-0.035211267605633756,-0.035993740219092296,0.23905802835907386,31075.0,173022.9628559448,2861,134436421,78251109,951648,1258260,24630230,14809020,14911519,12147004,20521531,17189098,13309049,10555834,10236908,4505393,5829715,2689953,44045821,15096547
312,000833,2017-11-15,0.0175675675675675,0.008108108108108025,0.265743003388906,7360.0,36670.284239935274,775,8197292,6464965,676068,867803,3636736,2497722,1611634,1142920,1041029,1226512,925431,204608,306394,0,0,0,0,525400
313,000835,2017-11-15,0.0,0.0034052213393869213,0.3163570195670462,10608.0,78410.21392817315,775,12869125,10161361,734454,1007959,3329448,3379024,3358570,1605381,1394108,1216084,980818,519161,350000,0,437500,0,2284227,2433752
314,000837,2017-11-15,-0.015580736543909235,-0.014164305949008416,0.21523303685528933,10485.0,63430.22551804442,1076,21130694,13320040,693920,1540107,3965031,4400873,4154788,2477556,4036456,2816694,4100247,641130,1962010,389900,911680,454896,1306562,598884
315,000838,2017-11-15,-0.02170283806343909,-0.018363939899833093,0.17355393585298148,8553.5,67888.56022490312,1192,20449633,12569162,1046401,1330725,4280437,4215895,3856043,2525848,3768157,1916252,2309919,514641,662622,680208,431880,441175,4094174,944418
316,000839,2017-11-15,-0.01621621621621616,-0.003088803088802994,0.2163985545395049,249163.0,848652.5202357415,3587,810783244,979490525,136917,94355,5129564,5477069,16485828,17174924,41767643,51012440,49876667,66024530,52409586,61770074,41719903,47837591,603257136,730099542
317,000848,2017-11-15,0.005994005994006013,0.005994005994006013,0.24672220432766856,8064.0,117136.8878924592,1647,28014892,27765147,933148,2625333,4267497,6113121,3646389,5305484,5477396,8163015,2182970,2426768,1383248,1080076,860334,498446,9263910,1552904
318,000850,2017-11-15,-0.0020283975659228792,-0.0020283975659228792,0.24443953348396813,4930.0,50349.40424174697,406,6673050,3119042,368076,307292,1936000,879767,1458016,547818,1566986,784478,246000,259815,667964,339872,430008,0,0,0
319,000851,2017-11-15,-0.011928429423459397,-0.007952286282306154,0.370951505442516,10100.0,104114.79778298199,735,18837956,10354659,509786,847945,2904668,2915268,2348266,2110720,4118212,2540425,1936446,752279,398400,625000,1801001,0,4821177,563022
320,000852,2017-11-15,0.006849315068493178,0.0042808219178083196,0.2755378747029029,20907.0,88001.92268517375,1798,38241597,39854649,1053128,1329806,9546019,10133425,8473525,8419960,8007356,7806100,4139135,4475975,682178,2439090,444220,884504,5896036,4365789
321,000856,2017-11-15,0.010156971375807844,0.003693444136657398,0.4651676271186593,24249.5,133004.1764855563,2170,75769070,66924658,1373806,1092431,11054244,10734575,10479586,10923345,15322263,14076988,10478578,8264762,5630668,5887978,2666843,2291622,18763082,13652957
322,000858,2017-11-15,0.03961084086170952,0.025712300208478034,1.2150477116441023,225339.0,831267.1145415269,3508,689509686,866620615,233391,286635,5179898,6352159,14760711,15454193,37987960,44102303,36346209,54210353,36129434,52069133,48540211,63671684,510331872,630474155
323,000859,2017-11-15,-0.010683760683760646,-0.008547008547008517,0.20814678336018982,7939.0,57923.52690131384,505,8833873,4677009,480962,677878,2095985,1693918,1234380,736559,1521939,839842,2027051,728812,0,0,417600,0,1055956,0
324,000860,2017-11-15,0.0010111223458038054,0.0045500505561173465,0.5603465968404738,19725.0,82047.13181005312,1246,22057599,25642471,868764,1690769,5400450,8250067,3773790,4246948,4644114,2910652,1295470,3333599,996045,1036303,1360006,479160,3718960,3694973
325,000861,2017-11-15,-0.014245014245014231,-0.008547008547008517,0.1551042169485871,4550.0,40167.21046882137,512,6626332,1927735,529864,375078,2249141,879792,1220036,186715,897230,171500,1000020,0,313751,314650,416290,0,0,0
326,000862,2017-11-15,-0.00886524822695034,0.005319148936170359,0.26002004049240734,4520.0,29511.630442401383,470,3656575,3471483,396660,403130,1258349,1490472,587166,1027346,1087265,550535,0,0,327135,0,0,0,0,0
327,000863,2017-11-15,0.0,0.0,0.29133098220189374,9720.0,45071.34275075746,491,5184534,5750204,337613,681864,1614760,2330385,1095504,961311,1322247,641324,457080,260172,357330,356301,0,0,0,518847
328,000868,2017-11-15,0.01754385964912286,0.03508771929824572,0.15589170761885446,78264.5,421377.56563298154,3432,287345840,394085004,935660,894568,13371023,13093898,23673984,21266837,40944600,45148129,35105485,33952833,21240354,27557393,21416738,25365844,130657996,226805502
329,000869,2017-11-15,-0.0066489361702127825,-0.004255319148936287,0.9596950538576828,22445.0,114214.94926135303,1535,52347047,38219152,829334,1051148,8451662,7273550,9275155,7360327,11689676,7385469,5802765,4994001,4772571,4425710,2572566,421230,8953318,5307717
330,000875,2017-11-15,-0.013452914798206206,-0.008968609865470878,0.15364077106725257,8398.0,82059.8985926604,843,14753359,9275521,895775,957427,3337445,2530520,2408369,1459448,1948962,1413309,1544490,508362,310640,310800,401358,851640,3906320,1244015
331,000876,2017-11-15,0.0,0.001312335958005173,0.17207587992844436,11110.0,158463.1953423064,1963,49127620,46323338,1375078,2239906,6355407,8896606,5964038,7166822,5760940,6722832,6006846,7320690,4356924,2664286,2670702,3940867,16637685,7371329
332,000877,2017-11-15,-0.028423772609819098,-0.02239448751076656,0.2331830947028022,20646.0,152731.90740491945,2481,84496277,51743569,1457800,1544917,12460586,11765166,13734044,10789774,18280738,13123447,7934285,3556944,5664404,1603498,4448570,3538071,20515850,5821752
333,000878,2017-11-15,-0.023290758827948954,-0.020285499624342673,0.2576861270571465,35478.0,317442.0775612479,2670,163798654,123047627,684690,1776151,11060841,15686842,13454150,16948319,22482161,24246642,16790097,14579742,11315543,7378782,8100918,6310402,79910254,36120747
334,000880,2017-11-15,-0.004821600771455992,-0.0019286403085824189,0.41161246564098436,5182.5,53909.78473042365,634,8392758,3952780,706937,267583,2892458,1390941,1230750,1359732,1345538,398160,412096,227040,790679,309324,0,0,1014300,0
335,000881,2017-11-15,0.0020732550103661485,-0.0013821700069109877,0.5119952649126939,14420.0,62973.766639580135,798,13879602,10064432,558085,781154,3412612,3920762,3551230,2501185,3119183,1392793,280995,740194,0,0,440946,0,2516551,728344
336,000882,2017-11-15,0.015625,0.012499999999999956,0.09993572022989552,7521.0,121482.45250613402,1028,14653107,21350567,953970,1041138,3788530,3976922,1517793,1886821,1820768,2138922,887392,1714989,2282629,1846917,433550,455000,2968475,8289858
337,000883,2017-11-15,-0.008281573498964856,-0.006211180124223614,0.12169326905373731,1920.0,46302.059538030655,1579,16150381,7625797,1853968,896742,3300264,3577508,2285658,821178,3462421,1002813,1968704,451176,1008960,394900,1449606,481480,820800,0
338,000885,2017-11-15,-0.0190217391304347,-0.010326086956521596,0.42215660073030503,19932.0,85897.25706595139,1900,50576324,41324065,1311621,1489562,9407926,9872519,11074321,9161259,12804602,8198347,3610278,4012514,4834153,2731340,1291446,909800,6241977,4948724
339,000886,2017-11-15,0.007132667617689048,0.0014265335235377208,0.16031511249272729,21180.0,198329.39002044767,1917,74043035,79342672,980850,1522308,7063943,8839740,7611185,9785734,12248132,14068594,7866591,7601214,7787400,7466946,4431293,5811545,26053641,24246591
340,000887,2017-11-15,-0.026063829787234094,-0.024468085106382986,0.43125971354822684,34751.0,295025.66539770516,1902,121626836,90404146,458760,1854653,4364915,10668038,7438898,12682111,20680350,16468926,22392089,8459338,8761096,5282271,5440176,6272585,52090552,28716224
341,000888,2017-11-15,0.004940711462450675,0.007905138339920903,0.35478460371204584,7133.0,62581.57620896639,813,10380797,12076779,345488,695854,2724572,2824785,1587616,1636491,2481937,2608909,1888985,1475633,326778,1273600,422421,901107,603000,660400
342,000889,2017-11-15,-0.030840400925212008,-0.037008481110254454,0.445020816203189,12750.0,98506.17649512464,849,24412201,9832718,639378,754528,4569681,3495872,2895388,1674412,4774023,1911811,2922429,0,3192431,704530,1265750,0,4153121,1291565
343,000890,2017-11-15,-0.008695652173913104,-0.007246376811594346,0.3071052457983469,6880.0,123548.51632352985,505,9780203,6364929,414232,461534,1908191,1578259,1038541,1448441,1593193,840647,225630,0,1015000,383474,0,0,3585416,1652574
344,000892,2017-11-15,-0.01629072681704269,-0.007518796992481258,0.32424131407343226,9492.0,57184.89686776935,605,11551057,4758174,595918,625465,3121816,2089151,1799948,1033269,2919370,1010289,1345233,0,0,0,415275,0,1353497,0
345,000893,2017-11-15,0.006172839506172867,0.0024691358024691024,0.35804746064781373,8160.0,43439.370335496315,511,7011896,4328004,498874,614247,2364095,1624329,1235655,738175,1143475,1070549,884530,280704,0,0,885267,0,0,0
346,000895,2017-11-15,0.0018832391713747842,-0.008286252354049006,0.4767624861562863,69342.0,411010.39637494995,3107,249743304,246535517,664650,1068878,9711381,12275227,23831051,21611105,33076831,37881603,38153437,29741072,18046874,27880670,19582308,16017929,106676772,100059033
347,000897,2017-11-15,-0.020000000000000018,-0.020000000000000018,0.11855665916872522,5502.0,120699.4341267985,1141,24211116,9784295,940014,1395243,3701867,3177314,3027246,2067241,3292451,712070,964035,526648,2162885,1073165,1792268,832614,8330350,0
348,000898,2017-11-15,-0.016393442622950838,-0.011922503725782407,0.13687712695471943,20522.0,223980.9941419603,2409,130358232,88330449,2123594,1275315,10456580,7870521,14771824,7893662,16768395,11919130,10296387,8164109,9814470,7915452,4076963,5978796,62050019,37313464
349,000899,2017-11-15,0.0030864197530864335,-0.0015432098765433278,0.3031938894615162,5832.0,34935.213840440614,456,4263396,3545307,452885,616774,1154749,1050276,1001047,716714,1066574,921506,200541,240037,387600,0,0,0,0,0
350,000901,2017-11-15,-0.018497109826589586,-0.01579961464354529,0.7120971787562912,13020.0,92454.86763032713,1328,33573258,18470001,1038950,874619,5839734,6287614,4848628,4019776,7747682,3807379,3289944,1717328,1319997,0,2141513,483230,7346810,1280055
351,000902,2017-11-15,-0.032196969696969724,-0.03314393939393934,0.2639101499194752,12624.0,76989.67241420096,1605,44356149,19848931,1981593,774145,7174048,3653297,7711657,8363416,14283313,2786118,5879412,2188874,2504845,1022121,1297045,435760,3524236,625200
352,000903,2017-11-15,0.0024937655860348684,-0.004987531172069737,0.10178772963372149,9950.0,97287.23111882547,1557,37029535,31943913,3210157,514625,6118891,5455200,5750781,4193151,6780059,8539861,4061909,4349896,2743904,1423563,3384678,2189443,4979156,5278174
353,000905,2017-11-15,-0.006028636021100264,0.0007535795026374359,0.34396295813111005,20896.0,131228.9552014893,1489,42989436,35692656,951123,983325,9386901,6343098,9129314,5233877,8477243,7796521,3176308,1922345,4495426,726761,1719701,922086,5653420,11764643
354,000906,2017-11-15,-0.02422907488986792,-0.018722466960352402,0.20540316895599012,13169.0,142673.75097371681,1957,53762315,43542801,1951643,1427135,7912054,7481721,7670479,7773130,10458291,6883821,5252241,4644386,2714128,1721027,5750564,3141869,12052915,10469712
355,000908,2017-11-15,0.0,0.0015015015015014122,0.31649396633140836,8004.0,80045.49225626663,442,6160489,7721286,342186,657983,1468474,1721254,1235263,1275889,807548,1396219,240730,817950,912980,305486,488308,496223,665000,1050282
356,000909,2017-11-15,-0.0016611295681062677,0.0016611295681063787,0.5084617545768284,9600.0,59488.59253682122,560,8874463,5600200,537615,709865,2400221,1892276,1363735,1442089,1229211,1005722,1015748,0,721200,0,450670,0,1156063,550248
357,000910,2017-11-15,0.0050272308336822835,-0.010054461667365011,0.5751769039495204,23630.0,214913.91260885776,1732,83833126,51641467,384243,1074686,13347014,6076954,3887750,6055969,16660051,20436921,10129120,4854758,6200806,1371352,4811685,1842993,28412457,9927834
358,000911,2017-11-15,0.005802707930367523,-0.0029013539651836506,0.37790194968464047,9759.0,40669.66085862049,748,9818812,5296393,892295,480821,3748869,2251175,2302873,970974,1636959,477273,484672,497550,345425,0,407719,0,0,618600
359,000912,2017-11-15,-0.03457106274007682,-0.023047375160051176,0.2038213384069053,11445.0,54967.60094975022,1469,24741133,18427043,1396065,1503210,7144861,5586632,5727788,4142088,4577356,4014347,1468029,2113220,2986164,1067546,0,0,1440870,0
360,000913,2017-11-15,-0.00930004894762615,-0.007342143906020504,0.701242690603408,18315.0,82459.94325492844,849,22584106,13819435,602670,467061,4788364,4018183,2726892,2639551,5645845,2046069,3376973,2543647,1669247,315432,2146215,833086,1627900,956406
361,000915,2017-11-15,0.0072661217075387086,-0.005146836209506511,0.8378569990118563,22890.0,205213.5294128085,1554,77279982,47654850,1289870,1263551,7030466,7135406,5883224,8639600,10967685,8584021,4168819,3930220,5260237,4344756,5143202,820965,37536479,12936331
362,000917,2017-11-15,0.0036199095022624306,0.004524886877828038,0.20789834730052262,43251.0,201220.98406187483,2828,158256254,154728020,1122101,1403545,12832994,11575746,13126178,17819034,27182399,32181895,24270466,15660206,20598184,11508026,11391971,13807318,47731961,50772250
363,000918,2017-11-15,0.009845288326300938,0.011251758087201136,0.23727698933066618,14340.0,107285.4778577776,898,18355942,18432642,804934,581308,4366879,3748611,3703203,2858915,4467003,2569968,2325304,1949842,356000,307146,429716,1344968,1902903,5071884
364,000919,2017-11-15,-0.00101626016260159,0.0030487804878047697,0.47457211983090075,9860.0,61616.77226473025,429,6179865,6016737,499261,613654,1756887,1914884,1239886,1355863,1416231,679675,0,731165,0,721496,422994,0,844606,0
365,000920,2017-11-15,-0.014084507042253502,-0.012323943661971759,0.42262246718758045,12446.5,71276.55524933132,722,18157812,8611177,506397,488431,4092268,2683452,2677226,2041644,4540065,1746138,2177998,899714,2114330,315262,499060,436536,1550468,0
366,000921,2017-11-15,0.00846905537459297,0.013029315960912058,0.3287102838188538,23100.0,150400.75583671912,2183,67518718,68554843,1258464,1510688,11271201,11053090,9078421,13693110,10328345,11970400,6441484,9494698,4749994,7092090,5106177,2237525,19284632,11503242
367,000922,2017-11-15,-0.023837902264600808,-0.017878426698450522,0.2862396347688282,12345.0,69966.0061827121,859,19608668,9023498,893336,811059,4598466,3010827,4096218,2103054,5019500,1672123,2104532,508430,326876,0,0,416166,2569740,501839
368,000923,2017-11-15,0.0,-0.0011900039666798978,0.698480647842142,10120.0,59440.18634863537,1303,19058455,15883808,915817,1407440,5360165,5123754,3056323,3063628,3161494,1934726,2134651,2485118,669240,1000096,887634,869046,2873131,0
369,000925,2017-11-15,-0.00492004920049216,-0.0030750307503075724,0.5771328451623364,8119.0,75504.7544342564,794,14470336,7374094,1104875,565522,3449517,2364024,2105795,1303814,1902614,2029309,1868597,286926,631990,0,860525,0,2546423,824499
370,000928,2017-11-15,-0.01386962552011095,-0.009708737864077666,0.23552161221755014,13122.0,77283.50579812273,937,26025754,11070904,732065,808197,3693834,3378606,5080352,3438105,4934918,1510031,3461838,1189605,4434350,322989,425776,423371,3262621,0
371,000929,2017-11-15,0.0,0.002446982055464897,0.7440031883472753,12260.0,167094.55112740837,271,4170614,3618250,232661,263434,1590968,791663,465380,564217,772305,234256,244800,0,370500,0,494000,0,0,1764680
372,000931,2017-11-15,-0.02506963788300831,-0.01392757660167121,0.2764442208660147,8532.0,60555.222575788655,674,11007402,6573265,512079,854702,2609189,2823994,1522834,1741003,1707144,1153566,1587402,0,329615,0,821712,0,1917427,0
373,000932,2017-11-15,-0.020316027088036037,-0.0146726862302482,0.17378045399158296,34086.0,395435.2482633372,2608,181864190,134410361,1591970,1648666,10534912,10620609,16476720,12372249,27421189,21137681,13538372,12427770,10959453,8219443,11856893,12055905,89484681,55928038
374,000933,2017-11-15,-0.0031982942430704986,0.004264392324093702,0.17993022300573516,40216.0,242654.46363077045,2723,168088660,151249884,1183359,1473889,11689985,11052500,15884375,14012952,28000868,24931110,18086548,17774802,17531588,11916622,10423781,12608788,65288156,57479221
375,000935,2017-11-15,0.005649717514124353,0.0046224961479197635,0.3818171457302954,29415.0,134261.28000638145,2603,93757093,86205559,1762523,1664755,14579103,12586184,15649502,15186648,20872177,15556606,11098576,12132313,5104386,4368291,8261379,3087511,16429447,21623251
376,000936,2017-11-15,-0.006106870229007688,0.0015267175572519776,0.18736415211239818,13120.0,78702.59607287963,1223,24488349,17935522,1180425,903436,8200812,3419788,4688089,3585531,3545418,4754380,1977895,2287109,1098782,1618794,845478,866404,2951450,500080
377,000937,2017-11-15,-0.009852216748768461,-0.009852216748768461,0.14116999059400992,9045.0,177829.1239816664,1864,52089768,38885241,1384086,1508703,6366813,6675894,7252606,5928795,7142101,5430843,4175808,3372183,3774322,2345469,2175578,2159058,19818454,11464296
378,000938,2017-11-15,0.019124087591240846,0.016350364963503727,1.2812732134013478,88920.0,344162.025866164,2861,281641898,302616015,659067,1036736,9180010,11243718,14963894,16068243,31195266,32051840,26484006,31619741,33720256,31435627,21258393,27095610,144181006,152064500
379,000939,2017-11-15,0.043933054393305415,0.025104602510460206,0.12474073345685051,10153.5,105993.82631873267,1472,25436127,35409567,1447976,1250081,5733783,5585425,5476812,4196100,4275787,7252415,1737473,6514786,2769592,1936586,1305433,2300433,2689271,6373741
380,000948,2017-11-15,0.012237762237762295,-0.004370629370629264,0.5138950389029657,5755.0,132192.2828885267,495,10887733,6207194,423809,345006,1349393,1481817,1041820,1665827,1617647,1529542,969752,456705,710324,728297,0,0,4774988,0
381,000949,2017-11-15,-0.012165450121654708,-0.012165450121654708,0.17065482403236437,8160.0,95643.94356904332,580,11334959,6759525,459758,698585,2402397,2277361,1079267,1232103,2549740,1073767,523975,866802,768981,0,1738841,0,1812000,610907
382,000951,2017-11-15,-0.006752608962553697,-0.007366482504603922,0.38750400275208663,9732.0,77649.06360088849,1769,30439512,20594690,2036462,1698354,7012924,6832577,5155625,3828166,6058901,2981318,1175378,706622,2550772,1316859,857201,1835553,5592249,1395241
383,000952,2017-11-15,0.0021082220660575413,0.004919184820801226,0.592035817222205,14290.0,62572.51239209706,577,9317995,11225064,413395,521762,2587624,2683655,2370682,2299609,2351453,1884358,1198454,1311149,396387,1034090,0,910886,0,579555
384,000955,2017-11-15,-0.004739336492891044,-0.006319115323854652,0.32944677375761516,6250.0,35059.08868308831,369,4109228,3047646,344528,357976,1157035,1199025,1040939,685712,1087957,804933,478769,0,0,0,0,0,0,0
385,000957,2017-11-15,-0.0273972602739726,-0.023972602739726012,0.26610122949049114,22880.0,103515.40426205215,1929,61586221,50571350,975706,1171514,8175780,8800541,11059504,9719711,15890147,10984642,7247709,7480427,6743923,4510198,2599608,1716428,8893844,6187889
386,000958,2017-11-15,-0.01081916537867067,-0.01081916537867067,0.17453566639221682,12940.0,85267.90114241875,1375,27481839,23712885,1288557,1140642,6883242,5432910,5940525,4004789,5058576,4152654,1778650,3559015,679680,1714639,426930,848670,5425679,2859566
387,000959,2017-11-15,-0.018575851393188847,-0.015479876160990669,0.14448755820305142,4148.5,55435.6135025113,2004,19923554,16024607,2431398,1958272,4949655,4855068,3637824,2776691,3484063,2649147,1334016,418204,1119300,711773,881768,431497,2085530,2223955
388,000960,2017-11-15,-0.04409672830725464,-0.026315789473684292,0.27594008329890374,27360.0,241880.38324378754,2600,163739984,88666612,980985,1235263,16440307,11035624,13337615,11888345,22397107,15820604,12676850,8524355,9690359,4190909,6591232,6096635,81625529,29874877
389,000961,2017-11-15,-0.0016556291390728006,0.0,0.17877050086589516,8456.0,81563.18356259775,1142,23458962,12958962,801953,1402082,3934442,3835167,3507925,2314684,4116086,1946316,1445561,719731,2241963,1280082,1827437,834552,5583595,626348
390,000962,2017-11-15,-0.026607538802660757,-0.02328159645232808,0.29558209873197877,10608.0,38513.36960634528,931,14195056,8588761,1204387,851568,4378103,3662214,3643413,2089339,3439233,1078888,1529920,476780,0,0,0,429972,0,0
391,000963,2017-11-15,0.0007744433688285923,-0.004840271055179035,1.0112443218447866,30906.0,200281.23151500695,2610,106911866,90215902,477911,924579,12835866,15839787,18731323,15863481,15435393,11660068,9625185,10144152,5989711,5981426,3488002,4470654,40328475,25331755
392,000965,2017-11-15,-0.016155088852988775,-0.008077544426494443,0.21143232654135538,11088.0,140124.1665449174,857,23484770,10671437,818909,882717,3748716,3119008,2656854,2234361,3843651,1395115,1994144,992603,1341845,1435633,1376712,0,7703939,612000
393,000966,2017-11-15,-0.013245033112582849,-0.01103752759381893,0.20187637994579674,4530.0,69324.9659768479,503,7695234,4458673,518446,447188,1772727,1206816,1083430,1223342,880317,293344,960094,494600,375300,0,895000,0,1209920,793383
394,000967,2017-11-15,-0.010689990281826933,-0.017492711370262315,0.28400580023950556,11253.0,88553.68887543862,1313,33280700,17225701,747942,873597,7162087,4982196,3663550,3901332,5707084,3572907,4322075,1515314,2776773,316992,1324123,0,7577066,2063363
395,000968,2017-11-15,-0.03388658367911479,-0.03941908713692943,0.3533838225442964,13980.0,209632.65279474203,1684,72119421,29402845,1686810,1042133,8850896,5171334,6911153,4614698,8688128,5736859,5228492,3317033,2471389,1302040,2997348,1841696,35285205,6377052
396,000969,2017-11-15,0.009278350515463885,0.008247422680412342,0.28222927999616737,8743.5,80634.90584219167,1182,23318603,16142747,1216203,998925,3158730,3957806,3702884,2779198,4568852,3461792,3518409,1919875,1985359,1120380,1355647,1394552,3812519,510219
397,000970,2017-11-15,-0.0449293966623876,-0.028241335044929317,0.2857794856542952,42462.0,302809.8573005556,2974,211901149,153314839,911214,1642388,10850293,17083823,14765530,20534434,30075627,30709945,16703622,14257540,15077381,9023652,20013870,11718792,103503612,48344265
398,000972,2017-11-15,0.009132420091324311,0.013698630136986356,0.16304111204625316,10987.5,67346.4908145677,722,13242145,10809786,609738,468081,3787399,2588479,2127850,2235463,2300021,1888145,2256664,1649140,1313325,656478,0,1324000,847148,0
399,000973,2017-11-15,-0.019830028328611804,-0.014164305949008416,0.1886652912330795,12564.0,108180.80155356572,1401,35071524,21767079,1054680,1687588,5603136,5793015,6348318,4539947,6564153,3505596,2766223,1608629,3093467,371184,1258010,473876,8383537,3787244
