,code,date,pchange_whole,pchange,change_std,amount_median,amount_std,length,sumsell,sumbuy,sell_vol_0,buy_vol_0,sell_vol_1,buy_vol_1,sell_vol_2,buy_vol_2,sell_vol_3,buy_vol_3,sell_vol_4,buy_vol_4,sell_vol_5,buy_vol_5,sell_vol_6,buy_vol_6,sell_vol_7,buy_vol_7
0,000001,2018-04-02,-0.014719411223550916,-0.007359705611775569,0.18504033460637503,110595.0,594002.7692827998,3457,507499301,389719340,376143,436257,11515905,8935243,31463183,19649243,56228192,52172549,48681003,38749322,33436985,28250459,26208446,29252837,299589444,212273430
1,000002,2018-04-02,-0.0047548291233282525,-0.0014858841010400026,0.5657371284578662,177670.0,808133.0657115895,3540,753120020,718764352,175484,216128,6891166,8541700,19658745,19436814,45979067,43955432,39253051,46317551,38929218,34718775,40837084,30457228,561396205,535120724
2,000004,2018-04-02,-0.01050328227571129,-0.008315098468271387,1.2757225755797184,9128.0,38678.15767511938,320,2922249,2364177,432091,246849,1780813,667859,515158,473021,194187,382348,0,0,0,0,0,0,0,594100
3,000005,2018-04-02,0.007894736842105399,0.013157894736842257,0.14693960096890868,7640.0,56328.97749698933,669,6230154,10098873,575765,703105,2069963,3155022,1146604,1350323,1370000,1571770,220872,1202072,0,1381661,846950,0,0,734920
4,000006,2018-04-02,-0.009562841530054711,-0.002732240437158584,0.16947751956363297,19845.0,112209.39381710575,1868,46814017,41752341,1314995,1313602,7573289,12109300,7792356,7762798,8768618,7593507,5621499,3189527,4487889,2071633,1325957,1246983,9929414,6464991
5,000007,2018-04-02,0.0007042253521127861,0.007042253521126751,0.5803822455649306,14240.0,53610.27150148148,598,10491590,9353525,598060,410718,3216774,2383064,1747785,2294814,2695695,2068386,1849336,944137,383940,1252406,0,0,0,0
6,000008,2018-04-02,0.002928257686676261,0.002928257686676261,0.13845427851885458,6890.0,55589.457623983995,2438,33359220,19871528,2829895,1292413,16330972,5522871,4623677,4277898,2923297,3334283,1227590,961123,301644,3052782,1813854,918591,3308291,511567
7,000009,2018-04-02,0.011666666666666714,0.016666666666666607,0.14890109073596236,13744.0,190954.38034592252,1626,48421583,59940392,1273760,1501179,6374769,6706464,6031476,5707353,8628207,8571698,2974519,5573075,4860528,4641855,2273215,1775530,16005109,25463238
8,000010,2018-04-02,-0.017857142857142905,-0.02008928571428592,0.12135121331455752,12096.0,85746.13206707119,1367,23642840,29641292,908116,1300634,4054247,7683882,3785629,5679508,4294165,5287016,1922839,3387820,1617761,1411062,2199373,2258400,4860710,2632970
9,000011,2018-04-02,-0.00694444444444442,-0.0012626262626261875,0.368111360770261,15855.0,67030.49966633423,1852,38486462,19581668,1621468,1374824,10945868,6262243,9002740,5378992,6906241,3754358,3487594,968750,2371674,1434128,1382843,408373,2768034,0
10,000012,2018-04-02,0.0013262599469496816,0.007957559681697646,0.19711814861580076,9102.0,79903.00179356211,1464,22981168,25870466,1282767,1378202,5182609,6005484,4911751,4274919,5092977,4811031,2133002,2450260,930395,1032879,469340,821205,2978327,5096486
11,000014,2018-04-02,0.06208053691275173,0.06124161073825496,0.24162851146535202,25220.0,357659.8885923925,2451,103977415,112250605,1585281,1271514,10957858,9445207,9674085,11632471,17413098,16476117,11920098,11122747,10968938,8810920,8866514,6792539,32591543,46699090
12,000016,2018-04-02,0.01304347826086949,0.021739130434782483,0.136952836477117,28620.0,216407.12209845104,2546,110163282,135774473,1163445,1905069,8769603,11365391,10806735,16463710,14642024,22606524,13902181,16233123,11591942,10780400,9041932,9513959,40245420,46906297
13,000017,2018-04-02,-0.008928571428571397,-0.0017857142857142794,0.259521063371006,8944.0,51628.247878786635,465,4974877,5016705,463756,395123,1705195,1900175,1005203,1028293,786004,371516,454719,273772,0,0,0,485826,560000,562000
14,000018,2018-04-02,0.00493421052631593,0.00493421052631593,0.1625305118921317,14053.0,61747.56303386461,1400,27827929,21009882,1796120,572237,6465512,6256197,6222109,6576618,6305962,4246859,1852013,1129743,1290182,1312895,1857411,407592,2038620,507741
15,000020,2018-04-02,0.012145748987854255,0.018218623481781382,0.39508375792891354,15060.0,69806.23462262008,1408,25859317,27378127,1078280,1047517,6815991,7177242,5066715,4161584,5230231,6225924,3871147,4147895,1699281,1580483,913022,959517,1184650,2077965
16,000021,2018-04-02,0.015909090909090873,0.027272727272727115,0.1592991477860007,32273.5,199128.02108178742,3058,102254911,160398617,1719427,1541374,15308380,15379295,16311161,19380357,24581729,26284283,15461961,13422470,9114962,12706065,8882736,12747797,10874555,58936976
17,000023,2018-04-02,-0.030464991982896872,-0.018172100481026132,0.6009703547662703,11184.0,46433.179281248216,970,12940342,11398398,877110,1093854,4177658,4621718,3017046,2512059,2963568,1771254,723912,0,731984,638016,449064,0,0,761497
18,000025,2018-04-02,-0.01733333333333331,-0.006133333333333213,0.8741295942430205,18695.0,98711.87561888453,1841,43027306,29690825,1062158,1263443,11855529,10104898,10318595,9081036,7138518,5502752,4435673,1814092,309175,1038986,0,885618,7907658,0
19,000026,2018-04-02,0.018953068592057587,0.012635379061371799,0.3406319811249707,15610.0,68703.23350310483,1059,21129569,20464338,1145994,231817,5188165,5466512,3822937,2356916,5321363,5324264,2797783,2870034,1025080,3128340,1254971,401721,573276,684734
20,000027,2018-04-02,-0.006756756756756799,-0.005067567567567655,0.16990955432598762,6523.0,101769.12998827771,1215,20321144,22802612,705563,1276944,3773357,3798323,3679607,2796444,3967105,4857269,2874348,2333027,1060920,2093220,930189,1404601,3330055,4242784
21,000028,2018-04-02,0.0005044560282496668,-0.0026904321506641127,1.2469182788223339,23412.0,189790.75691512434,2277,64732064,74374974,497774,1452719,10854736,14073878,10964448,10300293,7688618,10031294,6159722,4124187,3981682,5020539,4045640,2317791,20539444,27054273
22,000030,2018-04-02,-0.005617977528089901,-0.001404494382022392,0.1830710502087579,2852.0,37887.11506528509,1516,10156474,6671693,2043530,1255864,3348106,2189585,1149329,1159662,1809391,1559639,250272,506943,0,0,478503,0,1077343,0
23,000032,2018-04-02,0.0060240963855420215,0.008032128514056103,0.28474309851167207,10802.0,65406.32600776719,1224,18200960,17347435,1170608,1363691,5774737,5751780,2685719,3242731,2834401,3650132,1189799,1648600,1475763,715343,0,422864,3069933,552294
24,000036,2018-04-02,-0.005882352941176561,-0.004705882352941115,0.22173728378012317,9328.0,82692.79581896466,1470,25705070,27079549,897539,1411908,4705773,7358595,3488181,5800095,4275933,2831957,2214409,2874953,3063487,2284620,2127152,2237120,4932596,2280301
25,000037,2018-04-02,0.0070224719101124045,0.002808988764044784,0.25327625778808727,13414.0,47901.68485282875,791,12470916,10154121,654127,583159,4074148,3271485,2970713,2613643,3267857,2127715,1504071,694123,0,382529,0,481467,0,0
26,000039,2018-04-02,-0.016726403823177916,-0.014336917562723928,0.3047316061981534,21424.0,163167.96694600233,3019,122790352,62882403,2443632,1614017,19164007,11390592,18493140,10820695,20951903,13315542,7549127,6353378,16463622,5814635,5261434,3391400,32463487,10182144
27,000040,2018-04-02,0.01619778346121059,0.01278772378516635,0.32927949619367813,5890.0,63313.88726978734,1271,10260893,13129118,1103916,1920480,2612179,4151891,1040245,1973420,2303409,1821707,235600,1099609,0,706337,0,880464,2965544,575210
28,000042,2018-04-02,-0.033952594490711085,-0.024983984625240208,0.6297690096564748,15150.0,55750.96289665611,616,9564304,8329770,517234,569677,3367172,2857993,2683601,1823366,2016560,1693091,669657,515459,310080,0,0,0,0,870184
29,000043,2018-04-02,-0.0021905805038336945,-0.0021905805038336945,0.38661468999545967,9240.0,91126.154920832,557,12531631,9848874,639654,351870,1878579,2430929,1800402,1730922,2504166,2038943,964512,1396807,712586,1441903,446810,457500,3584922,0
30,000045,2018-04-02,-0.00879120879120876,0.004395604395604602,0.24968956046493912,17423.0,50039.5880012081,1329,22305847,21306167,1083419,918653,6802310,8337007,5584873,4339918,4868749,5431899,1176445,2278690,2075436,0,0,0,714615,0
31,000048,2018-04-02,0.00794979079497904,0.0058577405857740406,1.5601929115499273,12105.0,59010.029111012904,234,3494515,3063377,187084,243475,1111919,987167,568830,524351,717082,930708,288000,0,0,377676,0,0,621600,0
32,000049,2018-04-02,-0.0029274004683839117,0.0023419203747074846,0.7691261190485545,20682.0,70009.3989220467,1973,42949028,43210474,999408,973377,10317436,12001902,11108186,10961909,9428063,9987610,3303878,4171870,3689266,2730897,1745394,855600,2357397,1527309
33,000050,2018-04-02,-0.01104294478527601,-0.0012269938650306678,0.3081818141716494,37628.0,160494.5162027853,2799,150641447,103511290,1999213,1141134,14920174,9943418,20787467,12646186,33525905,22938740,19347757,15843804,14009375,11061240,7484922,8890233,38566634,21046535
34,000055,2018-04-02,0.001367989056087593,0.002735978112175186,0.19035499981017684,14720.0,96538.22609475291,1476,33043519,30965354,1000464,1185593,6069069,8582373,5694899,5968794,6588535,5559726,3608536,3524690,2041657,2047271,2189148,1315301,5851211,2781606
35,000058,2018-04-02,-0.010510510510510551,0.0015015015015014122,0.24012471584596815,11880.0,53105.19546380336,769,10064137,8871963,814121,661666,3693037,3445528,2142848,1770878,1567918,1540679,224115,209854,676656,339360,429570,0,515872,903998
36,000059,2018-04-02,-0.001107419712070845,0.0033222591362127574,0.2607651216430599,19844.0,169469.78549774128,1199,44229392,34339064,887685,1202168,5313864,6309680,5160942,6202865,5879316,5115652,4835177,3885812,3714435,2799124,3047367,3091923,15390606,5731840
37,000060,2018-04-02,0.0031982942430703876,0.00746268656716409,0.20130408205305478,19060.0,194919.60626689068,2173,64746782,71587827,1766617,1738991,8968518,11115267,8859313,11349326,11444998,13151513,8677903,4569539,3938005,4927890,3087185,3259529,18004243,21475772
38,000061,2018-04-02,0.00136986301369868,0.00273972602739736,0.2557894124722363,13122.0,76194.28568066181,814,14092215,14323909,724581,760643,3410341,3623229,3175038,3097308,2102031,2911610,1003219,979587,1756696,666030,1307109,412116,613200,1873386
39,000062,2018-04-02,0.013747454175152773,0.02596741344195519,0.5611542427279793,12090.0,81271.95407838422,1225,18679141,24051840,1013987,1236971,5785915,5517170,2965198,3943018,3969106,4935415,1290509,1951336,1416896,2287438,0,1366442,2237530,2814050
40,000063,2018-04-02,0.014483212639894605,0.022712310730743868,0.5092166090894339,232800.0,883797.570135078,3560,726435214,902536678,190428,261249,5466006,6292004,16048924,17035072,46987524,50647138,54930536,54578009,58333285,59546629,41505939,49682181,502972572,664494396
41,000065,2018-04-02,-0.020361990950226172,-0.007352941176470562,0.41353549063254313,24709.0,82867.66035767243,1828,54765055,35529395,1212297,1050154,11845559,7805494,13870018,9882160,12332693,8242451,5187304,3539390,2130122,1773277,442500,440750,7744562,2795719
42,000066,2018-04-02,0.05395683453237399,0.06834532374100721,0.14106121500378427,118085.0,1110447.5005927822,3514,670502519,739691426,546110,543104,11245076,9573569,23949285,21665262,48174353,44315996,44941979,26796745,38749049,21647642,26906670,22766916,475989997,592382192
43,000068,2018-04-02,0.0,0.0067264573991032695,0.16959901241121375,2703.0,60072.41318936178,692,7935567,7415640,388432,840974,1346338,2065128,1531066,950794,2087261,1576261,212676,667302,752616,314170,886110,499950,731068,501061
44,000069,2018-04-02,-0.010922330097087318,-0.003640776699029069,0.15527451407461848,28955.0,231255.34675105062,2823,135826931,96504537,1984967,1580974,13773971,11336472,22702875,13466177,16638131,21379367,11242358,9128619,5734339,4517366,8762690,5761498,54987600,29334064
45,000070,2018-04-02,0.0010504201680672232,0.007352941176470562,0.21923961945993764,9570.0,56251.02868748551,1887,27523258,28479128,1275830,2382606,6252954,8455778,6278560,7078622,7663797,5293187,2158987,3393793,1425086,1389943,0,485199,2468044,0
46,000078,2018-04-02,0.0016420361247946325,-0.0049261083743842304,0.13535980680952497,12200.0,77375.20625245609,2029,43839376,33592692,2091822,1329001,6835218,8529024,14654864,5793164,6988070,7947214,4001893,3171105,3108314,2569177,1919086,418304,4240109,3835703
47,000088,2018-04-02,0.00277392510402219,0.006934812760055475,0.22136097479783992,5784.0,73754.72855176372,1061,14992797,11536314,855438,1437257,3031617,2873216,2533630,2228034,2440265,1808193,874676,1427546,1048221,0,886704,0,3322246,1762068
48,000089,2018-04-02,-0.03199052132701419,-0.017772511848341277,0.20835760877081297,9306.0,93219.50136854486,1652,64961915,24423993,1835052,1051276,5510789,2955312,5996862,2863977,11462298,6547248,26374100,9091968,10648883,1914212,861512,0,2272419,0
49,000090,2018-04-02,-0.002049180327868827,-0.0030737704918032405,0.250117422044287,6852.0,79565.86617256657,1523,24296760,18058201,1750643,1230703,5596614,4197746,4560898,2117226,5432210,2215212,3338633,2801634,1035912,1976195,870680,426383,1711170,3093102
50,000096,2018-04-02,0.007340946166394691,0.004893964110929794,0.78677656000411,11133.0,26529.704724128966,242,2152869,2294103,157861,281222,1000802,1281953,413019,582848,332727,148080,248460,0,0,0,0,0,0,0
51,000099,2018-04-02,0.0034802784222738303,0.009280742459396807,0.20971107310507336,16587.0,88318.72135786425,1691,42170314,39961261,1735183,1280945,8636559,5868810,7550274,6880662,9342471,8333470,4459197,7338034,3819592,4820814,2680417,2713128,3946621,2725398
52,000100,2018-04-02,0.008620689655172376,0.008620689655172376,0.06355225484465737,17600.0,296985.8481905025,3030,99013806,153564663,1739955,2618466,10799259,12861512,11333252,13466357,14850302,24232665,10034662,12505545,8395346,7616598,3099917,7227878,38761113,73035642
53,000150,2018-04-02,-0.0073710073710072654,-0.008073008073007926,1.3946602741650047,8532.0,32725.922980181676,417,3855184,4677723,415194,794966,1123017,1135873,1307746,1345647,1009227,1401237,0,0,0,0,0,0,0,0
54,000151,2018-04-02,0.014689265536723228,0.027118644067796627,0.3074036796752964,73902.5,413391.27121364203,3322,275705997,319147414,828364,833033,11657209,13432369,21904846,21728651,40960195,40700675,36158466,28573163,24341284,27338559,18707966,15858737,121147667,170682227
55,000153,2018-04-02,-0.017835909631391256,-0.007134363852556502,0.2754833646057607,11648.0,88653.69492904143,932,15565823,11486595,937881,926706,4623135,4058509,2403345,1647743,2772415,1516715,1339525,1209909,995522,613177,416500,433956,2077500,1079880
56,000155,2018-04-02,-0.00835654596100277,0.0,0.15767933580068114,27664.0,144093.89459564944,2077,80219224,73502211,1234861,1445475,10474646,9123756,11219935,11468726,13278616,16547856,13050583,11061697,5518135,6814899,5545034,4356583,19897414,12683219
57,000157,2018-04-02,-0.004705882352941115,-0.004705882352941115,0.09138668345222536,10152.0,119444.88648432137,2173,39076590,41021772,1573636,2029375,6592345,8476610,12414897,7880079,6243080,4133424,3950250,2993349,2493898,979574,1386870,912872,4421614,13616489
58,000158,2018-04-02,-0.02415458937198056,-0.020531400966183555,0.1783167826609894,15497.0,126328.52020685282,2160,42471639,44243784,1828097,1968550,11910304,10146444,6571235,7994001,8750146,6509451,3657549,3923930,2709408,1296529,2665744,830476,4379156,11574403
59,000159,2018-04-02,0.0022026431718060735,0.004405286343612147,0.19299579094504946,3191.0,32561.382124229254,553,3589294,4115739,612603,528990,1432118,1472338,1078688,597441,465885,729721,0,0,0,357698,0,429551,0,0
60,000166,2018-04-02,0.00201207243460777,0.004024144869215318,0.12182704816978776,14014.0,167310.7996003032,1668,42452946,49638248,1414507,1352391,6353663,7115732,6699372,6990792,6627630,7801252,3426292,5774144,2752873,4196257,917807,3151996,14260802,13255684
61,000301,2018-04-02,-0.02052785923753675,-0.01319648093841641,0.17178478089581117,16645.0,124448.67301376814,1578,47118197,25754436,1213879,1232229,8713135,6597457,7161565,6407644,8040358,5446298,2881639,3397378,5146099,669042,2762216,0,11199306,2004388
62,000333,2018-04-02,-0.008630393996247543,-0.0056285178236397115,0.8941492092629735,229620.0,1302884.8904019932,3557,827950220,844668320,112598,128244,5117632,5350539,13780112,18216058,44778520,44430033,44878191,51635594,49328262,57897461,34579263,43493559,635375642,623516832
63,000338,2018-04-02,0.01568154402895061,0.014475271411338975,0.14411785095203627,46255.0,332559.2992126384,3316,180985545,307918876,1087645,1872702,10027042,15313788,14340284,20076729,26141446,43386324,17236517,32606293,13583379,36912986,19571476,28591357,78997756,129158697
64,000400,2018-04-02,-0.011473962930273696,-0.0044130626654899086,0.27115860802544656,15764.0,91304.69389745843,1746,49976400,29803439,877446,857819,11122868,6991103,6267455,4852339,14071716,8306868,6208358,3742545,3465933,1059021,934478,407208,7028146,3586536
65,000401,2018-04-02,-0.01664355062413314,-0.006934812760055475,0.2642035176675528,54511.0,316989.09282793076,2982,206182247,210541277,920780,1194289,12433369,12232024,19198991,16655990,31027812,29453275,24898810,22895128,23313038,24448365,15269950,14156124,79119497,89506082
66,000402,2018-04-02,-0.008146639511201648,-0.007128309572301483,0.20052835483728979,10725.0,82796.59906500115,2400,51611314,33048922,3086708,1421436,12640921,6621335,10189350,5698290,8980478,6299529,5048133,2378401,2396605,3210005,3316586,1922464,5952533,5497462
67,000403,2018-04-02,-0.014520813165537216,-0.012907389480477538,2.119463698256,15300.0,91005.7699396051,213,5346584,3145071,178771,174149,626920,956217,716898,595785,348810,722030,1034185,0,1526000,696890,0,0,915000,0
68,000404,2018-04-02,-0.012173913043478257,-0.006956521739130417,0.23349934401355718,13692.0,97136.88146132836,606,18824062,10924265,497283,518830,2045470,2541339,2425894,1816717,3068002,2589346,3982933,759392,2533897,1343757,868294,437184,3402289,917700
69,000407,2018-04-02,0.0,0.005059021922428464,0.18789114070869356,4172.0,50966.012722549654,997,11165368,9392451,995249,1175431,2592957,2550876,1427105,1514103,2859132,2300439,1252565,1255602,934850,0,0,0,1103510,596000
70,000408,2018-04-02,-0.023090586145648295,-0.02131438721136769,0.4148521997282806,21840.0,199027.41231380808,1660,69688457,72895312,997958,1049575,6915615,7853461,7557621,6848005,10031840,12944096,4374523,6317467,4219747,6202384,6483236,5858568,29107917,25821756
71,000409,2018-04-02,0.025817555938038028,0.010327022375215211,0.2107360595804126,11730.0,50123.95288309074,760,12334479,9523839,699103,722327,3344437,3978926,2427737,2070588,3089638,1193109,1831701,1231315,303863,327574,0,0,638000,0
72,000410,2018-04-02,-0.004444444444444473,0.005333333333333412,0.19657080970806512,53520.0,207006.94451891896,3281,195067138,154678964,1000466,814466,14966116,15345902,24067769,22986031,41837706,34469490,27335399,21355999,19639738,16847572,12651113,11275703,53568831,31583801
73,000411,2018-04-02,0.008845829823083351,0.010951979780960519,0.814851077732251,11960.0,73880.15150230782,849,11947310,15612974,1449253,616412,3140917,3272893,2004307,3608429,2225482,2734104,444320,1289196,1073285,1067550,960936,1930840,648810,1093550
74,000413,2018-04-02,0.012919896640826822,0.02067183462532296,0.13898745650990005,38850.0,183947.17345180162,3107,118154380,185710440,1070655,1567071,11302307,18045958,17226964,21362151,22809909,28759031,16012935,22334456,11546510,17311493,9834291,16930426,28350809,59399854
75,000416,2018-04-02,-0.020000000000000018,0.0,0.19485820770103524,5418.0,72357.4981576298,949,10025902,6926299,717202,1105209,2283683,2848783,2768520,1738959,1006056,1233348,232800,0,302000,0,0,0,2715641,0
76,000417,2018-04-02,0.012228260869565188,0.01494565217391286,0.19914577852114082,2984.0,35373.2539842318,1366,4596894,13994338,450898,2803977,1336807,3307426,1409437,2701358,1169238,2964637,230514,492045,0,1136831,0,0,0,588064
77,000418,2018-04-02,-0.006875477463712754,-0.006111535523300349,1.458740720595236,13036.0,78823.03904642753,2018,31672877,27844067,4154974,1268392,8437961,6486822,5800785,4744166,5284629,4763938,2029590,2235527,972967,3067899,477120,1338147,4514851,3939176
78,000419,2018-04-02,0.0,-0.007104795737122527,0.28160115042298434,11200.0,91867.45505065151,399,7580270,5287381,267522,435412,1470253,1480092,1439101,1146818,1389569,519173,1217345,974048,362880,0,0,0,1433600,731838
79,000420,2018-04-02,-0.003558718861210064,-0.003558718861210064,0.1187915340898861,8960.0,74420.87000204931,560,13419111,7041022,415109,451785,2367027,1192025,4052139,1066116,3149375,1319978,998119,563405,1440615,725745,429520,430773,567207,1291195
80,000421,2018-04-02,0.0018518518518517713,0.0037037037037035425,0.27898811369432236,7290.0,54473.56803392459,374,4651151,5267362,256576,336225,1038879,1368277,631078,1155155,1074550,1622005,997380,245700,652688,0,0,0,0,540000
81,000422,2018-04-02,0.009646302250803984,0.003215434083601254,0.10890848903434275,4976.0,39356.92184034859,817,7678864,8696658,712458,904359,2453839,1966163,1528761,2652570,2361610,1973674,202150,1199892,0,0,420046,0,0,0
82,000423,2018-04-02,-0.0048661800486617945,-0.006326034063260377,1.209225131773596,55863.0,180237.6821913395,2599,163253703,88422773,771508,1160792,10419926,10858506,31117966,16518065,30607671,17603891,19143331,8024228,13890886,7538878,10553310,3008998,46749105,23709415
83,000425,2018-04-02,0.02051282051282044,0.023076923076923217,0.0699701960205806,34000.0,286345.6596990115,3135,142162829,193293009,1819341,1574038,11471084,16283680,14573611,13420120,39246381,28783757,18425775,21266814,9922067,16382279,7934403,10204742,38770167,85377579
84,000426,2018-04-02,0.005107252298263587,0.0010214504596528506,0.20949262511715439,9945.0,123156.36673052266,2188,55671886,44545840,1642950,2774439,8652844,7453986,5122123,8060581,7901422,8424047,5501588,4029791,4839247,2660752,3129855,3120233,18881857,8022011
85,000428,2018-04-02,0.007751937984496138,-0.0025839793281654533,0.1523709256532756,2322.0,32993.4561331661,645,4683623,2975352,920338,228645,1347935,709140,455921,680781,1327377,1061146,0,295640,632052,0,0,0,0,0
86,000429,2018-04-02,-0.0012562814070351536,0.0,0.30515285749274274,7168.5,78668.10686318525,680,11410341,8078612,413604,1057159,1650537,1855454,1968013,1009466,2184532,1905644,686861,849943,2667040,399000,461526,0,1378228,1001946
87,000430,2018-04-02,0.029377203290246845,0.009400705052879044,0.322175252664308,10212.0,39645.031493774666,697,6589421,10134237,833608,775208,2769305,3381769,1695097,2607352,894892,1677803,0,1382229,396519,309876,0,0,0,0
88,000488,2018-04-02,-0.031105990783410142,-0.027649769585253448,0.31391735855942005,37906.0,413747.97577073885,3061,251096132,170973055,930874,1546752,11748041,16154821,15587713,21303009,27377489,25509053,16945300,16561736,17372024,11371503,13251450,10388745,147883241,68137436
89,000498,2018-04-02,0.04269293924466333,0.021346469622331776,0.17612526858365976,6710.0,55296.73351548561,1196,13771273,16155455,1508411,779593,4216310,4099605,3505464,3625561,2277961,2775088,517721,1749346,1251374,349060,494032,1416790,0,1360412
90,000501,2018-04-02,-0.004596191726854881,-0.0013131976362442677,0.380995442909716,4590.0,74105.27208641125,1598,17076191,18717929,827868,2941498,2506080,5752338,2814406,2406002,2387004,2642528,1831923,2020188,383040,999743,0,0,6325870,1955632
91,000502,2018-04-02,-0.004362050163576825,0.0,0.4847435917633038,5526.0,32957.84263259303,357,3778771,2147829,468541,284913,1648311,908801,1027718,360899,634201,135716,0,0,0,0,0,457500,0,0
92,000503,2018-04-02,0.09956929313402574,0.08690144413478595,0.7302402836018237,88836.0,800182.628069016,2925,297000793,583960701,532827,1301815,8419717,10770631,12223140,17096753,23730015,32661122,25883022,34858142,21771170,24030589,20213656,28333699,184227246,434907950
93,000504,2018-04-02,0.029787234042553123,0.024680851063829667,1.1342157622555054,12075.0,228926.90936199322,430,8680777,19080054,171108,642304,1298062,1914229,858262,1602394,871305,1503351,241800,477641,0,1115861,0,451952,5240240,11372322
94,000505,2018-04-02,0.012443438914027105,-0.011312217194570096,0.23275255844480822,17540.0,84582.52346347054,1444,35840529,30944954,1124258,1407617,6642002,6830952,6201320,5797749,7670274,6187251,4973979,3787774,4182863,2048126,2721639,863715,2324194,4021770
95,000507,2018-04-02,-0.013392857142857206,-0.0044642857142858094,0.20502193727999526,17024.0,125368.32231206838,1911,62279726,34608319,1630688,2123833,9791915,9533699,7523138,6278616,7995598,6727695,6489690,3564551,5899447,980568,4013413,1355869,18935837,4043488
96,000509,2018-04-02,-0.02564102564102566,-0.017948717948717885,0.09807683431685074,11078.0,84234.27776622323,1587,34372312,21340752,1378709,1368518,7406900,5944846,4616612,4041409,6702723,3374072,2680730,2596697,2492839,709970,2746632,1379612,6347167,1925628
97,000510,2018-04-02,0.0,0.006033182503770718,0.261376635525463,6700.0,41854.163952033305,643,6551576,7873701,671530,639297,2214250,2148316,1489077,1989382,1205462,1388170,971257,715527,0,993009,0,0,0,0
98,000513,2018-04-02,0.0023367697594502967,0.003986254295532676,1.292900837932832,52192.0,281251.1255294244,3167,217781459,211816615,1458726,1162372,16224707,11638155,21659203,16803053,35207117,29869882,25642197,21281571,19683579,22183012,16254815,12483791,81651115,96394779
99,000514,2018-04-02,0.04054054054054057,0.039039039039038936,0.1616409083511818,20112.5,167592.05205060862,1700,49583391,53602556,1844710,855872,8957737,5225953,10138057,6008676,12461136,11206476,4908063,6963243,2647149,4940395,1316917,2175461,7309622,16226480
100,000517,2018-04-02,0.009615384615384581,0.014423076923076872,0.08069986538992455,23265.0,134811.6886824944,2674,83336623,83525454,1768017,2143813,14249809,11045435,16413513,12935188,18664324,15984983,8793667,10097745,6031520,8635817,3581046,4947396,13834727,17735077
101,000518,2018-04-02,-0.006493506493506551,-0.0016233766233766378,0.22300676522287938,6170.0,24394.350813547127,763,5820807,5584207,805870,882870,2514306,3202182,1287607,972522,1213024,227311,0,299322,0,0,0,0,0,0
102,000519,2018-04-02,0.007726269315673218,0.011037527593819041,0.17108431541251998,29716.5,139747.95768781807,2808,93923088,114461362,1967500,1896553,13096541,14450652,15485012,16301165,22439026,23570563,16359482,14331463,6116609,10938653,8086321,8571567,10372597,24400746
103,000520,2018-04-02,-0.0119760479041916,0.0,0.11702044882454864,6680.0,63526.072088673034,816,9738815,9781226,827807,759603,2938084,2742355,1533944,1823317,1802961,1655798,1264039,1610568,699986,0,0,0,671994,1189585
104,000521,2018-04-02,-0.004608294930875445,-0.0023041474654377225,0.1858503805280718,8680.0,95662.9112273937,545,11192168,7736626,572836,615281,2274290,1879603,1672609,1328741,1479731,228310,1639423,1683452,0,0,855158,417744,2698121,1583495
105,000523,2018-04-02,-0.01896333754740842,-0.022756005056890016,0.3650425540983719,15520.0,81384.72078536122,469,9234283,9092487,413040,394640,2580507,1623581,2114929,1495546,1513558,2336825,506970,650170,388500,657222,450462,0,1266317,1934503
106,000524,2018-04-02,-0.0020181634712411745,0.0020181634712410634,0.29151035088582633,2988.0,17611.65072836681,1157,4420882,4886500,1932736,1386538,1316526,2130978,578948,607603,592672,282544,0,478837,0,0,0,0,0,0
107,000525,2018-04-02,0.01694139194139188,0.024267399267399403,0.5169867199166466,17856.0,125093.03283757862,1785,46311896,48490154,1252816,1202869,8001028,8537893,7880500,6363121,10548028,7397990,7094646,7113316,2089094,3549160,2248977,3101177,7196807,11224628
108,000528,2018-04-02,-0.0033296337402884957,0.004439511653718142,0.1703538010632226,27300.0,376908.60816590156,2808,136768096,162931678,1712855,2052555,11697361,10364670,14300259,14406531,18897212,24564562,13592192,13195634,7100857,11459718,8149834,11872140,61317526,75015868
109,000529,2018-04-02,-0.015552099533436947,-0.013996889580093264,0.31532634895207545,14168.0,61376.99390427749,415,7564935,5438263,319721,424242,1910437,2313639,1843238,1253985,1708528,1192797,0,253600,348909,0,0,0,1434102,0
110,000530,2018-04-02,-0.007590132827324347,-0.007590132827324347,0.149260416604294,11517.0,83817.5574100799,1248,27025433,21307418,1068836,972273,5179619,4757899,5707971,4534557,4791636,4779392,850798,2678365,3494577,1005714,486272,413175,5445724,2166043
111,000531,2018-04-02,-0.001434720229555153,0.0014347202295552641,0.36441328130938183,6980.0,39765.94055255662,365,3920373,3492898,400353,241130,1538853,993837,707038,977785,988238,651046,285891,209700,0,0,0,419400,0,0
112,000532,2018-04-02,-0.02104548540393758,0.008146639511201537,0.27393815131993654,43875.0,212621.68481396188,2896,149807864,167117911,977633,1300046,12126251,13538795,15488293,16598529,27758297,32902521,20223845,21386979,12891183,21187254,12951002,11372799,47391360,48830988
113,000533,2018-04-02,0.11418685121107264,0.0,0.24631071369183843,8670.0,2313786.5721164066,1238,0,274507806,0,2770932,0,6589200,0,4562154,0,3872889,0,3200097,0,5294769,0,9722538,0,238495227
114,000536,2018-04-02,0.0,0.00982800982800991,0.10030078496638811,2869.0,46373.31943153553,1651,9063384,16805543,591145,2488380,2312469,5244576,1345263,2054575,1659866,2985827,2048849,1619849,664342,680923,441450,811618,0,919795
115,000537,2018-04-02,-0.02754399387911244,-0.025248661055853105,0.24084517713614792,35518.0,248066.1627144319,2958,148942325,138196849,516393,1677540,8834836,22260860,15100812,20008664,26465778,26217021,17103826,13328453,8231810,8461952,5424666,6042915,67264204,40199444
116,000538,2018-04-02,-0.03282828282828287,-0.03080808080808073,1.802151929649082,67074.0,321208.46653163317,3019,248875048,185583729,1137636,2364861,12188665,16562113,21786816,21236679,38103737,35484240,26631714,22410427,17611995,12994840,16039329,8975640,115375156,65554929
117,000539,2018-04-02,0.0022222222222221255,0.0022222222222221255,0.22564358272761903,2711.0,31695.03779281655,397,2823787,2914967,619316,212171,878924,826826,529471,444035,372470,1229349,423606,202586,0,0,0,0,0,0
118,000541,2018-04-02,0.0,-0.0034642032332562467,0.18839359022953311,6048.0,56014.994192501596,2115,26492630,18328092,4035928,1120421,9355940,2856090,4740597,3004528,3945509,3180202,2760124,1172687,721506,2461221,933026,434500,0,4098443
119,000543,2018-04-02,-0.0020746887966806016,-0.0020746887966806016,0.15009713036900243,8658.0,113549.8075817277,1032,21007889,19570705,681478,988683,4026453,3808605,2428578,2751341,2711887,2768625,2606618,2529267,738815,691818,2359680,1411778,5454380,4620588
120,000544,2018-04-02,0.02166064981949467,0.009386281588447787,0.41213231802902905,13990.0,63390.532660787634,1129,20542990,18081803,1063788,904439,5643821,5300438,4654141,3036961,4654821,4018234,1371669,2500505,680072,681285,418899,1639941,2055779,0
121,000545,2018-04-02,-0.011441647597253968,-0.009153318077803174,0.15089701307540626,8700.0,99225.39734859526,839,19221173,10596231,869127,907122,3230031,3510407,3010219,2067273,2498654,1385360,1958145,731413,3151159,689946,868999,0,3634839,1304710
122,000546,2018-04-02,-0.03934010152284262,-0.03299492385786795,0.41837414880370505,9228.0,59909.50793751873,1420,24248161,15448236,1047902,1841213,6988818,5305293,3963460,2628557,4791412,2393361,3106978,983635,3020721,315495,0,0,1328870,1980682
123,000547,2018-04-02,0.11301044634377977,0.11301044634377977,0.26148451209260243,23440.0,1050323.4891665205,1624,268157096,125476754,2286839,0,11869432,66239,8603745,112341,12756997,2072788,10478725,5078127,11884970,6859526,10729755,7322848,199546633,103964885
124,000548,2018-04-02,0.004823151125401992,0.004823151125401992,0.28884865569214974,12480.0,68284.63855546051,463,8536223,5969059,349343,516604,1985497,2209606,1218934,1442014,1043138,1359505,1017212,0,332592,0,884089,441330,1705418,0
125,000550,2018-04-02,-0.01866666666666661,-0.016000000000000014,0.37260458701018884,14800.0,70245.67778562389,1621,29105746,24241569,708493,1495333,6495410,8938437,5371721,4054838,6210402,3981963,2556993,1401337,3499922,1702280,1364987,1719381,2897818,948000
126,000551,2018-04-02,-0.01879194630872494,-0.012080536912751683,0.24908205847007533,2964.0,55854.7564248295,895,12432582,7802474,909468,609381,2220558,2126492,2175319,1212728,2470266,1852972,2307839,479338,1307823,1072328,0,449235,1041309,0
127,000552,2018-04-02,0.0028818443804032867,0.0057636887608070175,0.08060019197577409,2808.0,51904.983100476005,1865,10094763,13905314,1035524,3117590,2505883,3564467,1523711,1562227,1367123,1693705,719035,490709,977595,669343,425292,0,1540600,2807273
128,000553,2018-04-02,-0.013305322128851493,-0.009803921568627416,0.3700328722530024,11368.0,52341.138541912194,1489,23675895,16713625,2405070,963244,8465491,5158143,4747805,4163440,3804874,3451757,1181871,903903,0,645393,3070784,0,0,1427745
129,000554,2018-04-02,-0.011126564673157202,-0.00417246175243402,0.25526968735508315,14300.0,68526.30464211444,793,16584363,11051456,653614,733076,3363631,4076260,3357656,2041419,2463379,2704816,2320697,747175,1078080,748710,1335940,0,2011366,0
130,000555,2018-04-02,0.05330882352941191,0.06985294117647056,0.2790385280716648,100486.5,469692.0573433873,3434,346900595,457346018,577339,723672,10372124,11170822,20327117,19534314,39667801,43472861,34588712,34976846,31390776,37463841,23760119,22088778,186216607,287914884
131,000557,2018-04-02,-0.004385964912280604,0.002192982456140413,0.16970470338618746,9140.0,44892.49165409331,722,8895617,7177289,837570,711895,3242864,2206332,1956554,1753024,1219439,800359,737099,1019379,0,686300,902091,0,0,0
132,000558,2018-04-02,-0.006726457399103158,-0.0022421524663677195,0.13168211270368516,12544.0,62074.547731321654,1149,20201905,18254617,1115192,925338,5443293,4756599,4848936,3424327,6447352,5070460,636082,2062323,0,678042,0,1337528,1711050,0
133,000559,2018-04-02,0.02298850574712663,0.031034482758620863,0.1901986609142246,18060.0,148944.74257593663,2096,61031476,61341270,1955973,1564999,11142831,8459480,9460388,7885829,12468398,10522731,7828423,5392024,2742466,4466654,3984923,3943285,11448074,19106268
134,000560,2018-04-02,0.006418485237484006,0.011553273427471034,0.25639201233168696,11018.0,36596.539452551275,923,8477103,13465064,638605,1102844,2861746,5571542,2315995,3557162,1735299,2306510,925458,520398,0,0,0,406608,0,0
135,000561,2018-04-02,-0.00782268578878742,-0.006518904823989535,0.24936880390528246,11460.0,42812.286740589836,946,12251228,12713795,852586,876834,3906454,4317479,3554640,3126072,2977049,2644526,960499,874424,0,339660,0,0,0,534800
136,000563,2018-04-02,0.0,0.0025316455696202667,0.10415529159901232,3980.0,93191.48408863023,1443,24184773,17919684,1666909,1057548,3785656,4181812,2255128,2880728,2837788,2181575,3262706,1625839,2259298,1463090,1297709,1294958,6819579,3234134
137,000565,2018-04-02,-0.008695652173913104,-0.008695652173913104,0.23894327251451153,10275.0,53791.297033458715,834,14478266,9242670,809685,747679,3963150,2788756,3382713,2400318,2727342,1784628,2416903,1521289,342624,0,0,0,835849,0
138,000567,2018-04-02,0.014115898959881079,0.015601783060921193,0.6761516819206981,25020.0,206391.62314081812,1587,54125050,58523439,775369,1421629,7498261,7341703,9144484,6412606,11109972,7912929,6190599,6625081,3510702,4488219,2518694,3144624,13376969,21176648
139,000568,2018-04-02,0.02511052166224581,0.017506631299734732,1.0085066248924281,75283.0,242119.55352704148,3153,206445205,255028717,809830,350337,15327358,9127710,23319266,19913784,31814658,45735920,27683727,46491776,18870372,41154348,14019535,21015716,74600459,71239126
140,000570,2018-04-02,0.0019047619047618536,-0.0019047619047618536,0.2765930067048418,12624.0,68472.0457166118,360,6520518,6313969,304625,262971,1646921,1594232,1218311,1432806,1791178,992126,692303,545999,345180,364000,0,0,522000,1121835
141,000571,2018-04-02,0.026156941649899457,0.00201207243460777,0.1408375449683641,5976.0,54392.79689522401,1247,18279304,15150634,1333647,559085,4416892,3171008,3897673,4104497,4780330,3798764,2460575,1644684,314183,367135,403704,497952,672300,1007509
142,000572,2018-04-02,0.022556390977443552,0.025062656641603898,0.12379304232943437,9720.0,106608.13016488992,1041,20222450,24978736,938749,943210,4529037,2992695,2713198,2871942,4111177,2869543,3079598,4613593,2152653,2808498,491640,2144884,2206398,5734371
143,000573,2018-04-02,-0.002136752136752129,0.002136752136752351,0.1968421893836297,2820.0,58157.431724622664,565,5517265,5063931,332774,928040,982597,1398257,736368,434608,1710577,653026,237783,943500,0,0,858690,0,658476,706500
144,000576,2018-04-02,-0.005870841487279899,-0.005870841487279899,0.7776400481768289,34501.5,127686.35122022258,690,8179782,35582970,182533,415783,2334987,5168702,2647730,7050906,1497324,5783605,634593,4168485,363191,1076312,0,2098194,519424,9820983
145,000581,2018-04-02,-0.011576135351736516,-0.011130899376669667,0.4422342882537003,22460.0,195199.39716703058,2581,105419662,59646904,1471987,1612566,12876690,10969707,17151063,10488271,21249198,14071587,10904098,7692763,5549477,4889331,4099859,1774233,32117290,8148446
146,000582,2018-04-02,-0.009280742459396807,-0.0058004640371228655,0.3589804996373593,8620.0,42767.54514356028,576,7962045,5533647,565485,641755,2057052,2286676,2557342,639338,1617154,1109920,748312,504263,0,351695,416700,0,0,0
147,000585,2018-04-02,0.0,0.0,0.13978990112025094,1580.0,53251.319284120684,510,0,5450684,0,948000,0,1364172,0,376988,0,329588,0,211088,0,364664,0,428812,0,1427372
148,000586,2018-04-02,0.00280701754385948,-0.0063157894736841635,0.4545613616306841,4278.0,27733.763521189827,985,5490734,7398963,593133,2088772,2323420,2577055,1228476,1215660,973465,981830,0,219296,372240,316350,0,0,0,0
149,000587,2018-04-02,0.016949152542372836,-0.009887005649717562,0.17410454215556942,17550.0,167792.00126462383,1655,52713902,81591482,1097124,1332067,4648937,7268514,4162853,7235384,6827387,12837895,6080229,9690909,3963302,15960674,2617011,5964797,23317059,21301242
150,000589,2018-04-02,-0.0023866348448688957,0.0,0.1655967834160265,2520.0,30826.704745733732,640,4144222,3168363,158961,989701,1319988,1227327,670511,601960,1033926,146160,219031,203215,741805,0,0,0,0,0
151,000590,2018-04-02,0.1013289036544851,0.1013289036544851,0.4893692615618608,7956.0,99269.31439873551,605,16137633,5221769,910207,128236,3047378,1076868,2669529,486333,3218066,1667916,1522248,1537432,716040,324984,0,0,4054165,0
152,000591,2018-04-02,0.012658227848101111,0.018987341772151778,0.10353406366165009,5329.5,55329.95442197703,2104,18526067,30508407,1408510,2647545,4491220,7441232,3521994,7688121,2939327,5142091,2698810,2255150,1018871,1425197,1282886,2781312,1164449,1127759
153,000592,2018-04-02,0.0023640661938533203,0.0023640661938533203,0.1265523244333003,12932.0,88210.49646324915,1119,29656491,19168679,995127,762359,6346348,3536508,4730817,2915028,4591821,4862458,4091851,3094841,2491288,1401978,2636615,2595507,3772624,0
154,000595,2018-04-02,-0.0066225165562914245,0.004415011037527394,0.18307054421591504,7658.5,33455.95168946295,612,6441069,5010259,774142,594272,2431220,1938755,1471662,1311204,1124645,687733,273000,478295,366400,0,0,0,0,0
155,000596,2018-04-02,-0.0015384615384615996,-0.008888888888888946,1.5614092879029153,11702.0,70197.31876992105,1405,25443924,27047436,1739533,1039856,5413104,6554099,4817590,6030265,4821440,7349051,1839528,2021020,2995978,1334200,2240775,402270,1575976,2316675
156,000597,2018-04-02,-0.02359882005899705,-0.015732546705997996,0.2635840372731123,8095.0,80077.15377812377,1490,28811011,19502491,1480036,1486447,5657988,4634909,4613157,3250712,4512720,3321809,2420048,2463092,4538643,1315783,1916229,478608,3672190,2551131
157,000598,2018-04-02,-0.005952380952381042,-0.003968253968254065,0.131036549797895,12575.0,79303.32220676016,1482,29066146,15377211,1816656,790553,11276513,4835472,4689284,2725113,4420099,2353001,1653464,502990,1035624,2415618,442640,0,3731866,1754464
158,000599,2018-04-02,-0.01788617886178867,-0.021138211382113914,0.22090966828109274,9776.0,96713.16037403581,775,13660665,12413802,776935,661988,3391342,2800046,2526546,2048113,1826325,997693,1188114,513844,670600,718252,496313,457911,2784490,4215955
159,000600,2018-04-02,-0.023611111111111138,-0.01388888888888895,0.16201448377574562,12155.0,112728.14133757832,1978,52475034,39418363,1879933,1436370,8303297,7066269,8240994,7244672,9682306,5804553,6248447,4123849,4935425,2343456,876852,4374365,12307780,7024829
160,000601,2018-04-02,-0.017316017316017285,-0.02020202020202011,0.2147010600827733,6790.0,74448.52314916336,1043,16405825,14357185,632147,901116,4140202,3666612,2220990,2319911,4219666,3076607,3559108,1411330,997119,0,0,878743,636593,2102866
161,000603,2018-04-02,0.004420866489831976,0.0035366931918654476,0.3721748483250486,13692.0,54983.86988114921,923,14442292,16070930,418410,968733,3468206,5209451,3206414,3202051,3668650,3897609,2070400,1524636,702772,359976,404700,908474,502740,0
162,000605,2018-04-02,0.024761904761904763,0.021428571428571352,0.3821973552249937,53376.0,734586.4381382639,3052,212421635,295052973,740348,1296860,10696369,14875804,15712158,19317497,27826657,30789259,20861017,26444188,14240502,17268689,14335290,14472927,108009294,170587749
163,000607,2018-04-02,0.10408921933085513,0.10408921933085513,0.18533847461568836,5940.0,185962.06610750937,843,23461885,5901977,1245551,124312,4293433,840864,3050732,794374,5064630,1499629,1494504,269040,335016,0,0,0,7978019,2373758
164,000608,2018-04-02,0.0,0.0029940119760478723,0.24097932368623134,13460.0,45383.66975304035,769,8582504,13699839,630555,567133,3110639,3540309,1738506,5672239,973377,2369411,1243650,1152497,0,398250,885777,0,0,0
165,000609,2018-04-02,0.0032679738562093608,-0.0010893246187363426,0.41064684584773176,12879.0,67064.44533470782,499,7085360,6899272,461864,595711,2402114,2456608,1924282,1626052,870345,264406,461160,1219626,322350,331150,0,405719,643245,0
166,000610,2018-04-02,0.010101010101010166,0.004040404040403844,0.41919392324003313,9940.0,41399.34161742629,557,6116345,6559176,471287,833663,2328872,2133486,944815,1117770,1830177,870562,216810,954375,324384,649320,0,0,0,0
167,000611,2018-04-02,0.04126547455295748,0.04814305364511706,0.24904288451665108,11227.5,100277.77667068892,852,12081816,24571091,468095,993009,2985020,3272482,2513205,5283864,3146645,4729839,2010728,2230090,366175,2406689,0,1302225,591948,4352893
168,000612,2018-04-02,-0.0122282608695653,-0.0122282608695653,0.1545693577768638,5075.0,32608.230497185486,2276,20829832,14919584,2572312,2307853,8302910,5345885,4731259,3814600,2549997,2988308,1162833,462938,0,0,930597,0,579924,0
169,000613,2018-04-02,0.0744485294117645,0.011948529411764719,0.21863954907718094,32520.0,267806.28340581397,2495,123607776,137188794,1330346,1159333,9779738,9713473,13841114,12678089,19572237,20883395,14811199,14414292,13630440,8935580,7250134,7994024,43392568,61410608
170,000615,2018-04-02,-0.022439024390243922,-0.013658536585365866,0.19161927637088552,30450.0,197157.1175821579,2866,127597266,95564639,1221334,1313464,14450592,13283682,18769155,15256568,25467667,18637246,16524572,13548247,10386691,6949301,5942665,7483127,34834590,19093004
171,000617,2018-04-02,-0.008196721311475419,-0.00894187779433675,0.49649826515652,4041.0,28273.100129584385,730,5710790,5336793,827871,667573,2685204,1955213,915991,1444097,886714,1269910,0,0,395010,0,0,0,0,0
172,000619,2018-04-02,0.020979020979020824,0.027972027972027913,0.20569072039950348,7420.0,104504.1881452313,1215,20868601,21046933,1239739,1321542,3485383,3423399,3953790,2938417,3502799,3445656,1915511,2735669,2515271,0,438370,3521791,3817738,3660459
173,000620,2018-04-02,-0.008012820512820484,-0.0016025641025640969,0.16457017079790526,6952.0,75953.73712947962,1439,19191963,21045037,1470935,1043907,5621341,4230896,5227044,4861197,4322271,3062536,1931598,3003602,618774,355487,0,458967,0,4028445
174,000622,2018-04-02,0.006864988558352492,0.013729977116704761,0.15017082011495864,1755.0,33859.13484240795,847,3135447,4626117,341329,1076305,1017328,1208729,316234,622654,1025886,280646,434670,513706,0,308000,0,0,0,616077
175,000623,2018-04-02,0.0038610038610038533,0.00916988416988418,0.4137660921798652,25170.0,163325.65596849116,2508,90414409,108802906,1489705,1485952,10075825,10705753,10851427,13560574,17608757,22497116,14431476,14697827,5067811,8950555,7366643,9484609,23522765,27420520
176,000625,2018-04-02,0.007067137809187329,0.006183745583038913,0.22751126295870183,20628.0,171181.76819531602,2477,84608398,93481356,1860574,1497501,12308754,10291175,10379224,8000233,17580401,17353670,11759178,11512049,9090973,6693222,4451596,6637010,17177698,31496496
177,000626,2018-04-02,-0.02197802197802201,-0.010989010989011061,0.37117931038874047,11720.0,76001.45555832183,1016,19908306,14759452,858901,1139393,4455995,4281250,4364795,2702193,4331535,2595212,1126176,1205428,1021336,721642,810919,0,2938649,2114334
178,000627,2018-04-02,-0.011658031088082832,0.0,0.17851860021818056,6192.0,66179.61604075403,1872,30965861,18343096,2422328,1613171,5999720,6297196,5120252,3116785,4749620,2472369,2951070,2369521,3903002,1728621,1794760,0,4025109,745433
179,000628,2018-04-02,-0.029378531073446346,-0.009039548022598876,0.2687876758800546,14942.0,58951.25819057062,1084,19045477,15308392,1131200,1071220,6546210,4957793,3772617,3855082,3488483,3185482,1637374,473240,311874,0,1277719,0,880000,1765575
180,000630,2018-04-02,-0.0038022813688212143,0.0,0.05859453847268251,5280.0,122155.15178814082,2038,28848984,31028811,1469760,1809412,6409135,6755148,4634629,3551149,4554094,3560750,1472805,1029884,1358658,1322168,1388653,1791768,7561250,11208532
181,000631,2018-04-02,0.0,0.0,0.1284728210878044,4920.0,50421.96495114167,1010,10285155,10519764,1452215,663436,3935871,1942052,1404452,1596901,998420,2465709,989517,1987088,679750,0,824930,1356999,0,507579
182,000632,2018-04-02,0.08103448275862069,0.034482758620689724,0.2117188042749052,6010.0,109817.40612702083,751,10182182,19272294,328869,708400,1895346,3148496,1629236,3299323,1942822,5006199,1543987,1695923,724566,1739348,0,886500,2117356,2788105
183,000633,2018-04-02,0.01228501228501222,0.0,0.28086881793182383,13056.0,72560.40888125845,841,13644777,22869479,432443,706485,3093818,2521679,3021069,2700150,2970014,8383462,3031411,5442531,1096022,2700542,0,414630,0,0
184,000635,2018-04-02,-0.012374323279195631,-0.0015467904098994678,0.5007487600754629,12950.0,36840.78111341458,666,9723796,7769577,432180,635627,3615639,3202920,2445394,2050674,2273788,1432524,956795,447832,0,0,0,0,0,0
185,000636,2018-04-02,-0.01855670103092788,-0.01443298969072171,0.25327940109998437,93366.0,390564.7485480314,3309,361733667,334779832,505017,734752,11383904,11573483,22212938,16604341,46786263,42690892,46027648,31980041,44792723,31978801,24993479,23477754,165031695,175739768
186,000637,2018-04-02,-0.00910746812386154,0.0,0.2399285694597811,9864.0,66839.91033105868,523,10279556,3917980,597375,419425,2452649,1667924,2116887,817201,1404553,1013430,503389,0,1009320,0,1297211,0,898172,0
187,000638,2018-04-02,0.0033370411568409697,0.010011123470522687,0.26351961161172616,12803.0,55402.27860278214,1164,15889963,20176239,1339412,1167350,5372573,5242505,3875855,4625397,3930081,3739324,727342,1674300,644700,693160,0,1824185,0,1210018
188,000639,2018-04-02,0.04416611733684905,0.03427818061964394,0.4007857854699589,12576.0,97867.36504779225,1433,20679972,31368962,1046528,1512323,6141501,7427140,3226865,4051791,2826841,4712322,1880241,2681649,2062139,3025339,899007,1779316,2596850,6179082
189,000650,2018-04-02,-0.007766990291262155,-0.007766990291262155,0.16077185535904728,7210.0,167403.85715171974,1027,23512730,13629230,750351,1129540,3374136,3578421,2710175,2852708,2414430,2826728,1728968,1356912,658862,0,480168,0,11395640,1884921
190,000651,2018-04-02,-0.014153978125670208,-0.0072914432768604875,0.7794211489778902,267501.0,879547.950447067,3581,883404733,871395629,162933,97847,3971274,4779452,12676648,14770353,40383707,51801930,54048461,48998107,52775261,60467717,60985043,51789812,658401406,638690411
191,000652,2018-04-02,0.006564551422319376,0.006564551422319376,0.11897321883128613,5580.0,70098.63353739392,1479,19566127,21269379,1294723,1015472,4454612,5029847,3711102,4368683,3316686,3648229,3558841,1791326,1730220,660460,870237,885086,629706,3870276
192,000655,2018-04-02,-0.01903114186851218,-0.01730103806228378,0.14783331133620392,7371.0,53113.919508961575,1531,21641836,14588067,1334480,1382274,5920028,5212712,3719003,3770462,3299651,2730495,2467564,680747,2030854,352674,942624,458703,1927632,0
193,000656,2018-04-02,0.03867403314917128,0.05709023941068159,0.10532140219509148,27048.5,267201.39781930216,2668,104762054,168751013,1931666,1258062,12232407,9798289,13757445,11822676,16229988,20195211,14463285,19598266,10353787,12358388,7247357,5813326,28546119,87906795
194,000657,2018-04-02,0.010018214936247771,0.006375227686703067,0.3011215796336583,6671.0,33504.587460422175,1330,9725558,12912827,782488,2060076,3597132,4619458,2343626,2573992,1520969,1836762,1068423,1487621,0,334918,412920,0,0,0
195,000659,2018-04-02,-0.010695187165775444,-0.005347593582887722,0.16035554341140867,14193.0,75074.9283007793,544,11086323,9827901,373082,380495,2430363,2230821,1974822,2111755,2627404,2728022,1161644,1589408,0,376000,446400,411400,2072608,0
196,000661,2018-04-02,-0.030648842517117747,-0.02679056624279974,3.786002018192285,73292.0,377906.5355667358,2365,229237043,189284496,0,24762,12162154,7650090,16733735,19763833,25084633,20832346,24209671,18635483,13702162,18241023,13708911,13157276,123635777,90979683
197,000662,2018-04-02,-0.06676557863501487,-0.05934718100890213,0.26037507340020716,59910.0,133284.95258401646,2758,138579401,72005700,264116,1893304,6419980,9286919,42955515,17923040,48680189,21196866,14075309,7706489,3860585,3071678,3999203,3162207,18324504,7765197
198,000663,2018-04-02,-0.0186991869918699,-0.011382113821138296,0.307329014585111,19600.0,85158.33618756395,1602,45767327,22418631,1053469,1132758,11141861,6644047,9464546,5800935,7569371,4271631,4673394,1669478,2488322,680283,3194456,0,6181908,2219499
199,000665,2018-04-02,-0.0038572806171648377,0.002892960462873795,0.3342574349427687,17705.5,101275.71740816724,962,26573814,20569938,716054,614166,4399676,4435742,4337263,3378942,5926482,4951104,2020584,1336695,3026549,1447712,1815536,935190,4331670,3470387
200,000667,2018-04-02,0.0033783783783785104,0.0033783783783785104,0.08203339083272239,4477.5,75617.3218006549,1308,13323070,10328622,1325465,1741556,3153226,2886092,945053,2055405,1819629,2077212,1032727,1267675,301576,300682,409452,0,4335942,0
201,000668,2018-04-02,-0.006172839506172867,-0.006172839506172867,0.6900146348310242,6455.0,27698.793140986625,352,2625628,3030168,176775,531764,752496,1368178,976207,501139,720150,629087,0,0,0,0,0,0,0,0
202,000669,2018-04-02,-0.007646559048428148,0.001699235344095218,0.27982047458663556,8267.0,67633.8829671241,1771,28116253,22779571,2528639,1142424,7394129,4975959,5203786,3246473,6083372,5633122,2549605,2080535,2030636,1884483,489141,1743483,1836945,2073092
203,000670,2018-04-02,0.019736842105263275,0.04111842105263164,0.10384361982600936,46209.0,481007.47214901703,3449,220445995,321712353,960869,2171407,12476610,17815446,16951904,21884116,28948176,37301959,20709624,25811301,16301475,25858195,13810014,18527309,110287323,172342620
204,000671,2018-04-02,0.0025673940949935137,0.0038510911424904926,0.14954356720583825,29193.0,227014.2944554785,2720,115979408,121013022,1543280,1455466,15325806,9458076,18575210,13386277,23921884,16300394,13268350,11350904,8199432,5732596,4420777,6014855,30724669,57314454
205,000672,2018-04-02,-0.0008203445447088065,0.001640689089417613,0.22051068827018394,50307.0,209793.0966690477,3059,186162404,156145652,1034483,1124795,14946727,13468760,22588264,19978345,35577689,29958904,27660489,19695894,18392352,15285818,9664254,12701473,56298146,43931663
206,000673,2018-04-02,0.026058631921824116,0.015635179153094425,0.5185579405492489,15310.0,332296.1461233127,876,14875171,33927345,963864,512669,3740862,4374136,3019215,2683592,2618069,2672814,1822411,1721672,1050298,1680084,421200,0,1239252,20282378
207,000676,2018-04-02,0.016393442622950838,0.006557377049180246,0.3209987368894036,17332.0,86239.79571558053,1446,30114238,35745170,1142555,990834,7605475,6548742,5088494,5553981,6479789,7693569,3441565,3575378,2066812,3108678,2224440,5339106,2065108,2934882
208,000677,2018-04-02,0.03134796238244508,0.03134796238244508,0.1302757321564108,7624.5,42933.63161237718,600,3502131,7653133,553283,915689,1381674,2291329,1058187,1154392,233587,1014444,275400,755300,0,1016680,0,0,0,505299
209,000678,2018-04-02,0.008077544426494221,0.012924071082390798,0.2645558866312032,8138.0,43160.91840080174,547,7060027,5217389,877536,425595,2295091,1917095,1370641,1478586,1464859,638797,249316,0,332840,757316,469744,0,0,0
210,000679,2018-04-02,-0.009433962264151052,-0.0062893081761006275,0.32514933638476673,6335.0,45546.55976970006,382,4974998,2651832,300055,299798,1292445,1254649,1318281,473223,561015,624162,292342,0,685440,0,0,0,525420,0
211,000680,2018-04-02,-0.004587155963302836,-0.002293577981651529,0.12544157235376585,4380.0,51685.838116858395,1210,13303170,11059175,1270475,970571,3084084,4012088,2503255,1785885,2848262,1850377,1692342,1394873,1038012,301276,0,0,866740,744105
212,000681,2018-04-02,0.0,0.010795250089960406,0.5240831993411553,42712.5,248143.0564537788,2818,170788784,146645433,1189403,1043062,14476110,12037304,17105113,16788205,25493513,27876581,17382947,14775137,13509666,16422709,13023403,7548802,68608629,50153633
213,000682,2018-04-02,0.02511415525114158,0.01598173515981749,0.13833520837054689,2655.0,36223.92434221794,1004,5976311,7937889,1034383,958272,2044246,2358879,820025,1705518,1072242,1000242,1005415,484931,0,979700,0,450347,0,0
214,000683,2018-04-02,-0.0037037037037037646,-0.007407407407407418,0.0675926089815131,3228.0,82689.35971427277,1609,20991247,11821204,1818554,1206577,4065881,3216306,3441002,2613359,3562489,2343671,2626823,1171864,682991,335227,914869,425790,3878638,508410
215,000685,2018-04-02,-0.008928571428571397,-0.005952380952381042,0.28823327187959835,11121.0,77227.02975725416,1223,23018498,15350848,1712879,537102,5296498,5231670,3963435,3198170,4083601,2471922,1677567,1031754,3107462,1395575,964772,423105,2212284,1061550
216,000686,2018-04-02,0.010178117048346147,0.01781170483460559,0.18392925850167627,16079.0,138341.5161911192,1828,60256913,58582356,1331860,1703424,6851163,6923531,7769850,7685305,11777026,11881902,7506222,6385406,2515830,4479576,6550593,6915831,15954369,12607381
217,000687,2018-04-02,-0.02717391304347816,-0.024456521739130377,0.25676480650718453,21720.0,106596.97119903019,1851,56466791,42228516,1194478,1186246,9438488,8716324,7881649,8308066,12418790,11118339,5921735,5401782,6481500,2334858,3125486,956093,10004665,4206808
218,000688,2018-04-02,-0.005870841487279899,-0.001956947162426781,0.29476238373295094,20260.0,108054.79792749476,1205,31810263,33830575,724526,771707,5398307,5141671,4512601,6093517,6733285,9182693,3691184,5244013,666000,4274652,897130,1363943,9187230,1758379
219,000690,2018-04-02,0.013398294762484664,0.012180267965895109,0.21686196782437905,10068.0,160708.06540829586,1435,34352742,37233993,1648484,1416996,5337042,4663523,3700130,4430439,7340512,5014682,3931046,5600009,3116508,2388969,1683630,1870870,7595390,11848505
220,000691,2018-04-02,-0.00646203554119551,-0.011308562197092087,0.29294247711513105,5218.0,27652.378313132915,446,3637937,2443975,389215,334124,1478430,1506413,962633,458157,398788,145281,0,0,0,0,408871,0,0,0
221,000692,2018-04-02,0.0970149253731345,0.0970149253731345,0.13844335410433817,15226.0,231197.46484036514,846,46872887,14308909,1251204,182691,5525605,2072776,3781775,1728938,5411749,3005834,3421314,1907745,2461221,1353471,4083386,884395,20936633,3173059
222,000693,2018-04-02,0.0,0.0,0.8410212635570242,1578.0,19896.68617195954,87,0,512850,0,191727,0,138075,0,0,0,183048,0,0,0,0,0,0,0,0
223,000695,2018-04-02,0.016064257028112205,0.02409638554216853,0.34307378901519814,10250.0,41662.968709568166,843,9067057,9805312,729788,582441,3545878,3812077,1953652,2124974,1658528,1970981,213200,918599,357000,396240,0,0,609011,0
224,000697,2018-04-02,0.043636363636363695,0.031688311688311765,0.48193744714476017,23784.0,171109.5108658342,1596,42862793,66481262,1299795,972101,8344405,7566901,7432394,9573992,8570287,11341476,6676190,8162552,2166277,5235747,3596261,2994830,4777184,20633663
225,000698,2018-04-02,-0.010889292196007205,-0.00907441016333932,0.18626595302723162,10960.0,89975.98355709593,875,20951983,11681783,711693,749959,4159166,3312283,2722850,2896561,3797727,1832138,2327388,1628046,750204,0,843215,0,5639740,1262796
226,000700,2018-04-02,0.002008032128514081,0.0060240963855420215,0.22691603601569132,9443.0,79663.02848423016,481,5869477,8802285,663399,414165,1857435,2205128,1259814,1134611,1011041,1455736,757788,977776,320000,0,0,0,0,2614869
227,000701,2018-04-02,-0.05339805825242727,-0.044660194174757306,0.19960648151937782,29670.0,352822.8201530327,2670,139811686,124527484,1520902,2384216,7943756,13129052,11360930,15027249,18877768,23475908,14595382,17416109,10867149,13628717,13296210,7159137,61349589,32307096
228,000702,2018-04-02,-0.0176730486008837,-0.0176730486008837,0.2378185945575898,11390.0,101248.97062637101,815,21287314,12786013,787513,729509,3227875,3467804,1938177,2299708,2441364,2563991,2615711,1430458,2749981,1033640,2289467,0,5237226,1260903
229,000705,2018-04-02,-0.007509386733416834,0.0025031289111387967,0.2317631592555535,8701.0,49651.987678050944,1189,17533150,11271602,1433079,1207867,5205499,3665975,3596479,2679755,2545392,2433349,1817043,481658,726258,0,1612868,802998,596532,0
230,000707,2018-04-02,0.004938271604938427,0.0024691358024691024,0.13138775215633527,4871.0,40639.58469993701,951,6181899,9263970,680620,2172803,1906938,2864532,1324240,1794955,902673,1442929,284715,490991,324405,0,0,497760,758308,0
231,000708,2018-04-02,0.004849660523763344,0.0038797284190106307,0.3188817038996357,7273.0,74333.69869914069,1045,20156196,12420280,757510,822467,3214768,3241063,2929193,2642667,5955385,2209366,2498063,1174011,1288810,678662,0,0,3512467,1652044
232,000709,2018-04-02,-0.014204545454545414,-0.005681818181818232,0.06504262427488329,5310.0,161658.0155945294,2955,69087022,62051021,1668024,2927536,7903121,10299957,5238261,7541920,9553686,9646356,7355324,6523033,4932091,3282947,3989061,3966369,28447454,17862903
233,000710,2018-04-02,0.07928703134603565,0.07252612169637374,0.9973126513050673,36365.0,211878.9866572749,2401,91479847,138064971,684403,1190874,11543314,9226470,14475212,13453385,20931158,20499266,12202159,16211451,9305505,9604212,5830622,8507588,16507474,59371725
234,000712,2018-04-02,0.0019723865877712132,0.01380670611439827,0.37603616503348125,16813.5,129880.98631987497,1638,48633327,44804040,1245727,1396443,7239882,7330071,6876515,6842012,8547345,7613101,6105281,6789381,4358758,1640744,1332988,1335031,12926831,11857257
235,000713,2018-04-02,0.03211678832116793,0.008759124087591275,0.1943305160806668,13600.0,117192.73164750192,1243,27049922,26428446,1059073,1034021,5953918,4406285,4464509,4398989,5935201,5046263,3576957,3133095,1412328,2821355,495420,952788,4152516,4635650
236,000715,2018-04-02,-0.018454440599769306,-0.011534025374855816,0.3771112281929274,1728.0,29073.0933182899,528,2851212,2076723,674542,249642,873381,922165,1062233,199214,0,0,241056,234736,0,0,0,470966,0,0
237,000716,2018-04-02,0.024809160305343525,0.02099236641221358,0.18880942058435513,11277.0,59648.786836896244,770,7189327,13455206,664146,611784,3009100,4927149,1948460,1916560,918124,2520776,215337,903087,0,393760,434160,0,0,2182090
238,000717,2018-04-02,-0.012779552715655007,-0.0031948881789136685,0.1140348326552241,16301.0,139962.21743689408,3024,92951703,99514126,1124500,1793818,13638283,10920469,11697785,11498132,17433945,21563284,13777682,11335223,12536453,8759109,6514628,6299622,16228427,27344469
239,000718,2018-04-02,0.0049261083743843415,0.0049261083743843415,0.11810060895235043,4510.0,50250.02371611864,1184,11654135,13369714,748221,2053123,2801313,3100753,1594054,1953195,3083854,3139857,1284914,2424036,1413091,698750,0,0,728688,0
240,000719,2018-04-02,0.003468208092485492,0.0,0.2174345593932697,3452.0,26192.803612079188,1585,7645369,8319923,1076113,2454977,1962319,3489402,1715387,944703,1656477,1042942,853233,0,381840,387899,0,0,0,0
241,000720,2018-04-02,-0.0071258907363420665,-0.004750593824227933,0.17563186623891272,8360.0,237590.4839313731,575,24575389,5733402,524147,664168,2060366,1837975,989249,1193053,1589941,739743,813649,441307,1028754,0,0,0,17569283,857156
242,000721,2018-04-02,-0.017142857142857126,-0.01333333333333342,0.19169845579856806,8344.0,57830.50959738353,750,13691791,6263373,825492,593092,3375157,1700819,3451543,1441236,2271610,960086,1576429,458038,394680,705544,0,404558,1796880,0
243,000722,2018-04-02,0.002270147559591429,0.012485811577752415,0.38916927971190685,8840.0,35461.32532161827,512,4981015,4832914,591151,547626,1973382,1917835,1391265,1222436,708915,449346,0,291611,316302,0,0,404060,0,0
244,000725,2018-04-02,-0.00375939849624074,-0.001879699248120481,0.08890408300482763,225143.0,935912.0756330219,3599,807688310,1031535010,158461,135314,5562850,6594761,15316319,24418161,42837508,59033477,52594674,53895566,49057200,51645549,34127676,57914208,608033622,777897974
245,000726,2018-04-02,0.0019212295869355245,0.0019212295869355245,0.361426732792728,2094.0,68753.68490727681,829,9997991,6082621,807772,671431,1610032,1551036,1330566,941150,2158076,766761,1683285,421532,318115,0,0,0,2090145,1730711
246,000727,2018-04-02,0.008298755186721962,0.008298755186721962,0.05462897366664182,7595.0,90141.58288264002,1971,28041270,33004175,1793021,1554174,7027187,7928944,4262017,6224070,3646367,5658776,3100250,2425137,1132512,1420240,1721526,411642,5358390,7381192
247,000728,2018-04-02,0.013100436681222627,0.018558951965065518,0.19967966540087176,28170.0,188440.2171696063,2106,85238302,100164165,1446818,1258521,8680269,9054764,12143878,10767952,15915617,18823496,11840183,14353292,8967753,12013975,4392379,8126735,21851405,25765430
248,000729,2018-04-02,0.002624671916010346,0.005249343832020914,0.18305694490520083,13124.0,121089.49743745971,1735,39383096,32148485,2296896,1134383,9087170,6442414,7466776,4877340,5972810,5473334,2628032,2781004,1685309,3630799,471678,410410,9774425,7398801
249,000731,2018-04-02,-0.006738544474393482,-0.005390835579514808,0.2603292856465174,14840.0,94693.87242754533,812,22808166,12451454,540259,938545,3671119,4059171,3332425,3107158,4644153,2448288,3245886,217266,2419377,363090,1334152,0,3620795,1317936
250,000732,2018-04-02,-0.0025454545454545174,0.01090909090909098,0.49069817459344295,83340.0,450307.730200403,3143,343446816,348593352,723973,1027500,9212801,12994142,15336328,19766493,33827000,34266667,32533407,34450515,22217184,23076384,23075788,27416903,206520335,195594748
251,000733,2018-04-02,0.040462427745664886,0.054913294797687806,0.2600293404912216,43890.0,376691.72674558125,2839,135683726,169634847,1114875,1219192,11825397,13068662,18141024,22836017,27299605,27384038,16612785,18194990,11393825,13763174,12397098,9899360,36899117,63269414
252,000735,2018-04-02,0.03458213256484144,0.011527377521613813,0.18278661951175812,85043.5,416492.28918497416,3252,377054903,322482995,747328,835329,11727252,10360657,18475751,17198677,37505990,39912255,34590501,29339327,27959089,30733858,26273392,24573923,219775600,169528969
253,000736,2018-04-02,0.0,0.004838709677419395,0.707336760633571,18630.0,84209.38932464227,691,15216168,15451601,543733,552605,3477489,3329391,2923475,3078845,3603509,3517462,976317,1325722,1985949,1044805,414029,426879,1291667,2175892
254,000737,2018-04-02,-0.012953367875647603,-0.007772020725388518,0.19890048142441646,7680.0,33674.157010273244,376,4843320,2450835,406863,357752,1799856,1145373,822185,720656,1059810,227054,445908,0,308698,0,0,0,0,0
255,000738,2018-04-02,0.014354066985646119,0.014952153110047828,0.30192468331307476,54224.0,238643.28503379208,3072,200277459,195907419,979359,776127,12792638,13361056,18502824,19171114,33931334,35799575,22794795,22616309,24081829,19101323,14240269,17432376,72954411,67649539
256,000739,2018-04-02,0.015600624024960874,0.032761310452418035,0.1668309580336352,14789.0,106471.2296541497,1479,27860319,41504227,1329401,1036516,6085642,7399469,5670088,6484100,7241769,6747417,3862791,3884627,997028,1746732,444888,1383961,2228712,12821405
257,000750,2018-04-02,0.0045977011494253706,0.01379310344827589,0.11336597981640825,8860.0,132096.95473145062,1476,27620962,28967484,985626,1770940,4681631,6324549,4749757,5973361,4224072,5547946,2927617,3103505,973105,4101346,2268629,856235,6810525,1289602
258,000751,2018-04-02,0.00659340659340657,0.013186813186813362,0.14179123643064803,9260.0,66661.77475332357,1032,14795607,17741076,1010304,1136192,4152323,3817771,2873322,3102073,2637014,3763261,1241678,1593993,1652105,1104789,1228861,1661549,0,1561448
259,000752,2018-04-02,-0.006382978723404209,-0.014184397163120477,0.6671890598092025,13980.0,159846.24068683633,446,13439025,7417557,405175,364265,2278845,2035245,1840608,785175,1166238,364948,1234346,0,1712573,0,458220,0,4343020,3867924
260,000753,2018-04-02,0.0,0.0029239766081872176,0.12093796899133868,3773.0,54034.47601539308,800,10165568,4920797,1606054,355901,2500310,1264854,1030278,631182,2088045,922875,739814,419349,369068,1326636,0,0,1831999,0
261,000755,2018-04-02,0.0015673981191222097,0.006269592476489061,0.4035876871778831,7704.0,24251.37518240369,249,2005243,1996925,308386,182709,967153,849761,264692,519703,465012,444752,0,0,0,0,0,0,0,0
262,000756,2018-04-02,0.021582733812949506,0.022382094324540303,0.2918498455524613,12850.0,69916.14763763158,1838,27475944,38489519,1619074,1151358,8224073,9024832,5912056,6840165,5673830,10163470,2622247,4589872,1444572,1631024,426240,2130692,1553852,2958106
263,000758,2018-04-02,0.013864818024263537,-0.0017331022530329143,0.15282839148060065,5780.0,79330.51372256134,1427,19623893,11702807,1491379,1210869,6259647,3581998,2921771,2006445,3157024,2520810,462978,1214000,350295,305810,462400,862875,4518399,0
264,000759,2018-04-02,0.008303677342823335,0.008303677342823335,0.20595012612460745,12720.0,76134.03477299292,1677,31174017,31458236,1811758,1173546,7217058,7256240,5966773,6256001,8829688,6245171,3093965,3003517,1057396,1044400,1322081,2641531,1875298,3837830
265,000760,2018-04-02,0.014583333333333393,0.008333333333333304,0.18352761654124264,7282.0,56401.83970909955,684,8765711,7938402,566947,872385,2975920,2303434,1424101,1645511,1087144,960507,1252694,441654,0,711932,873026,432231,585879,570748
266,000761,2018-04-02,-0.0022321428571430157,0.0022321428571427937,0.1050606740779697,3615.0,70483.82491129306,1824,15600196,19963300,1260102,2541643,2937796,4353390,2028522,3004784,3006850,3190966,816591,2218382,702986,1704142,0,1781452,4847349,1168541
267,000762,2018-04-02,0.0014792899408284654,0.007396449704141883,0.32380624380392636,24120.0,156407.69249445852,1745,63039722,66289717,1110629,1235784,7773099,7451820,8392196,8366423,12171056,11093728,7344991,7606447,7786099,4786709,5714225,2636037,12747427,23112769
268,000767,2018-04-02,-0.0036231884057970065,-0.0036231884057970065,0.13712594157587824,5520.0,62686.62640115489,405,4171739,5257731,312941,387164,1157334,1301583,888674,612221,832773,1008349,276000,796375,704017,303600,0,0,0,848439
269,000768,2018-04-02,0.04542840713053464,0.03910293271995391,0.29769112730436387,96104.5,545136.9343357069,3420,414286669,499882749,861846,521888,11037250,13794903,18138971,20818655,36421919,39150139,32450808,32948268,27699395,37604974,21388895,31377903,266287585,323666019
270,000776,2018-04-02,0.0072727272727273196,0.012121212121211977,0.2970352674194464,62524.0,330361.4173954271,3088,251108905,258321658,1312921,766274,11041788,12071773,21697251,18287271,39362578,31625775,24521344,20713859,20563292,21506999,17935042,18449246,114674689,134900461
271,000777,2018-04-02,-0.0021676300578034047,0.004335260115607031,0.4290149956517637,13795.0,50705.78840119839,1040,12347926,16606685,877619,1120724,4001003,5730379,2982380,4288672,2530336,1974279,1230182,1441752,0,973879,0,0,726406,1077000
272,000778,2018-04-02,-0.026156941649899346,-0.010060362173038184,0.0995443760626279,4930.0,129094.54352174274,2502,37165686,50746392,1106728,2788995,6259560,7915951,4194927,5752243,3603698,5905737,4027910,4965879,2061486,2730919,2742322,4604958,13169055,16081710
273,000780,2018-04-02,-0.0040404040404041774,-0.002020202020201922,0.2853819351130847,10653.0,84985.05089618757,300,8022247,4669282,324298,278937,1000578,1382034,709001,763741,1821397,1192368,977620,734073,667992,318129,1928561,0,592800,0
274,000782,2018-04-02,0.06398809523809534,0.05059523809523814,0.21794805481636406,10440.0,44237.78925385093,951,8917047,14613154,1022047,540048,4188112,3992710,2298683,3844004,853112,3009898,0,1761444,0,977850,0,487200,555093,0
275,000783,2018-04-02,0.005540166204986097,0.012465373961218829,0.1771670846450837,16882.0,156254.9610418322,1662,51932726,52574761,1359797,1423845,6579279,7224905,6842923,7778253,9714909,7075952,6288387,4684617,4613834,3985449,5588630,2715386,10944967,17686354
276,000785,2018-04-02,0.0020790020790022457,-0.0010395010395010118,0.2940792531397956,9630.0,84059.43457814342,1070,18209431,15668958,508645,1398713,3438202,5268176,3998329,4158051,2625024,1407398,2704053,977252,688809,309167,480000,0,3766369,2150201
277,000786,2018-04-02,-0.008333333333333415,0.0031746031746031633,0.43881363516407035,56078.0,247273.06133051106,3301,218839121,237002640,1086778,545400,13129345,15550609,22197013,20748517,35570798,33429908,30331076,31312022,20981413,16589983,16280172,18288507,79262526,100537694
278,000788,2018-04-02,0.005524861878453136,0.01933701657458564,0.2464254050409185,9464.0,65326.192436528996,863,11081469,14477566,548607,1229164,2789378,4490044,2712330,2185897,1828858,2590252,877116,1284087,710475,315657,432600,425720,1182105,1956745
279,000789,2018-04-02,0.021258503401360596,0.020408163265306145,0.204312656918204,68730.0,312834.2830872397,3319,266209533,274535056,797297,1241193,12198633,12447814,20029534,21105299,39152149,41188947,31858394,33888618,24619597,24485277,19473314,23388242,118080615,116789666
280,000790,2018-04-02,-0.0071258907363420665,-0.02375296912114011,0.17960188828565932,21580.0,139373.47817479615,2201,66751239,62867213,1504526,1848997,9971059,10317072,11733002,9493207,13494195,16739332,11510141,6779502,6731337,3590753,3132954,3662740,8674025,10435610
281,000791,2018-04-02,0.010144927536231751,0.010144927536231751,0.2084338855278462,10462.5,58926.343105412474,1096,15404877,14143540,1081996,1074025,5537884,3798906,3480665,3347861,2341610,2469128,756921,987261,1666247,672239,0,0,539554,1794120
282,000792,2018-04-02,0.018925056775170424,0.019682059046177036,0.23501467730713363,64830.0,460068.0110470648,3166,335160248,351989440,1937790,975520,12314657,10150502,14619034,14766974,31762201,26252323,31685830,21281666,25381166,22491210,23297110,25360194,194162460,230711051
283,000795,2018-04-02,0.010238907849829282,0.011945392491467421,0.12646862063066033,17760.0,83253.94595671873,2152,48497642,44787096,1705459,1575865,11164854,10033660,11568945,9694581,10179724,7130615,4125719,5853273,3006551,4063624,1843114,0,4903276,6435478
284,000797,2018-04-02,-0.017758046614872347,-0.005549389567147456,0.3456588870519853,12600.0,90989.24784564361,679,16018884,8496365,580543,899789,3023984,2856495,3363649,1904454,2724192,2043444,1075832,792183,1708490,0,450500,0,3091694,0
285,000798,2018-04-02,-0.008235294117647118,-0.010588235294117676,0.36393346420254824,8410.0,48655.69487503006,545,7707797,4777222,538059,573330,2326755,1315291,1449687,1455825,1055258,655764,1236243,0,692228,313912,409567,463100,0,0
286,000799,2018-04-02,0.009965337954939368,0.014731369150779994,0.4853006842107724,23120.0,106805.45230510595,2264,67940973,67788802,1741624,1110219,13560040,8531433,10644236,10849630,14344548,13583713,10942519,9430372,4016849,7134473,4528163,6259979,8162994,10888983
287,000800,2018-04-02,-0.001966568338249708,0.001966568338249708,0.2761707776992809,27602.5,184237.58628133667,1356,51054811,47266629,657354,818974,5313874,6893014,7231700,7386493,9363946,10851677,6074192,5301324,4585186,4496237,1679310,5752787,16149249,5766123
288,000801,2018-04-02,0.01371951219512213,0.01371951219512213,0.13418747505953255,20784.0,115226.07033863102,2396,63435281,72301532,1843982,1391586,11919962,10640888,12265521,12701054,13592208,14181444,8820046,10507803,2295620,5387640,5084612,3901905,7613330,13589212
289,000802,2018-04-02,0.004262574595055302,0.0008525149190110604,0.34159320612814936,8176.0,38334.07346532627,1179,12268510,12299122,878548,1486795,4301592,4928090,3392922,2433994,1427390,1752758,1646017,866373,622041,318512,0,0,0,512600
290,000803,2018-04-02,0.004531722054380571,0.00654582074521648,1.322984672046179,9995.0,272927.7830104057,225,5846029,6200656,234868,282610,771582,765853,387336,358215,380943,897446,297900,792414,0,0,0,426990,3773400,2677128
291,000806,2018-04-02,-0.0025445292620865922,-0.008905852417302795,0.16298641998498808,22591.0,101425.77172046459,2330,70184110,48706789,1856519,1473646,12944951,11241321,12775480,9991314,15531066,10760202,7661945,4425533,4056977,5148396,1748108,2173909,13609064,3492468
292,000807,2018-04-02,0.013003901170351106,0.005201560468140354,0.13970986610755937,37224.0,278703.7355102592,3036,175003555,192394873,1730311,1628644,14550208,12952451,17413547,14545838,26178613,27971358,16230318,22108280,16780707,15702052,12024396,9941911,70095455,87544339
293,000809,2018-04-02,-0.0029069767441859407,0.0,0.1983746847648549,10335.0,75438.70655237629,300,6419434,4840981,213574,187714,1330282,1038942,886067,675138,1887376,1967083,454475,285104,394155,687000,464025,0,789480,0
294,000810,2018-04-02,0.038106235565819935,0.025404157043879882,0.1594966961235153,26580.0,169653.18941644128,2958,99936747,90336213,1904314,1496180,18243386,13905757,14989143,14328445,24515816,20201788,12689750,9085305,9671213,5722426,4873634,4051909,13049491,21544403
295,000811,2018-04-02,-0.00985915492957734,-0.014084507042253502,0.27257411812665033,12002.0,79935.6412283488,678,17645479,10387756,630817,544755,2884566,2426010,3174188,1652547,4323953,2008676,2211629,1439155,1071299,677220,1662712,897028,1686315,742365
296,000813,2018-04-02,-0.0011764705882352233,-0.0011764705882352233,0.2650229674700681,15408.0,86279.61692292299,1029,15826486,18168813,767821,1115654,3523737,7049682,2453486,4204704,2192688,1788424,1026402,706803,1386022,667934,427202,445120,4049128,2190492
297,000815,2018-04-02,-0.004858299595141724,0.004048582995951566,0.4218429082516469,7446.0,51710.38563876231,857,8491405,10024140,847401,893342,3570361,2736325,1801247,2133526,1216494,2092191,705162,750954,350740,317220,0,0,0,1100582
298,000816,2018-04-02,0.0,-0.005780346820809301,0.06846452759014501,14227.0,90328.38727772908,2577,58163683,49123053,2148676,1802194,13677365,9966123,11757014,9249454,11398829,8670839,6699214,5537920,3458344,4766317,1250110,2710410,7774131,6419796
299,000818,2018-04-02,0.01666666666666683,0.004761904761904745,0.289360210165395,11322.0,118256.76875473135,1899,37468998,34260921,883102,2272247,7274611,7862793,4992506,5883941,4785397,3919766,4355739,4447692,3934091,2514687,1234140,0,10009412,7359795
300,000819,2018-04-02,-0.026666666666666727,-0.013333333333333308,0.2905461264473301,15889.5,79890.48557742224,1708,36611233,28674709,1203528,1390668,9352841,8237814,7463222,5640606,6795845,5973695,4150167,1865903,337850,1010682,2513917,846903,4793863,3708438
301,000820,2018-04-02,0.08069164265129669,0.008069164265129602,0.3041464298683879,55360.0,391704.6976687516,3260,212001593,210862535,1087071,1124315,14462599,13722757,23978963,20590294,39674946,37177086,26857440,27308060,19994131,16824541,14620665,9482590,71325778,84632892
302,000821,2018-04-02,0.004132231404958775,0.009917355371900971,0.3093425145449212,18480.0,110586.84866231051,1531,43453096,33719987,889869,1040309,7937115,7939442,7006806,5465501,6522735,6081025,4836569,4224549,3657277,2475524,2545640,2682479,10057085,3811158
303,000822,2018-04-02,0.0092592592592593,0.011904761904762085,0.15879601291817907,6112.0,71109.14641504319,2271,32514338,32930488,1801308,2200654,6550838,7645164,5401502,6937086,6499113,6703692,4236725,2889861,2876856,2053989,1356812,909651,3791184,3590391
304,000823,2018-04-02,0.042268041237113474,0.04948453608247427,0.1853030274085715,33066.0,161958.97589940618,2745,92735484,127453782,1314989,1441817,11823609,15551875,14468145,16398967,20963374,26290642,12091133,14142226,6496425,10259528,7117093,9699258,18460716,33669469
305,000825,2018-04-02,-0.008695652173912993,-0.0017391304347825765,0.09922646114428685,29580.0,264624.9953528013,3374,189469569,187021625,1167479,2226492,11087942,14633366,15274175,15448874,27821496,30454342,21220215,22094927,17765719,17389171,7913773,14195830,87218770,70578623
306,000826,2018-04-02,0.013352073085031613,0.02037947997189038,0.6189801014737601,29150.0,166553.06266697176,2114,69871509,78377815,1077337,993239,10929488,13741342,11943299,12955580,13591708,17822958,8454290,9437178,3564046,4481537,1694494,4360404,18616847,14585577
307,000828,2018-04-02,0.004716981132075526,0.010377358490566202,0.410914279759958,5345.0,99165.42230893181,665,8742645,12244258,349856,1099797,1790543,1351712,1726617,1413230,1548712,3092989,213000,1368401,0,765014,467784,451118,2646133,2701997
308,000829,2018-04-02,-0.005307855626327074,0.0031847133757960666,0.2940555644379409,18870.0,77942.02463288506,1026,23433852,21230782,789614,1031036,5251562,4945596,4888510,5296109,4983202,3995592,3367963,1488692,1018640,992664,1326920,1802015,1807441,1679078
309,000830,2018-04-02,0.0206540447504302,0.02696500286861725,0.29276006937793225,135975.0,563084.3005232904,3549,540773980,528418489,322909,478802,8893301,8683545,25014859,22329671,55210393,43330037,45351515,37746976,45793375,27411818,39184367,33983773,321003261,354453867
310,000831,2018-04-02,0.0317324185248713,-0.00857632933104624,0.21653772571570395,38610.0,187196.1994352889,2903,152788611,122073234,972208,1270397,14658964,14593704,17153475,19197063,29701873,25248903,18164852,14400264,14661911,9634524,11631296,5762093,45844032,31966286
311,000833,2018-04-02,-0.00805152979066015,-0.0016103059581320522,0.21511060708159302,3115.0,27737.161289456486,833,6957380,4450786,1339001,575598,2268621,1779570,1355287,1219159,1429073,876459,223920,0,341478,0,0,0,0,0
312,000835,2018-04-02,-0.02297297297297296,-0.01756756756756772,0.30024050677125685,10290.0,46162.826049456446,607,8733424,6086256,474296,684856,2549618,2544142,2212203,1334631,1936568,336841,771990,409244,788749,337722,0,438820,0,0
313,000836,2018-04-02,-0.002083333333333326,0.008333333333333304,0.10985527462663053,9540.0,87703.19084312148,1915,30504532,33214007,1451772,1833849,6975104,7298356,6469181,5836956,6232381,7036398,4462932,2980352,1421408,962265,1372181,1437856,2119573,5827975
314,000837,2018-04-02,0.019366197183098732,0.02464788732394374,0.14082800584749994,14768.0,140624.92483299898,1630,31826619,35964072,1530060,1165771,7357964,7784599,6458522,6156143,6894966,5486363,3718722,3223399,1934308,2716259,2219824,890911,1712253,8540627
315,000838,2018-04-02,-0.011538461538461608,-0.009615384615384581,0.1690063298559641,7210.0,63633.00311621873,947,14919492,7453272,1127450,766756,3965448,2586456,3087874,1548664,2381705,107433,289083,1411963,1744236,0,413600,0,1910096,1032000
316,000839,2018-04-02,0.011204481792717047,0.019607843137255054,0.13997379163509086,22568.0,187727.59940825502,2607,96480322,106548559,1847158,1803267,14400716,10408301,12350127,11976840,18619208,15650629,8185798,11064160,10817256,6581241,5727845,8107149,24532214,40956972
317,000848,2018-04-02,-0.003293084522502654,-0.003293084522502654,0.2483487026039922,8185.5,110122.22160248349,1346,28614128,17400591,963641,1887299,4453677,5285601,1956947,2999103,2559778,3285284,3772146,1739199,1670663,301788,4484774,1348165,8752502,554152
318,000850,2018-04-02,0.004739336492891155,0.007109004739336511,0.19366424382208516,6404.0,93232.4773893896,475,9538856,7165903,277845,558594,1627951,1327977,1356967,1010637,1396005,1214276,1554624,447542,364230,0,2113234,426999,848000,2179878
319,000851,2018-04-02,0.004566210045662267,0.02511415525114158,0.17992700926372743,26202.5,126513.56336657239,2374,79900690,83946466,1631157,1796118,11222065,10471702,13200238,11424536,20766236,18344571,9248625,10332544,6392727,6224740,6639454,6301628,10800188,19050627
320,000852,2018-04-02,0.007263922518159882,0.010895883777239712,0.18752645151752756,9174.0,66042.59410450152,1944,27651457,31924631,1063957,2765976,6102002,8410771,4975040,7023680,5860145,6685494,3065890,2610422,1320733,1316818,2644861,463970,2618829,2647500
321,000856,2018-04-02,-0.00048780487804889194,0.0102439024390244,0.37893145811368684,39102.0,261391.12496671954,2930,138178370,145901816,957143,1266984,13973901,15025515,16229755,17945747,25098613,28916941,17804066,17191290,11723451,10265260,11536722,7603688,40854719,47686391
322,000858,2018-04-02,0.008042488619119936,0.003034901365705389,1.1053288341616596,218740.5,1003303.872554445,3556,926195525,808729843,99661,146302,6190617,5104442,17712390,16012520,52997684,44440982,57262918,48885634,43094017,47590818,50735439,33895234,698102799,612653911
323,000859,2018-04-02,0.0026525198938991412,0.0,0.16015360939614942,3800.0,57845.73620083735,554,5476948,5872986,301157,885897,1287419,1771732,936335,1006809,810707,1599368,469598,227400,661749,381780,0,0,1009983,0
324,000860,2018-04-02,0.03382563125297766,0.03430204859456887,0.38303774268798796,27833.0,412521.12457079306,3013,141915065,212462308,2420462,1585189,15797565,8475813,9409658,9969976,24194101,30455576,16064075,18101347,11297389,10003239,10273283,10753480,52458532,123117688
325,000861,2018-04-02,0.0,0.0,0.11985520604738792,2910.0,24913.84154307707,586,3876389,2550354,814821,503567,1535742,1094117,637491,676220,469877,276450,0,0,0,0,418458,0,0,0
326,000862,2018-04-02,0.0026041666666667407,0.0,0.16416451138576035,3860.0,50696.44782337539,547,6372061,5971216,413410,438484,1477939,1724018,1510143,956395,1115426,1470664,1005541,657965,0,320436,849602,403254,0,0
327,000863,2018-04-02,0.0,0.0,0.17761813211297908,1446.0,24784.074020831602,734,3639477,3323546,504783,924695,1114953,1320665,1072770,373770,479989,470646,466982,233770,0,0,0,0,0,0
328,000868,2018-04-02,-0.004545454545454408,0.013636363636363669,0.13121557937657088,17108.0,98329.10591238934,2536,55387929,61435591,1947771,2378801,11426951,12264182,11593714,10993047,11765389,12274041,6868699,6681610,3648496,4471927,1674098,2214980,6462811,10157003
329,000869,2018-04-02,0.005692108667529006,0.004139715394566812,1.0189252229422607,27230.0,78378.90166059,1439,35664255,32656156,954510,588329,7845503,11518844,7699775,5037646,8371867,5737796,2855649,3725163,1797343,3460598,1732068,844688,4407540,1743092
330,000875,2018-04-02,0.0,0.0060606060606061,0.11725905175529128,9960.0,51962.67264108877,793,8284609,11298446,835850,732822,2998718,3715381,2064163,3104335,1331015,726818,263773,1329744,0,654971,0,416067,791090,618308
331,000876,2018-04-02,-0.006775067750677488,-0.008130081300812941,0.1509585619570502,17133.0,193889.85676021824,2395,77961876,55606776,2178697,1307420,10140276,7690050,20742758,8142046,17347018,12202183,6367918,7282389,4308076,3147607,2255316,2237894,14621817,13597187
332,000877,2018-04-02,-0.010338345864661758,-0.0028195488721806106,0.2256828995624803,16952.0,128553.1409868377,2224,63832965,55438320,1298685,2114312,10545407,10074612,9464454,7421147,11228697,10959661,5114463,6721027,4813223,5828013,4865555,1769584,16502481,10549964
333,000878,2018-04-02,0.005253940455341555,0.005253940455341555,0.26620108314827945,20898.0,123762.15575927912,1841,59652562,50942820,1233794,1149193,9283668,8841874,9404127,6302712,11563549,10010323,9655538,6267683,4122033,4452643,5328748,3298861,9061105,10619531
334,000880,2018-04-02,0.004310344827586299,0.006465517241379448,0.4535550756856878,5559.0,36424.198166868344,418,3997668,3196459,350937,430080,1448868,1281970,1067082,443934,251590,372576,538051,667899,341140,0,0,0,0,0
335,000881,2018-04-02,-0.0017050298380221207,0.0,0.40317601503517403,7056.0,78676.88128175764,846,13749830,9793436,653880,909087,3175313,2744661,2561656,2150908,4136845,1742732,745144,511828,319683,1095400,401653,0,1755656,638820
336,000882,2018-04-02,0.03235294117647047,0.03235294117647047,0.07043319003427899,22930.5,675903.2517798193,2338,220305064,113139705,2695076,263628,15942079,2770062,12991568,4878491,25117073,8043205,18342741,6892714,15864524,4180838,9572583,4420112,119779420,81690655
337,000883,2018-04-02,-0.006896551724137834,-0.0022988505747125743,0.10842850746950246,4350.0,76278.52415740336,1615,21338779,14714178,1276130,1716973,5250362,3877065,4283259,1973086,3739724,2666251,2242112,1577550,1033072,305900,447614,844394,3066506,1752959
338,000885,2018-04-02,-0.004018754186202345,-0.0026791694574681557,0.3523244893766326,14262.0,58618.82324768656,1796,32589038,25042461,1485848,1899066,8481219,8770448,6150491,4994838,6510937,4566822,4744941,3484947,1970518,1326340,1316304,0,1928780,0
339,000886,2018-04-02,0.005284015852047519,-0.010568031704095149,0.15308624194925086,38000.0,277925.1232978076,2453,168599840,138873996,1448307,1452980,9809346,9821146,13418395,11982333,20448679,23494549,16612026,18056621,15711192,12448012,12133096,11278063,79018799,50340292
340,000887,2018-04-02,0.01285634432643934,0.017328116266070337,0.370930794237515,30659.5,185567.91580909266,2328,111277118,100942268,2404371,855767,9862295,9108056,13151426,13056724,20116485,13519386,10914248,14147778,11974686,7809480,8866019,7541701,33987588,34903376
341,000888,2018-04-02,0.0010245901639343025,-0.0051229508196720674,0.2897827396575165,13650.0,82471.37012220884,1134,24978437,19471750,1325353,1446997,4701671,5311582,6432467,3294408,5201139,3670609,1340919,1177049,731511,677241,409500,1371028,4835877,2522836
342,000889,2018-04-02,0.012031139419674375,0.012031139419674375,0.3858283836518993,17136.0,69406.15831023583,1343,28723380,25998745,1041164,670424,8276644,6606037,8531582,5445131,5881154,5992891,2889570,4558814,1675766,0,427500,407232,0,2318216
343,000892,2018-04-02,-0.0025974025974027093,0.0051948051948051965,0.27206981412177966,3890.0,41562.67580557961,801,5598162,7244648,493642,1149182,1722414,2567795,905351,1312582,1418265,515617,282100,419580,776390,311200,0,467152,0,501540
344,000893,2018-04-02,-0.006896551724137945,-0.01551724137931032,0.16826447641451184,13225.0,83623.29610843613,1189,26423595,20953546,906157,1094254,5143134,5393876,4806667,3701308,5958554,3563894,4010571,2052136,2309255,1619328,427500,943800,2861757,2584950
345,000895,2018-04-02,-0.03125,-0.026562499999999933,0.48026043513420763,35171.5,163934.36603704642,2844,124336132,81786344,1389325,1235054,18274568,13136706,18606892,13466101,26174393,17747427,14655020,7644990,5969656,5905314,5786995,1671431,33479283,20979321
346,000897,2018-04-02,-0.0031055900621118626,-0.006211180124223614,0.10646820093245755,6460.0,54047.323395040345,917,9334958,13705144,772067,1140967,2694975,3617976,1441637,2534441,1736493,3797783,704536,1333559,688371,1280418,0,0,1296879,0
347,000898,2018-04-02,-0.01661129568106301,-0.00830564784053156,0.10856887504743584,8470.0,171565.6126241472,3083,84287438,86371449,956292,3907277,7664072,12894135,6344372,11314518,8213995,13060647,5669576,9822721,8703626,8609177,4359119,3703765,42376386,23059209
348,000899,2018-04-02,-0.003929273084479323,-0.005893909626719096,0.28155168945224757,8881.0,61682.51169105422,326,4594557,3112519,278611,207761,1350102,1285278,976138,494841,740062,513839,474436,0,0,0,0,0,775208,610800
349,000901,2018-04-02,-0.008035714285714257,0.009821428571428648,0.45352431526879894,38607.0,160061.7874291095,2441,113293827,100999697,1018075,1074589,11951306,12054143,13286566,14858024,24855239,22168684,14794335,14351654,11789394,6442815,6969789,6302478,28629123,23747310
350,000902,2018-04-02,0.001029866117404632,0.011328527291452062,0.30429323679678993,4850.0,48553.67944334932,1018,8652445,11152380,1133219,1309988,2408741,3200049,1868734,1866160,2225845,1390238,203274,1430821,320132,365166,492500,892713,0,697245
351,000903,2018-04-02,-0.009646302250803762,-0.006430868167202619,0.12251306998262476,9270.0,48902.14108175354,645,7689747,5582240,1111371,628257,2539060,1951351,1598503,707100,550715,1211568,1023338,1083964,0,0,0,0,866760,0
352,000905,2018-04-02,0.01248699271592102,0.02393340270551514,0.31571625305469214,12818.0,92079.87263083119,927,17303699,17999368,1236681,848511,4445446,3882138,3907304,2390622,4078779,1841769,1538575,1294425,961710,384904,432899,1818662,702305,5538337
353,000906,2018-04-02,0.0076045627376426506,0.0,0.3779277791620855,11835.0,60717.725933859554,435,7535241,6762151,581555,357364,1955469,2012442,1616849,1443663,2167588,1184369,1213780,502913,0,0,0,473400,0,788000
354,000908,2018-04-02,-0.005272407732864748,-0.005272407732864748,0.21250160371603233,8535.0,28459.883730071942,717,6725294,6192856,714724,936094,2536791,2633220,1681823,1803655,1293519,819887,498437,0,0,0,0,0,0,0
355,000909,2018-04-02,0.015503875968992276,0.03197674418604657,0.279181904291909,16049.0,77990.15932532283,1368,23708562,30715909,1105375,834994,6764256,6130197,5095998,5891969,5902625,6574231,3667887,4390210,644088,1976206,0,841770,528333,4076332
356,000910,2018-04-02,0.005453644025780857,0.004957858205255183,0.43490307618842505,22440.0,115644.8290040103,2160,39566827,49830574,886815,1509704,17521258,7020150,5761370,6944978,8143836,17388255,658458,1867717,634848,360976,1802976,476720,4157266,14262074
357,000911,2018-04-02,0.0066489361702128935,0.010638297872340496,0.29783869540142016,9880.0,38397.7814195147,637,6279082,6927438,541914,948050,2006938,3418073,1517248,1579428,798663,462381,203633,519506,377500,0,833186,0,0,0
358,000913,2018-04-02,-0.019171304885590712,-0.013605442176870874,0.7757831172351922,14570.5,114335.64329873284,434,14904319,6499423,392243,478402,1733681,1815829,1284224,1391151,2062623,1334483,0,1076676,2628335,0,2833270,402882,3969943,0
359,000915,2018-04-02,-0.0027700831024930483,0.003165809259992214,0.6105842835024091,26301.0,109115.02476724017,1713,56712544,56091447,813430,668888,8917942,7632434,10051263,8585447,11788667,14303198,9395231,7629189,5053944,5737321,4544598,4436146,6147469,7098824
360,000917,2018-04-02,-0.010152284263959421,0.002538071065989911,0.21395047058535877,23580.0,114202.17756921497,1357,43935162,42561833,958794,994553,6011769,6755363,5730452,7083698,9751829,9174510,6116526,3389902,4713237,4768915,2179878,3210813,8472677,7184079
361,000918,2018-04-02,0.0028409090909089496,0.0014204545454545858,0.2516872521807626,10642.5,54543.94233527158,782,11895729,10855866,495379,1072433,3036919,3452379,2717617,2035677,2883364,2521340,1042334,1157369,748800,0,425012,0,546304,616668
362,000919,2018-04-02,-0.002366863905325367,0.0035502958579882726,0.30051300900086403,8470.0,46443.8471468368,790,7758003,9477723,601796,1309813,2863854,2614666,2465234,1545797,748424,1510128,206307,921964,317526,737399,0,837956,554862,0
363,000920,2018-04-02,-0.010893246187363759,-0.0065359477124183885,0.2828051121798088,20999.0,101551.64114329772,1055,31903643,24779185,794188,748746,5844066,4886698,5854154,4845273,6766577,4933380,5290800,1552357,1791981,2344267,1809963,1787701,3751914,3680763
364,000921,2018-04-02,-0.03175895765472303,-0.027687296416938123,0.2390539056695326,16898.0,97776.35102969348,2641,77668659,40280514,2331912,1683405,11369110,10904154,15082185,8921366,20848439,10220318,7774347,2842895,5297193,2037334,3214518,873946,11750955,2797096
365,000922,2018-04-02,0.014705882352941124,0.016042780748662944,0.3007373280460957,11287.5,52153.4297065864,618,8674451,9437076,754790,606332,2554109,2865065,2809964,1904071,1305106,2201878,228300,692120,398526,742770,0,424840,623656,0
366,000923,2018-04-02,-0.020692757534862882,-0.011695906432748648,0.5000049925322327,13287.0,70794.0832762909,1978,41634173,28649638,2067964,1353264,10063237,7860883,8223499,5705103,9272241,5061585,6510669,3048733,950482,2011443,1384336,436080,3161745,3172547
367,000925,2018-04-02,-0.019563581640331007,-0.004514672686230181,0.3554876334543488,14663.0,80207.33586202576,1398,33215670,20416094,1208123,780216,8603817,5702129,5407065,4465106,6792836,4199837,2678866,2646507,1019876,1743615,2492507,878684,5012580,0
368,000926,2018-04-02,-0.014568158168574263,-0.01144640998959412,0.18852928615108772,6685.0,118679.19556303766,2601,58021031,28927512,4768791,2232289,9613084,6619580,6775174,6765226,5457515,3942081,5738603,3937322,3509997,985681,4512288,1311069,17645579,3134264
369,000927,2018-04-02,0.004950495049504955,0.00990099009900991,0.16801301646724323,8160.0,69942.71597361332,578,10833351,7906110,656732,443157,3273760,1508000,1036425,1602014,1959431,1848816,1244218,1391391,0,373005,2041200,0,621585,739727
370,000928,2018-04-02,-0.0018382352941177516,0.007352941176470562,0.1574155015630628,5460.0,110838.88831330172,1195,13720008,21072416,513590,1881675,2066301,3521431,2616343,3316915,3384864,3037503,2519956,1476848,1011950,1775284,429296,0,1177708,6062760
371,000929,2018-04-02,-0.012061403508771829,-0.003289473684210509,0.2781594601247558,11804.0,61031.836966774914,1075,17238063,12729596,1108772,1046094,5121793,4124411,4014234,3518095,3940747,1127789,1683178,905995,345800,664748,451499,0,572040,1342464
372,000931,2018-04-02,0.01238390092879249,0.010835913312693624,0.24185206115040364,13040.0,56399.61039455543,713,11674654,12811412,568276,759430,2669288,3370947,2746331,2423782,3013364,4272724,1643895,798935,1033500,671030,0,0,0,514564
373,000932,2018-04-02,0.010443864229765065,0.018276762402088753,0.14327196821525323,40664.0,394407.15068396414,2866,221885901,220897033,1390602,1666143,10661841,10656643,16651333,13517684,24496118,24087993,18825155,23820012,16053698,17014593,12402755,16512065,121404399,113621900
374,000933,2018-04-02,0.003973509933774766,0.007947019867549754,0.14025126785450595,38050.0,324496.110851958,2905,181429575,184469016,1256991,1863055,13268940,12962840,16087299,15917860,25821020,23070525,18467506,16439490,15155068,12772480,15350912,11994646,76021839,89448120
375,000935,2018-04-02,-0.025757575757575868,-0.01717171717171717,0.3631431131296385,39870.0,133322.0798163531,2974,135559677,104728237,1430122,1633716,13928100,15492203,20176554,19274795,30216614,25511768,23067753,15663700,13588623,8268216,9516403,5874901,23635508,13008938
376,000936,2018-04-02,-0.030660377358490587,-0.011792452830188593,0.14798603587347595,58589.0,730229.0265448589,3291,339148819,300599070,920275,1381969,12452257,14785807,19759964,22131165,32551294,34278550,25723634,25845169,26502920,21378196,28266946,14612449,192971529,166185765
377,000937,2018-04-02,-0.009765625,-0.005859375,0.12516095999130422,10240.0,64038.458134098684,1677,36318770,22401256,1092054,1680977,6820910,4905788,10917475,4656415,8258296,4132089,6162804,4367590,626900,1036329,462137,436020,1978194,1186048
378,000938,2018-04-02,0.07860026917900398,0.07860026917900398,1.5918813620172085,134694.0,1221461.2736987486,2179,566252038,439491969,1996790,22708,12130886,696044,14883792,2989507,21666745,8248187,19391016,11110192,23821771,14069858,24114748,14587889,448246290,387767584
379,000948,2018-04-02,0.03062117235345574,0.0209973753280841,0.28154031012609065,17572.5,67920.37175590485,1650,32025491,36942608,1403430,1039410,7809488,7694457,7664181,7926006,8324277,8819196,2784239,5623915,1652311,2974162,1816178,0,571387,2865462
380,000949,2018-04-02,0.0,0.0,0.22815151203797773,5940.0,46275.543405424185,296,3272614,3093863,321024,226862,1427438,590939,361376,384673,647298,315235,205400,1576154,310078,0,0,0,0,0
381,000951,2018-04-02,-0.004801097393690057,-0.008230452674897082,0.3431301939015636,7290.0,67313.95581562119,1806,28051720,22128761,1555458,1566731,6576901,7129953,5163420,3519357,7011754,3369792,1783176,3591501,1313431,1073862,840656,441300,3806924,1436265
382,000952,2018-04-02,0.01651754989676535,0.01720578114246396,0.4319391156522076,13081.5,107581.06850796475,1132,25704184,29545429,569251,1459067,3740220,4215539,5004163,3652096,5535778,5992137,2864259,2042222,1791089,2000142,889630,3659385,5309794,6524841
383,000953,2018-04-02,-0.0046136101499422155,-0.006920415224913601,0.34502995226275485,11232.0,50857.05285083883,631,10429508,7146567,691713,540035,3646983,2282562,2247275,1797893,2124271,1090911,774913,723461,0,711705,402553,0,541800,0
384,000955,2018-04-02,-0.006802721088435382,-0.017687074829931926,0.15769859750778134,36800.0,597551.9008612703,2180,141343113,178805026,974528,1217557,8571662,9208693,11818868,12206245,17527008,16071125,13834878,12853590,14075253,10054893,11528563,9922398,63012353,107270525
385,000957,2018-04-02,-0.021299254526091715,-0.0031948881789138905,0.2460391377172989,17010.0,76626.12407501126,1457,35677004,24412353,1124108,1385419,6867707,6421019,8833456,4922028,6629594,6210717,4589580,2633985,2292023,1983805,1378487,855380,3962049,0
386,000958,2018-04-02,-0.01091703056768556,-0.008733624454148492,0.1449054464124796,12339.0,84983.43523495241,1000,19309233,13067442,849355,904755,6063835,4323792,4077687,2366999,2986632,1455028,973110,750124,660261,325707,890171,462580,2808182,2478457
387,000959,2018-04-02,-0.01619433198380571,-0.012145748987854366,0.09809575180653611,4920.0,33295.84735463036,2549,26361398,12527753,2973262,1998419,12495439,6536428,4032122,2384671,2684794,515790,1181414,773321,1054771,319124,808990,0,1130606,0
388,000960,2018-04-02,-0.0007363770250368162,-0.003681885125184192,0.26253357314455095,29744.0,205723.54707148686,2678,129408331,133601395,1434663,1048405,12182862,14136708,13583569,10539165,22374093,21946550,16659972,13273594,10573837,8376075,10753800,8416868,41845535,55864030
389,000961,2018-04-02,-0.007002801120448154,-0.0014005602240896309,0.166356045705907,17950.0,362011.09608373774,1845,100940053,101360879,868372,1647234,4339940,9714722,5310929,9346033,7180225,12781775,7985984,7459439,6857699,7184309,4068378,3064411,64328526,50162956
390,000963,2018-04-02,-0.004265691651432091,-0.0006093845216332827,1.2420334690794606,40416.0,279425.1014198005,2801,135520122,151729278,862110,881707,15662786,14668637,18259075,16526391,21276683,24429954,17636206,22338983,11287728,12936481,6647718,7811113,43887816,52136012
391,000965,2018-04-02,0.007104795737122638,0.007104795737122638,0.15457796092015127,10820.5,100140.94753110522,1328,19408563,25134115,687272,1583795,4913082,5647226,4131687,5496855,5341233,2564728,2553071,1952621,677150,995807,451848,890196,653220,6002887
392,000966,2018-04-02,0.005633802816901401,0.005633802816901401,0.13375017533048533,9940.0,90111.21630988104,705,10692471,13185396,732548,434791,2793102,2392422,1879221,1844897,2433984,2954627,955512,1303519,1076144,1038723,821960,0,0,3216417
393,000967,2018-04-02,-0.003759398496240629,0.005012531328320691,0.2849117270060109,9540.0,60325.863562086524,784,9270852,14934072,774108,889980,2716295,3522812,2423998,2651230,2118263,3471935,923558,953510,314630,1746998,0,475809,0,1221798
394,000968,2018-04-02,-0.023882896764252703,-0.01926040061633283,0.346706270974218,7656.0,41036.34365976015,1405,18162367,13509256,619267,1748199,6384900,5299364,3204124,3016169,5323300,2318017,722176,747557,1908600,379950,0,0,0,0
395,000969,2018-04-02,0.014962593516209655,0.012468827930174564,0.2012475740295194,8849.0,78318.9925197172,1590,24157734,27584503,1550204,1554057,6519106,4949127,5803418,4904351,4685123,4866265,2829010,2531740,742471,1013085,401000,1326025,1627402,6439853
396,000970,2018-04-02,0.009756097560975618,0.010569105691056846,0.24211745470712306,37455.0,208147.61342166024,2584,134341892,130480783,959423,1535805,9351326,15182475,13056597,15239950,21376938,25496055,13774896,18170499,13334730,11070639,10020815,12834861,52467167,30950499
397,000971,2018-04-02,-0.02605633802816898,-0.02464788732394363,0.2976432844606724,21661.5,124330.50244439,2278,66508222,54136338,2368997,1270456,10998789,10378728,11992253,9738837,15897436,12323624,8143473,6097175,7165588,2738401,4381326,3484050,5560360,8105067
398,000972,2018-04-02,-0.014527845036319542,-0.012106537530266248,0.22278431712744662,8140.0,34367.903601569364,343,4143385,2154048,396375,285837,1481411,1106799,686770,641229,980701,120183,271728,0,326400,0,0,0,0,0
