,code,date,pchange_whole,pchange,change_std,amount_median,amount_std,length,sumsell,sumbuy,sell_vol_0,buy_vol_0,sell_vol_1,buy_vol_1,sell_vol_2,buy_vol_2,sell_vol_3,buy_vol_3,sell_vol_4,buy_vol_4,sell_vol_5,buy_vol_5,sell_vol_6,buy_vol_6,sell_vol_7,buy_vol_7
0,000001,2017-11-20,0.08530083777608533,0.04493526275704496,0.22254732013162923,245660.0,1541677.2502960532,3486,1211943263,1364180416,399925,679127,7338069,6546933,12370282,13337817,31336982,34758280,42437596,34795377,41465822,29366133,32445302,34825227,1044149285,1209871522
1,000002,2017-11-20,0.003472222222222099,-0.013541666666666674,0.502895724037734,76842.0,574516.2726876253,3285,435291272,358713921,901982,907624,10862211,11377660,21479677,18709604,38624062,34852931,33341213,24559632,29318280,21221438,20180762,16437512,280583085,230647520
2,000004,2017-11-20,-0.026567481402762994,-0.041799504073680493,0.6588936745834142,19523.0,126537.92462930852,1845,53048500,39700809,1461937,1289334,8987346,8530758,9453736,7120131,11226576,10103335,5626551,3572366,3180174,1402896,1665525,1844930,11446655,5837059
3,000005,2017-11-20,0.0,-0.00666666666666671,0.15495613944436518,6174.0,29709.603039086825,844,8168486,6347489,702934,1163456,3140207,2693593,1740727,872717,2584618,1188228,0,429495,0,0,0,0,0,0
4,000008,2017-11-20,0.013667425968109548,0.004555808656036442,0.3110011225264536,7839.0,57118.04212624165,797,10124710,9954618,1145091,761307,2394496,2285906,2418368,2118355,2269563,1733662,258900,1923200,352400,684507,452466,447681,833426,0
5,000009,2017-11-20,0.010638297872340496,0.003989361702127603,0.16881274080884853,12886.0,105427.31255127605,1987,39325463,45444236,1608175,1912079,7065992,7769681,9732885,9329254,7467290,10707205,3096941,2422695,3855999,4950334,1755314,2267545,4742867,6085443
6,000010,2017-11-20,0.0,-0.007633587786259555,0.13692113817822793,10300.0,67170.10166083011,1468,24448914,21553736,1077606,1411706,5176528,6776951,5169451,4242009,4526369,4270968,3477570,2642891,1631609,986530,453632,0,2936149,1222681
7,000011,2017-11-20,-0.00932944606413999,-0.015160349854227317,0.4390930714192684,14935.5,71372.34736838729,1526,29982546,19770485,1476055,1188770,7137316,6756756,6363702,5072919,5038745,4185038,1911827,1369157,3840034,355320,2534867,0,1680000,842525
8,000012,2017-11-20,0.04840613931523019,0.0047225501770955525,0.17448400139975578,25215.0,169071.51380262518,2360,93668415,86833644,1273307,1734409,8520224,12511123,10511776,13879643,15915279,15533224,14748985,12295338,10321218,8367926,7956609,5342104,24421017,17169877
9,000014,2017-11-20,0.0,-0.0031847133757960666,0.8540737204071501,10906.0,55708.40641039138,337,5393280,3421815,342560,320000,1376167,1131820,1173369,855535,1108206,592851,835418,0,0,0,0,0,557560,521609
10,000016,2017-11-20,0.013975155279503104,0.020186335403726607,0.1367339951395516,20864.0,161729.3361182323,2226,81665187,79050312,1933474,1367540,9471748,9232988,9746032,13043486,11785943,16521949,8535046,9576423,10622551,6307762,4021721,1362571,25548672,21637593
11,000017,2017-11-20,-0.019746121297602226,-0.01833568406205921,0.3013771950379401,6950.0,23643.01727053003,553,4961283,3603760,718059,563690,2496243,1318020,938021,1072468,600760,649582,208200,0,0,0,0,0,0,0
12,000018,2017-11-20,-0.01157742402315487,-0.01881331403762665,0.19599373289977162,10050.0,70795.48375668513,1244,22463156,16577249,986564,1319616,4668780,5079179,3610019,3787047,5201039,3139796,1548566,2077253,698908,773028,409043,401330,5340237,0
13,000020,2017-11-20,0.026063100137174278,0.029492455418381303,0.3987686798974056,14200.0,60636.20587630604,1339,17284925,23176032,1095140,1177978,5512104,6802397,3689287,5962043,3377923,5275855,1575019,1963652,716475,784721,427305,0,891672,1209386
14,000021,2017-11-20,0.03676470588235281,0.017857142857142794,0.19547339044869125,26163.0,156013.549734617,2378,91359098,83622093,1996249,1443790,10050005,10590227,11867899,12958451,18108615,19374820,11528203,10451761,9508000,7262326,6940615,6764766,21359512,14775952
15,000023,2017-11-20,-0.022506619593998356,-0.03751103265666378,1.0325100785337409,10800.0,61613.561533466076,484,7101509,5332833,391466,397387,1946188,2343024,880774,1094267,523806,1058970,864955,439185,778552,0,903068,0,812700,0
16,000025,2017-11-20,-0.011155180961824551,-0.023301933564700117,1.0080063964568164,15682.0,50726.53304637899,1602,25160785,23220593,1222660,1914706,7871883,8520676,4622412,5992294,5667694,4822923,1217443,1208435,1630067,309120,1771134,452439,1157492,0
17,000026,2017-11-20,-0.005514705882353033,-0.018382352941176516,0.43686978274534227,14882.0,63276.88287990752,620,11854158,6701377,358319,479521,3093626,3487849,1909997,1555566,2182953,1178441,722310,0,656434,0,433540,0,2496979,0
18,000027,2017-11-20,-0.014469453376205754,-0.020900321543408373,0.17530849226525638,9150.0,128631.76396772887,1260,31938506,14935010,1217533,1596656,3857819,4479277,3544612,3710554,3998476,1757892,1807196,1243857,688080,1742954,2256496,403820,14568294,0
19,000028,2017-11-20,0.011060507482107962,-0.0008132726089784548,1.4011677962125424,12301.0,121292.57520082811,1934,40190287,28814588,4220174,723974,10892496,4152602,6037922,5418738,3523493,3773882,3788509,2216057,2074315,670993,1324446,456506,8328932,11401836
20,000030,2017-11-20,-0.002460024600246191,-0.008610086100861003,0.21765506617525168,4010.0,51686.30308430457,1397,19652883,9425826,1063281,933521,6743239,3061082,3213339,2063487,4229952,963385,3472861,0,333659,0,0,896560,596552,1507791
21,000032,2017-11-20,-0.035537190082644554,-0.02975206611570247,0.28291081696351444,15275.0,118353.25056868659,1841,43585755,32581778,1397114,1344628,7921561,8434852,8673878,7273848,9087331,5467230,5375777,478165,2480121,1401630,490998,0,8158975,8181425
22,000036,2017-11-20,-0.0064239828693790635,-0.014989293361884481,0.20517748002119307,13770.0,94685.84318062039,2076,55128899,41195709,2165410,1197716,9325984,6141936,9646222,7886508,12557637,12001389,5310473,3724101,4968097,3455976,4037634,1778369,7117442,5009714
23,000037,2017-11-20,0.02224969097651419,0.017305315203955507,0.43024672444879325,6480.0,67370.75141709215,353,3049541,4096827,351955,475804,1217754,987285,861140,252890,372693,487388,245999,248763,0,0,0,0,0,1644697
24,000038,2017-11-20,0.1697674418604651,0.06279069767441858,0.4693503140359071,20151.0,148701.7318505674,2112,61036501,51295523,1471769,1311136,11915068,8558692,9341709,7987081,10744793,11881287,8281547,6604895,6094339,4303984,3396845,1719116,9790431,8929332
25,000039,2017-11-20,0.020843924758515264,0.010167768174885516,0.3821310535666905,35793.0,226645.9705061818,2652,150183586,136926629,976275,2567739,9155445,11688554,11883174,13331799,23306347,22657175,21182105,18258081,19323322,13595248,8348783,8409661,56008135,46418372
26,000040,2017-11-20,0.0034246575342467,-0.02602739726027392,0.3662027878538938,5696.0,123064.70749664912,1594,29347498,22218836,2308870,1371241,4390334,4030266,5713895,4372237,5837634,3891866,2250356,1944798,1658483,0,835288,481600,6352638,6126828
27,000042,2017-11-20,-0.01084875558391829,-0.00574345883854499,0.8149759797909716,4656.0,22724.020518332763,369,1819656,3222450,261748,435788,961925,1354351,595983,744333,0,687978,0,0,0,0,0,0,0,0
28,000043,2017-11-20,-0.021946564885496178,-0.0257633587786259,0.4149434105378473,15240.0,138067.7795912257,639,24171096,13161524,260920,637794,2413025,2514717,2475063,2258910,4668361,1973175,3332281,1757594,4447406,956487,1769502,409448,4804538,2653399
29,000045,2017-11-20,0.01611374407582944,0.009478672985781866,0.2770688503350676,7280.0,61602.40783288584,1451,18717233,15429625,1411098,1385497,4079402,4901502,3726174,3620420,3897983,3804617,1101270,671382,634894,1046207,1764602,0,2101810,0
30,000046,2017-11-20,0.06364922206506352,0.026874115983026803,0.2571102149573691,8019.0,165667.7728572505,756,16940881,27499600,592793,877866,2876417,1943129,2044857,1480372,3237161,2544543,2201083,1383527,1761526,3166506,1451044,2240530,2776000,13863127
31,000048,2017-11-20,0.046119733924611994,0.05764966740576494,1.1683507897451104,13842.0,55595.900259954105,372,3978774,6860199,398953,273457,1374572,2329115,437595,1261422,1332264,1147531,435390,428309,0,367565,0,471800,0,581000
32,000049,2017-11-20,0.021494774206270773,0.0035495957404851897,1.239057338662565,25425.0,117770.56615350445,1677,47807021,50257316,565129,787602,7143261,9567597,8749474,10132871,8776044,12224050,6339677,5722569,2349981,3443464,2659686,1650039,11223769,6729124
33,000050,2017-11-20,0.03292005130397602,0.02479692176143633,0.42035541027258244,61282.0,463207.2669237616,3102,279844440,297008823,618344,992501,9468046,18504901,15194705,21797907,27649677,33562846,26512835,25741392,18114940,25128856,20804887,13388224,161481006,157892196
34,000055,2017-11-20,-0.007451564828613977,-0.016393442622950838,0.1810573389840909,6530.0,40242.091909565745,1375,15486690,10561644,1182070,1179020,4576045,4185078,3700883,2908333,2414971,1769641,1941960,210596,1015761,308976,0,0,655000,0
35,000058,2017-11-20,-0.018497109826589586,-0.030057803468208077,0.22508718052625112,16640.0,61970.826943689746,1482,33741340,20554322,1148655,1284823,7413258,6847992,7238828,5713400,7717705,3812689,4627853,1219119,3096396,1096084,835499,0,1663146,580215
36,000059,2017-11-20,-0.005010020040080221,-0.01002004008016033,0.23981743543079734,19720.0,131686.88165346833,1734,52881177,47423918,1313983,1435567,7532378,7734149,7273319,7519706,11711542,9546823,6170021,6980167,4146120,5442006,3633369,3088669,11100445,5676831
37,000060,2017-11-20,0.017804154302670572,0.015825914935707175,0.2126886449695295,15299.0,148726.26743578218,2262,53542801,79239182,1209821,1626090,7536709,10856315,8033243,10931348,9843977,10118864,5049929,8084635,4811796,7927638,2655652,3454219,14401674,26240073
38,000061,2017-11-20,-0.015625,-0.02213541666666663,0.27946210841684366,7530.0,66325.36605967022,755,12643325,8594404,572375,1144615,3059901,2687292,1910517,1913087,2162299,1940224,433280,445804,1075055,0,863100,463382,2566798,0
39,000062,2017-11-20,0.02520643198609296,0.016514558887440245,0.7733661960941891,13926.0,87991.27099596424,885,15967176,16803936,481252,1019805,3472106,4995968,2937792,2557320,4537475,2942115,3130476,955645,0,1026156,0,0,1408075,3306927
40,000063,2017-11-20,0.09088382434685949,0.04613674263479717,0.6006694183034555,414400.0,1696909.7107605888,3591,1412438968,1577030536,55389,59387,1665405,2023111,9447181,8185255,40313655,35076584,51076960,50234503,55545158,57310618,62049789,59247909,1192285431,1364893169
41,000065,2017-11-20,-0.005440158259149341,-0.020771513353115667,0.5880050195242861,17847.0,72124.96130186602,1184,23639302,22567808,829869,1368658,4930404,6550723,4140705,4262847,5700564,4359525,3414803,3473643,2475085,1115880,1346726,413400,801146,1023132
42,000066,2017-11-20,-0.00417827298050133,-0.0069637883008356605,0.15351345667194424,23135.0,162574.96951168103,2192,79993664,77590354,930510,1939298,6628890,11308202,10737385,14476024,12696065,16340380,10272499,12266127,5951217,8901657,4111641,3998113,28665457,8360553
43,000068,2017-11-20,-0.026936026936026924,-0.013468013468013518,0.2128597335885746,5900.0,66154.35509655834,779,10519503,8817730,838432,742391,2575388,2468999,1694197,1397840,1995262,1024392,825164,780688,999916,683912,933424,831478,657720,888030
44,000069,2017-11-20,-0.009291521486643473,-0.015098722415795462,0.16465884815847023,18711.0,276260.07517372514,2742,138557647,94041875,1842674,1685755,8825594,9217934,13696588,17937716,24193398,14347741,12132135,8042548,6346200,3796142,9225879,4434147,62295179,34579892
45,000070,2017-11-20,0.03300970873786402,0.013592233009708687,0.29240636840194434,13937.5,78627.30208298635,1242,24448685,22557598,609397,988982,5464884,6073380,4877522,3667260,5598405,5025763,3839765,2484101,975528,1371824,893549,0,2189635,2946288
46,000078,2017-11-20,0.011666666666666714,0.006666666666666599,0.14398841261492848,8962.5,109674.91474536323,1740,36972044,31670922,1439479,1290235,6733041,6418200,5447009,4695902,6825458,4194703,4677287,2908913,1358815,1543175,4908197,1297896,5582758,9321898
47,000088,2017-11-20,-0.011904761904761862,-0.01309523809523827,0.27982518849209936,9828.0,62458.71285695487,901,15158891,12617365,799560,1319377,3405157,3775212,2441297,1715651,3540900,2197806,2492312,1235351,941625,1457108,864822,916860,673218,0
48,000089,2017-11-20,-0.003456221198156584,-0.010368663594470084,0.20709540914864388,7722.0,110530.19480127114,1760,38988084,30939115,1397309,2160141,3597775,6580735,4778501,5825870,6166995,5033542,4452029,3965032,2931665,653230,2181653,3466421,13482157,3254144
49,000090,2017-11-20,0.0159521435692922,0.011964107676969205,0.23251082214239877,6084.0,91439.43098774884,1864,22568623,28010412,1857672,2083286,5484689,7609133,3508637,4903633,3136867,3638000,1926406,1278811,3057671,1587745,0,406800,3596681,6503004
50,000096,2017-11-20,0.018925056775170424,0.00832702498107496,0.7231143023715507,9268.0,53852.67013761917,333,4982409,3094024,381625,304981,1628865,994980,1045835,367865,544781,633137,263400,0,704117,317280,413786,475781,0,0
51,000099,2017-11-20,-0.006116207951070374,-0.010193679918450549,0.34765194544775196,9630.0,71172.68516611296,796,9688408,11352949,930079,957958,3489149,2906232,1826378,2064520,2063536,1658542,903266,469912,0,0,476000,1291507,0,2004278
52,000100,2017-11-20,0.021691973969631073,0.006507592190889255,0.07834298034699103,64559.0,734114.7078506072,3488,519073520,444181936,1864402,910044,14898069,8361302,20895296,16169710,31052449,29336223,33570856,29797728,24940194,23193395,28059746,21562019,363792508,314851515
53,000150,2017-11-20,-0.011560693641618491,-0.01598095885753137,1.3432669151006258,14470.0,76324.96486895763,479,8595297,6995680,469251,517670,2163768,2520127,1404731,1472483,1181975,712921,796713,514720,921435,717329,0,0,1657424,540430
54,000151,2017-11-20,-0.009219858156028327,-0.023404255319148914,0.433080039560492,13680.0,72125.47145096694,1060,19791025,18065564,660255,1334301,4131503,5652646,3757668,4525871,3616952,2348177,2339515,906516,1021783,629179,1795441,878048,2467908,1790826
55,000153,2017-11-20,-0.016887816646562026,-0.021712907117008462,0.26847491576909766,6892.0,52062.645140172186,954,12576593,8902230,802441,1097780,2901013,3148752,1974095,1908424,2115977,947912,2600090,664856,1122021,1134506,446400,0,614556,0
56,000156,2017-11-20,0.016030534351145098,0.007633587786259444,0.3752659031750028,6590.0,66592.48988733141,1219,15723167,17337273,769826,1282071,3610961,4535219,1680129,1988520,4256563,3295200,2005246,3458129,2178532,757634,411340,448020,810570,1572480
57,000157,2017-11-20,-0.0022522522522524513,-0.009009009009009028,0.08534686881861417,8760.0,166362.45507184108,2722,89259246,50777187,2736253,1720160,9243779,10374876,8021417,7395540,11249331,7854008,7874050,5425888,4558759,1742140,6823519,3075248,38752138,13189327
58,000158,2017-11-20,-0.032858707557502864,-0.024096385542168752,0.2570861134832727,14144.0,67333.32926845689,1264,25484472,21939437,1059073,1350300,5514340,6022804,6486365,3716561,5579991,3800925,3022361,4116997,721774,1035995,1318004,1341455,1782564,554400
59,000159,2017-11-20,0.0,-0.008976660682226356,0.20728624216532232,10940.0,46297.04036424138,722,9308903,8937699,430238,690105,2968390,3113062,2105690,2214857,2365997,1626407,894588,420524,0,391600,0,481144,544000,0
60,000166,2017-11-20,-0.0017921146953404632,-0.0035842293906810374,0.11567863724940351,8310.0,147355.9642643944,2333,51152943,51245318,1020957,2157896,5889102,7961000,8219054,9686452,10227036,6681236,3540779,3704167,2355039,2275131,3051061,2164250,16849915,16615186
61,000301,2017-11-20,0.013675213675213627,-0.017094017094017033,0.14612835147483172,17250.0,89429.76042175264,1606,43520085,30429165,1064370,1015513,9330842,6455809,7215776,5424746,10217676,8650736,4816426,2506821,679746,2154017,2248882,924173,7946367,3297350
62,000333,2017-11-20,0.020934579439252365,0.008971962616822315,0.9059318939987621,189385.0,857551.1376385816,3489,816199371,691385570,317438,233064,8850100,7387428,15465625,14186850,44717432,36939890,44227654,47460953,44091077,36972262,40158876,34952141,618371169,513252982
63,000338,2017-11-20,-0.005793742757821629,-0.023174971031286296,0.14544799241881554,83915.5,446781.38695351296,3530,425895972,346410729,1080945,718818,15811429,11217317,22464269,22278913,42404256,37854364,39589811,39818408,30542586,32850693,29848883,25861192,244153793,175811024
64,000400,2017-11-20,0.004073319755600657,0.0027155465037338455,0.4184465566613608,14760.0,81088.2320400962,1239,28167305,23396939,840898,1132667,5837801,5113704,4433485,5689075,5227208,5011530,3127735,3370568,4303429,766740,1315916,400400,3080833,1912255
65,000401,2017-11-20,-0.009339080459770166,-0.015804597701149503,0.2913356099374206,29964.0,214418.99912456213,2285,109390774,109253631,1021585,1691205,9918199,11341055,9778275,11507697,18525072,19038698,14490881,11134639,9907757,9613928,7966722,9349990,37782283,35576419
66,000402,2017-11-20,-0.01621621621621616,-0.02612612612612608,0.2235053145416153,14130.0,158329.61853795362,2469,93257153,59769502,2249141,1294623,11382293,7582587,9474904,6618335,15382542,9429384,14233940,6961265,8555634,6344022,4581618,4129841,27397081,17409445
67,000403,2017-11-20,-0.0014880952380953438,-0.006845238095238182,1.1789277317477849,50114.0,135371.45413470225,812,37594466,36974082,163400,232539,2776916,5608094,4484921,7002784,11767863,10225848,4495335,2628373,5381855,3123232,2557268,2188248,5966908,5964964
68,000404,2017-11-20,0.009493670886075778,0.009493670886075778,0.21793976412022667,13640.0,85448.28006065688,841,15856077,19239355,647174,693552,3746530,2941824,4456422,3528854,2395050,3406804,2500171,2300032,1558362,1415868,0,1313271,552368,3639150
69,000407,2017-11-20,-0.006501950585175664,-0.005201560468140465,0.3034971232624341,12911.5,55274.95543069936,642,12494582,8903342,472982,644810,2832195,2342930,3252267,2642628,2691855,2127734,1239897,1145240,1081238,0,401908,0,522240,0
70,000408,2017-11-20,0.006818181818181612,-0.005681818181818232,0.42489096395571496,15561.0,157955.16459438857,1738,50851076,54138219,492558,1609304,5261734,9900906,6440931,4780531,11347920,10231602,4610806,6187936,3867591,7119889,3625039,1793919,15204497,12514132
71,000409,2017-11-20,-0.009036144578313143,0.0,0.25135117496746945,10416.0,60125.00862585283,698,10713382,8254669,537603,922658,3315449,2486664,2378963,2148013,1979672,1001795,496100,943599,650500,0,472684,0,882411,751940
72,000410,2017-11-20,-0.02137767220902609,-0.028503562945368155,0.23883259063234236,10686.0,179825.50083255395,1244,23380022,26742740,1077451,1422597,5063189,5126486,3696577,4714629,4716476,2675797,3384708,3956379,2366045,323158,853192,813303,2222384,7710391
73,000411,2017-11-20,0.006153846153846176,0.003076923076922977,0.8140346248352236,1957.0,97104.41712881178,574,7425398,3312607,944798,160836,978422,758420,863726,422803,707427,577742,295205,216450,0,392000,430950,0,3204870,784356
74,000413,2017-11-20,-0.01762977473065641,-0.028403525954946218,0.1799843845955111,60977.0,406008.6041426399,3224,295420229,276802119,991458,1897723,10669235,14916927,15004404,22197972,30577619,44240582,20106999,29935981,18255806,26186702,15751246,15573519,184063462,121852713
75,000415,2017-11-20,-0.011128775834658211,-0.011128775834658211,0.1287440769771132,6225.0,99027.38231982461,2394,47502432,40004951,1894212,1518229,8432351,6998684,7772319,6030394,8331852,5251027,3692490,10544287,2651064,4599813,1776945,433320,12951199,4629197
76,000416,2017-11-20,0.03745318352059934,0.033707865168539186,0.24165315900314308,10673.0,66172.23254388703,1100,18261437,16599992,1176714,1274885,4535170,4355889,3755482,3598101,3545507,2203850,3097826,1475440,693342,1003675,822260,475448,635136,2212704
77,000417,2017-11-20,0.01356350184956856,0.011097410604192337,0.25429851065162423,4866.0,40824.51942438877,1017,7941730,12198596,554420,1859185,2955321,3409440,2319555,3125858,690424,2315040,234900,697658,734320,347535,452790,443880,0,0
78,000418,2017-11-20,0.015889464594127878,0.011053540587219413,1.5216023862480212,11766.0,81840.81026182542,1449,32421509,23061878,956395,1343320,7865382,6598653,5367890,4934201,6547911,3880574,2882349,2751607,1681978,1616498,2643968,1352859,4475636,584166
79,000419,2017-11-20,-0.008090614886731351,-0.012944983818770184,0.29308391971380077,12100.0,46467.17447015006,444,6685926,4909837,223496,550872,2199997,1696633,1712732,1201002,1318076,1238448,0,222882,661790,0,0,0,569835,0
80,000420,2017-11-20,-0.011904761904761862,-0.02678571428571419,0.10119717286669541,8425.0,66271.83299995791,1107,18609785,13737588,1008085,948938,4596504,3515300,4050009,2552268,3494901,1998763,1921136,2835520,1370932,323000,453120,927206,1715098,636593
81,000421,2017-11-20,0.006201550387596955,-0.007751937984496138,0.243967568621617,3840.0,19193.110616248807,699,3495738,3465688,621772,1005675,1571703,1339572,835221,720549,467042,399892,0,0,0,0,0,0,0,0
82,000422,2017-11-20,-0.00704225352112664,-0.009389671361502372,0.1330324168743074,12510.0,77732.23375738272,1027,20581752,17562612,686086,1102401,3964393,4640235,4155811,3042869,4544526,4033747,2333256,1877168,1040898,300460,910760,838000,2946022,1727732
83,000423,2017-11-20,0.0251653492498789,0.0208098080335537,1.1542821799493836,63010.0,309776.7459775786,2885,188867525,251421206,781993,869677,11022134,12046500,19986117,18891536,27239341,30376732,30827836,23590423,18385388,21158724,20633583,18236355,59991133,126251259
84,000425,2017-11-20,-0.01846965699208436,-0.0237467018469657,0.0681951671803707,15787.5,186943.1006326819,3120,121397160,100838184,2488268,2023998,12868085,10798888,13948759,11540343,21294083,20149166,15663225,6585623,10818953,7466956,4076305,6242031,40239482,36031179
85,000426,2017-11-20,0.03833515881708638,0.03285870755750264,0.18854853282970785,8365.5,76776.24443306559,2352,31751676,43800884,2081460,2279174,7793815,9247133,6122364,6596315,7622517,8981865,3055494,5387424,2422564,3116362,493500,1424152,2159962,6768459
86,000428,2017-11-20,0.0024390243902441266,-0.004878048780487698,0.18333525138390597,5310.5,52525.888962605764,500,6379356,5793533,339822,393649,1965583,1821866,1156318,627289,1865233,1193489,608000,469200,0,327200,444400,408000,0,552840
87,000429,2017-11-20,-0.005102040816326481,-0.007653061224489721,0.2402541022236699,7790.0,36508.9896851574,1065,13105153,7827780,1067254,1099691,4990092,2961405,3284838,1228179,2021077,2265076,1218971,273429,0,0,0,0,522921,0
88,000430,2017-11-20,0.0033003300330032292,-0.0011001100110010764,0.42678544372784505,7223.5,39140.982911625906,454,3996068,3346833,572588,704699,1429705,1588364,697528,656618,278000,397152,0,0,0,0,471365,0,546882,0
89,000488,2017-11-20,0.018416206261510082,0.008594229588704705,0.33036451149691476,27948.0,182141.40100238906,2433,93353724,106953883,1314980,1999667,9232591,11973943,9942971,15458626,16903528,22953456,12029079,11027840,10097191,8633996,6710132,9356179,27123252,25550176
90,000498,2017-11-20,0.0014471780028944004,-0.01591895803183796,0.1570041905153733,4718.0,36953.78430012253,1944,17567035,14084400,1550945,2193817,6402372,6006171,3555658,2593683,2765101,2497744,1072689,425585,1036380,367400,0,0,1183890,0
91,000501,2017-11-20,0.006571087216248772,-0.0029868578255672906,0.44920561372436146,6680.0,69887.14467513161,1390,22335509,19292488,704166,2602989,3722435,5511983,5084521,3363763,4242093,4424504,2044073,1197059,1404327,635973,430128,810567,4703766,745650
92,000502,2017-11-20,-0.018803418803418737,-0.02564102564102555,0.4264358766767707,12573.0,99536.67998312865,753,19727023,9637307,506954,604462,3699239,3358400,2257256,1924779,2901927,1854402,2154971,256058,2459467,662336,0,444640,5747209,532230
93,000505,2017-11-20,-0.004921259842519787,-0.0019685039370078705,0.3093696924419451,11916.0,93209.60633334967,1081,20632358,21880312,1054770,721452,5176415,3930950,3162015,3625700,5180862,3944281,2644980,1019640,995913,2684800,404799,985368,2012604,4968121
94,000506,2017-11-20,0.017699115044247815,-0.06826801517067005,0.21290966846194315,19425.0,383998.94594114146,1386,31201081,73949576,622802,1357719,5056025,7913709,4736977,6720600,5463312,6064032,3610235,3796833,4534035,4026819,2684526,3632854,4493169,40437010
95,000507,2017-11-20,0.007035175879396949,0.008040201005025116,0.2107209717081957,19480.0,102501.5027711128,2232,51953774,59998763,1654007,2408339,8760575,11388354,9312806,11440561,11101622,14121931,5524165,6555962,4470396,4265363,5000005,1765711,6130198,8052542
96,000510,2017-11-20,-0.02839506172839501,-0.025925925925925908,0.27369528522173925,10127.0,63670.176554973325,878,13328701,10434651,762089,1036961,3699068,4059111,3019994,2602130,1643218,1632829,881105,0,1046550,0,0,411060,2276677,692560
97,000513,2017-11-20,0.020145985401459843,-0.005985401459853934,1.4204945935293762,40980.0,232826.7996008683,2328,136429562,128411168,1159546,1477354,8565097,9911355,16327236,12364981,21971203,23319332,11032066,16210984,16294835,13351329,5326401,7591021,55753178,44184812
98,000514,2017-11-20,-0.014749262536873253,-0.020648967551622488,0.21118683982963646,8762.0,36898.84245701984,1032,10639164,11200087,750766,1432547,4121578,4238246,2535073,3206463,1676214,1601631,782044,0,329000,721200,444489,0,0,0
99,000516,2017-11-20,-0.008146639511201648,-0.012219959266802527,0.1435627329736705,10164.0,134790.5044427513,1171,28353893,21408190,827994,1821577,4090800,5558538,2916292,2777096,5280101,3045277,3092065,1317512,1686720,1040529,2355045,442163,8104876,5405498
100,000517,2017-11-20,-0.005063291139240533,-0.012658227848101333,0.12784703349303675,3910.0,42856.17575768784,956,10936899,7069875,737699,835341,2705935,3349404,1672984,1386737,2964704,893342,1896878,237120,0,367931,424399,0,534300,0
101,000518,2017-11-20,0.015037593984962294,0.004511278195488577,0.2904499101095016,6655.0,29369.468602969544,524,3942227,5085407,445373,673324,1686025,1701674,789928,1804186,817621,646183,203280,260040,0,0,0,0,0,0
102,000519,2017-11-20,-0.017835909631391256,-0.022592152199762183,0.2076562117471114,14814.0,134497.07570493623,1642,32081502,43380203,1110077,1963638,6405094,8776074,5906929,6978997,4974699,6768304,2841572,3282675,1472256,2501796,885533,1711695,8485342,11397024
103,000520,2017-11-20,0.0226757369614512,0.0226757369614512,0.12387980997209043,12628.0,163565.3870520847,1273,24724558,36157686,1034068,1302665,4647898,5699792,4082428,5158790,5173644,4062572,3364462,3776164,1395891,2256851,1749847,2639714,3276320,11261138
104,000521,2017-11-20,-0.026642984014209503,-0.028419182948490218,0.15530649398773963,13475.0,104548.43386688583,1317,31233254,24613655,682503,1453892,4979250,6122926,4468912,5083821,6836369,4899075,4107747,1428578,2333672,2614771,1692135,418125,6132666,2592467
105,000523,2017-11-20,-0.01016949152542368,-0.019209039548022555,0.31842607601891226,8605.0,53985.825028788495,774,10083725,7577127,560854,991233,2779911,2870224,1491418,1838519,1648265,646954,1336502,454477,1018885,0,1247890,0,0,775720
106,000524,2017-11-20,-0.015993265993266115,-0.026936026936026924,0.4404867647461635,6954.0,23949.894561307716,727,6377056,4554198,1031593,554613,2809237,2403384,1086294,903400,1449932,692801,0,0,0,0,0,0,0,0
107,000525,2017-11-20,0.001761338617349173,-0.001761338617349173,0.5983752272389522,22390.0,114586.41543551549,1442,46212726,45306932,1122382,784062,6601754,5982166,7341145,5367047,9291903,9535370,7149288,7627575,3494768,3035546,3102500,3025200,8108986,9949966
108,000528,2017-11-20,0.014211886304909438,0.009043927648578753,0.17915004175230798,10114.0,63930.81291060158,1869,33958593,20868994,1753026,1262398,8758025,6183346,8316303,5205517,6601747,2845768,2994175,3323797,1294322,700246,940850,0,3300145,1347922
109,000529,2017-11-20,0.0027100271002711285,-0.006775067750677488,0.3139785558635785,5896.0,62566.32552157123,553,7037884,5515015,879799,449756,1974334,1093648,1474561,1097711,1329628,590419,706334,449833,673228,367285,0,418840,0,1047523
110,000530,2017-11-20,-0.013513513513513487,-0.010135135135135087,0.17767462548220325,10503.0,71247.84457388544,1112,16522192,17677209,662241,848151,4172151,5021634,2958217,2705165,3845071,2902385,1658654,3435264,1324937,1294723,0,877441,1900921,592446
111,000531,2017-11-20,-0.03255813953488362,-0.027906976744186074,0.28378859671649104,12457.5,105325.00396931905,930,17887998,15978561,1142369,772576,4534648,3702883,3400184,2509956,2639621,2018124,1497293,2087203,330424,1690623,881591,420000,3461868,2777196
112,000532,2017-11-20,-0.002510460251045954,-0.013389121338912124,0.4167873235358627,11720.0,51163.14534015401,822,13189748,8233008,835397,726329,4316822,3213449,2568434,1858096,2573214,1081127,1075357,765507,367694,0,952605,0,500225,588500
113,000533,2017-11-20,0.013584117032392706,0.010449320794148287,0.37747629567450963,11190.0,308942.64864488674,644,21770372,29438376,568582,709103,2469204,2532387,3222907,1310491,3115427,1158197,740679,1315915,720040,640609,0,1246086,10933533,20525588
114,000534,2017-11-20,-0.032786885245901676,-0.03415300546448086,0.6001483948967808,14590.0,72705.18230530711,595,10536407,11282009,431204,529162,3219979,2865834,2845878,2772528,1141326,1638376,663610,1563999,333190,315684,847524,0,1053696,1596426
115,000536,2017-11-20,-0.015473887814313358,-0.01740812379110246,0.15671374126289764,6681.5,83797.36937160674,1090,14601335,22667767,740996,1200937,2320548,3371896,2001438,5216738,3473020,2220276,1530774,3579070,978722,2074694,0,1343499,3555837,3660657
116,000537,2017-11-20,-0.032278889606197514,-0.04906391220142026,0.38444495893614256,27243.0,214161.9281017912,1628,74469214,68726447,667389,1283939,5589411,7398855,7007715,9889673,10540935,11924368,8288161,9914734,8495904,10384211,7479308,2609639,26400391,15321028
117,000538,2017-11-20,0.003168316831683171,0.005049504950495054,2.160470140436222,60060.0,273144.9452079553,2187,159989555,119552639,67826,44094,9028157,8145891,17975316,14514523,25652628,16790562,19444964,16030195,11845399,8788118,10092952,7152641,65882313,48086615
118,000539,2017-11-20,-0.005976095617529764,-0.009960159362549792,0.1618264459231733,1497.0,29591.78152290992,963,7481941,2779514,1316890,547584,2389446,1545475,1052270,395125,1521530,0,703805,291330,0,0,498000,0,0,0
119,000541,2017-11-20,0.00756756756756749,-0.007567567567567601,0.20757366326792284,14560.0,98160.22110963165,1988,50547510,34182524,1943407,1421338,9322484,8170176,10076487,7312601,9039795,6651234,5665342,3400112,2775832,2163318,3148974,938134,8575189,4125611
120,000543,2017-11-20,-0.005791505791505669,-0.009652509652509633,0.1713778213502053,8746.5,98738.8961686383,914,17658734,15367309,1128741,877263,3117618,3402654,2166678,1730606,4427350,1954274,2281770,1615297,693258,1306260,1300550,928998,2542769,3551957
121,000544,2017-11-20,0.005241700640652214,0.004659289458357474,0.5460577554137814,12054.0,71477.7424921986,988,12082353,18398371,1324615,820531,4349591,4402117,3002802,4153040,2618209,2110582,468675,828535,318461,387000,0,876646,0,4819920
122,000545,2017-11-20,0.007874015748031482,-0.005905511811023723,0.15112180392061172,6487.0,72204.01816623262,1131,16497562,11705724,785033,1169907,3728274,3981050,3229792,2543676,1294071,2251654,1987316,1019485,737500,308952,865658,431000,3869918,0
123,000546,2017-11-20,-0.05973451327433621,-0.0547566371681415,0.4410802886274156,18568.0,135433.99871546635,1688,48725237,59580467,902903,984076,9191462,6743097,7549585,8115017,8839090,10393293,5591642,9284956,5216570,4510387,3126968,4052408,8307017,15497233
124,000548,2017-11-20,-0.014705882352941124,-0.014705882352941124,0.2301654855894568,6550.0,42492.1717134593,873,8900041,7429441,767954,851404,2961589,2943845,1756408,2076641,1533637,760951,241521,0,992286,326000,0,470600,646646,0
125,000550,2017-11-20,-0.01659038901601828,-0.020594965675057142,0.5274722907366464,13672.0,89663.95748727118,1098,19020322,17296627,872282,975022,4424715,5669212,4502354,2842688,3718964,2571073,1201912,743253,1738811,682200,1361084,0,1200200,3813179
126,000551,2017-11-20,0.013079667063020217,0.0011890606420927874,0.33764996899285227,8370.0,62985.03661056023,620,10356088,5932648,685139,650500,2340612,1846771,1627743,1747194,1895317,688504,1406076,999679,333231,0,0,0,2067970,0
127,000552,2017-11-20,0.011560693641618602,0.00867052023121384,0.07935284529333171,2058.0,38495.50930299578,1911,10832734,13993300,594338,2200748,2467764,4569174,2318557,2652217,2987321,2780206,803088,687958,639892,0,0,451825,1021774,651172
128,000553,2017-11-20,0.009374999999999911,-0.0012499999999999734,0.3750543575011961,17303.0,94511.17547643094,1821,48300803,38356136,1634631,1469488,7886371,8484989,7834980,8134682,10402230,9835234,5883277,3103758,5721598,2131445,2244662,926120,6693054,4270420
129,000554,2017-11-20,0.0012345679012344402,-0.007407407407407418,0.23466052583632532,11895.0,62195.14517616451,1193,20618998,17755234,921680,1654669,5204868,5087321,4011005,4350079,4233716,3273081,2174140,1763906,1634891,739628,405000,886550,2033698,0
130,000557,2017-11-20,0.008368200836819994,-0.025104602510460317,0.13415165973081158,4412.5,47856.87444948385,1274,12202077,12766989,617766,1471327,2992025,3892727,1720177,1731530,3418870,2432182,1996814,1457383,996426,1322028,459999,459812,0,0
131,000558,2017-11-20,-0.019469026548672663,-0.01592920353982319,0.13511644914582974,14274.0,58534.737309384,1753,28798857,31258907,1057847,1841165,5868477,9708597,8030306,8136891,7696524,7120249,2818801,2098607,1073570,997198,443079,0,1810253,1356200
132,000559,2017-11-20,-0.02144772117962468,-0.01787310098302053,0.24160175111919518,26376.0,193473.11191022233,2150,94329173,83840481,1193390,1310413,9197992,9553713,10663476,10004228,14070227,16211047,10777315,15266770,7467473,6789345,5714942,4740785,35244358,19964180
133,000560,2017-11-20,-0.011099899091826404,-0.030272452068617617,0.24268822210858382,18221.0,119579.30154099074,1677,47425015,38680913,1303937,1950835,7823652,7146895,7972000,5997589,8679821,7604564,4691589,4138509,6028835,2560308,4868552,422179,6056629,8860034
134,000561,2017-11-20,0.0071428571428571175,0.0035714285714285587,0.27141883356697444,10887.5,28895.103126007143,958,7407591,10601383,546176,1376377,3328731,5059019,1696911,2643144,1396398,894932,439375,297970,0,329941,0,0,0,0
135,000563,2017-11-20,-0.030120481927710885,-0.028112449799196915,0.11096359225340661,9720.0,129258.76588522865,2021,44752826,41779185,946686,2515924,5718842,9805961,6282776,6489646,6527787,5456120,7078008,4533130,2197912,1458695,5542030,869406,10458785,10650303
136,000564,2017-11-20,0.007858546168958647,0.011787819253438192,0.1408015859027568,9054.0,72852.37068230541,1309,15768922,24976145,804899,1180299,4623502,4987385,3024029,3623874,2828324,4053054,2527293,4641968,1094516,1037935,866359,411500,0,5040130
137,000565,2017-11-20,-0.009102730819245841,-0.014304291287386306,0.2846090628105332,7500.0,33501.30911345198,730,6717759,5457036,485147,992922,2820755,2482634,978979,1146795,1474929,281910,268858,223964,689091,328811,0,0,0,0
138,000566,2017-11-20,0.0,-0.010140405616224757,0.46951802241295154,12690.0,99030.38357413787,745,17862263,11652582,579680,771553,2761215,2770509,4647421,2503653,3929915,1651154,1400055,724539,1062896,729654,940597,0,2540484,2501520
139,000567,2017-11-20,0.029435483870967838,0.021370967741935365,0.7952933792266292,12500.0,67624.64700412053,973,16232101,13872925,1364754,425555,5063333,2594141,3162079,3467122,2484306,2214296,1726891,2500173,0,626490,891038,1366134,1539700,679014
140,000568,2017-11-20,0.0075022065313326,0.01132686084142387,1.2129380347158771,88387.0,499129.03373622865,3147,338341256,404926621,778587,869214,7917810,16758196,16831705,19094416,38581850,46520295,26694942,29607922,24232090,30664260,24074112,16658670,199230160,244753648
141,000570,2017-11-20,-0.013223140495867813,-0.014876033057851235,0.2792048601003331,10746.0,96454.7107456909,469,8855704,6351770,243424,587403,1505499,2036305,1485930,1315814,1890649,1096408,435750,536450,0,0,0,0,3294452,779390
142,000571,2017-11-20,-0.0249609984399376,-0.03120124804992197,0.17678564686624146,9345.0,59798.87303135339,1317,19890021,17534958,588483,1478632,4281678,5269740,4814967,5022230,4083362,2453434,2424334,1824330,317133,312500,856060,0,2524004,1174092
143,000572,2017-11-20,0.00845665961945019,0.0021141649048626032,0.12825173586785008,9891.0,78085.25168294183,1363,25661655,19700354,1055937,1632400,4574443,6852455,4694325,4078796,4887108,2909449,3011839,1611987,1462100,1690799,440390,924468,5535513,0
144,000573,2017-11-20,-0.013207547169811207,-0.024528301886792447,0.23578296567242552,7196.0,38859.906927523814,505,6033751,3913493,359342,552417,1976309,1419863,1072327,750831,1376500,640914,1249273,206000,0,343468,0,0,0,0
145,000576,2017-11-20,0.005471124620060719,-0.006686930091185372,1.0824375663594472,11427.0,58291.69589215095,230,5072544,2040244,298947,232021,1379850,628955,741376,167220,2045595,0,267320,521548,339456,0,0,490500,0,0
146,000581,2017-11-20,0.03846153846153855,-0.003461538461538405,0.4721992098320687,68250.0,364283.2470211746,3035,299635699,240775709,658907,797115,10992741,11800056,15482406,15632270,34747296,33747135,34065323,33080513,27800198,21030916,18825218,16545026,157063610,108142678
147,000582,2017-11-20,-0.019642857142857073,-0.023214285714285743,0.27266791626478076,18513.0,92547.71120922644,1692,39985173,39684784,989836,1303581,7250126,8300760,6508699,7104390,9768138,10209343,5364631,4695215,2499800,3538996,2638506,906927,4965437,3625572
148,000584,2017-11-20,0.0013477088948787852,0.0020215633423179558,0.30550099449001866,23712.0,161746.48090679478,2362,72718883,67766646,1760254,386967,28140833,5187066,14817119,6044728,11477448,6270886,4359036,6083969,3098190,2473020,0,4046717,9066003,37273293
149,000587,2017-11-20,0.007633587786259444,-0.007633587786259555,0.17010101648454826,9750.0,144764.19186855608,1487,32148317,41586442,670173,1465996,4013667,5833401,6253094,4652595,7877236,4911789,3263954,2550615,3980205,2057906,467350,1310392,5622638,18803748
150,000589,2017-11-20,-0.008350730688935326,-0.010438413361169019,0.19052081350799138,9105.5,36360.821318000504,632,6708551,6215272,591074,810863,2526886,2834196,1566820,916008,1553833,916355,469938,0,0,328758,0,409092,0,0
151,000590,2017-11-20,0.0020847810979847115,0.0006949270326614965,0.6155586815568139,12772.5,66364.32533011983,546,8038314,7217062,551584,358273,3197311,1949019,1442877,1366333,1066718,1563541,559660,216300,305511,348722,914653,406874,0,1008000
152,000591,2017-11-20,0.08396946564885499,0.04580152671755733,0.12941244094752682,24336.0,194240.84526161212,2574,98952194,110558078,1749270,1499884,10962579,10969275,12899422,12274370,17650595,20005811,13348191,11142553,4857236,10364974,4349725,4486323,33135176,39814888
153,000595,2017-11-20,0.03396226415094361,0.0018867924528300772,0.1538154658548597,10520.0,53480.61713012731,1189,16331187,15439329,840065,1178280,5088609,4706929,3469785,3841931,2672142,2195592,1628558,1262915,1033968,1753777,878320,499905,719740,0
154,000596,2017-11-20,-0.00303030303030305,-0.003484848484848535,1.443313679293681,19827.0,125335.38374918958,2098,62862009,73828623,767874,2364300,6352738,11101880,10401296,11708956,16638467,13833733,6202345,8534265,7985944,5891825,1805059,8385467,12708286,12008197
155,000597,2017-11-20,0.027826086956521667,0.02086956521739136,0.2624544594967599,19805.0,76922.44264707484,1927,39679006,23134073,1133181,718391,18839541,5291261,5463969,3768673,6148941,4411737,1981879,2891030,2125365,720108,0,470504,3986130,4862369
156,000598,2017-11-20,0.005444646098003769,0.001814882032667775,0.13919045677892594,21960.0,120337.13157019639,1569,32516352,48234198,628509,1490000,3803412,11364110,4189093,14483550,6389754,7567949,2957566,4510662,1440331,2419339,1416493,909352,11691194,5489236
157,000599,2017-11-20,-0.0033112582781458233,0.0,0.2092038610657575,6070.0,40833.60956161163,834,8891480,7497835,777386,929565,2876106,2999912,1866491,1586755,2516966,680562,0,522896,0,778145,854531,0,0,0
158,000600,2017-11-20,-0.020954598370197863,-0.025611175785797524,0.20225022713588076,19147.5,101682.84992571626,1806,53134355,44309775,1234228,1666124,8393797,9113813,7060182,9410224,9513342,8856935,6908774,5670669,4560321,4639039,5684490,1815674,9779221,3137297
159,000601,2017-11-20,-0.018300653594771288,-0.02614379084967322,0.2639435942520902,8156.5,70082.60382350172,840,16632584,9404077,749378,1195981,2931333,3226865,1946071,1953560,3943870,1623195,2000962,936386,2503686,0,469116,468090,2088168,0
160,000603,2017-11-20,0.0017094017094019254,-0.007692307692307665,0.4120286074771436,11620.0,58165.55973516774,806,12460952,13214432,451401,864518,3334355,4413057,3238623,2469543,2382713,2129265,745250,1666530,1658860,679760,0,480480,649750,511279
161,000605,2017-11-20,0.008200922603792904,0.0015376729882110585,0.524385921596491,9850.0,69492.54310246266,1385,21339679,21309582,1830165,1278939,5806735,5453439,4205937,3628241,4073921,4782926,2527067,841357,724427,1328485,1297353,906002,874074,3090193
162,000606,2017-11-20,-0.002136752136752129,0.002136752136752351,0.41431749114404637,12970.5,64707.46369501258,510,7857841,8428078,533780,416653,2376708,2135841,2080216,1724763,1703974,1696030,296240,1196491,0,341320,866923,0,0,916980
163,000607,2017-11-20,0.0128571428571429,-0.0028571428571427804,0.29565000811080383,10335.0,89506.51442865463,560,9929843,7020243,377603,647290,2050832,2459145,2026066,1703768,1153508,629076,518708,1198764,313476,382200,451143,0,3038507,0
164,000609,2017-11-20,-0.03615520282186946,-0.025573192239858877,0.45125243485322847,10970.0,69342.27916207204,633,8333975,9883799,429469,536965,1792533,3672927,1805109,1165814,1594148,673450,2162716,1461024,0,333345,0,428302,550000,1611972
165,000610,2017-11-20,0.02291825821237592,0.017570664629488197,0.5299711695308954,13320.0,86077.3956102732,613,8832828,13017974,408024,462633,2419100,2945076,2191273,3963345,1136369,1617769,200800,1458868,391680,755120,466422,0,1619160,1815163
166,000611,2017-11-20,-0.03133514986376018,-0.0340599455040872,0.3034791568279639,13281.0,73464.86255227427,587,12302073,9477433,361035,621313,1920968,2477741,2934518,2122915,2280433,2311768,1608400,1417514,702790,0,411336,0,2082593,526182
167,000612,2017-11-20,-0.01073170731707307,-0.009756097560975618,0.25310361939773673,10090.0,58623.24401312193,1645,20901520,12470245,2565602,1124947,7570955,4322232,2434387,1798940,3073614,1688721,1651545,982643,994159,704033,405594,423488,2205664,1425241
168,000613,2017-11-20,-0.0062266500622664145,-0.01992528019925266,0.3307868480356144,10244.0,45154.39502092493,589,7693963,5950996,523343,662988,2774188,2260447,1959608,1352139,1417520,854370,0,429496,348668,391556,0,0,670636,0
169,000615,2017-11-20,0.0122824974411464,0.011258955987717645,0.20902991142866492,21725.0,170099.96326142535,2188,64885540,77278047,1568284,2096533,9346914,11059452,11027187,11481530,13684415,13623185,9194221,7031245,5500071,4008650,1702160,3603056,12862288,24374396
170,000616,2017-11-20,-0.015424164524421635,-0.015424164524421635,0.12091564232716644,7600.0,57475.7362069388,1037,14261337,13370422,504725,1474470,3058990,3855937,2209423,3640741,4181675,1855988,2528396,434910,1778128,662244,0,0,0,1446132
171,000617,2017-11-20,0.01458333333333317,0.016666666666666607,0.47061664730071634,11344.0,46773.81995724231,939,10301180,11680593,667014,1015406,3513434,4574469,2398993,1925391,1203039,2012016,1268525,1158815,648072,994496,0,0,602103,0
172,000619,2017-11-20,-0.014285714285714457,-0.02261904761904754,0.3306788824310682,10056.0,71422.56379973414,645,11246961,9377482,584704,855196,2822673,2579766,2242243,1218721,2597022,1098966,862998,1153394,389570,0,404259,1227172,1343492,1244267
173,000620,2017-11-20,0.0015974440894568342,-0.023961661341852958,0.22292213137986103,6163.0,51068.56554597006,789,11458673,8257905,668838,847293,2657054,2422303,2274561,1720386,3200708,1376002,1397757,932399,668670,959522,0,0,591085,0
174,000622,2017-11-20,-0.014545454545454528,-0.020000000000000018,0.2612918057700764,10108.0,54153.25571675468,443,6862397,5458932,364436,344725,1384684,1963256,1269538,1033306,2049523,1277157,824518,507988,356690,332500,0,0,613008,0
175,000623,2017-11-20,-0.004616030214015909,-0.011749895090222284,0.4601421737217441,49875.0,323497.84780762595,2683,224263652,181421488,1367297,1031965,10977339,11103027,12179814,14318402,27901006,28376215,22514121,25634244,20821639,15204653,20163609,8462310,108338827,77290672
176,000625,2017-11-20,0.0038197097020626902,-0.0030557677616500634,0.25973700724234566,15672.0,218604.9291386246,2541,87621797,55917392,1895698,1398267,15150351,9069524,11062864,8150178,15817810,10012726,8470078,4242204,6416011,1372165,2354789,1322733,26454196,20349595
177,000626,2017-11-20,0.0228013029315961,0.016286644951140072,0.36333494938118854,12505.0,59438.25968150599,1144,16724753,20566294,639458,1197224,4506958,6530178,3449285,4361627,4682191,4490133,1426287,1451226,369468,0,0,885750,1651106,1650156
178,000627,2017-11-20,-0.020874751491053778,-0.030815109343936387,0.18373362722191527,45331.5,317364.6733970749,3010,230618033,195164254,1426410,1570178,11825723,11873894,16252022,16109611,30745267,22936738,22503838,19353797,17925523,16991885,12933493,15254189,117005757,91073962
179,000628,2017-11-20,0.03981797497155881,-0.012514220705346912,0.3245045556635877,8580.0,34890.73991978046,734,6884245,7076527,914363,824212,2600450,2988972,1689329,1365802,1350943,850637,0,0,329160,618660,0,428244,0,0
180,000630,2017-11-20,0.01115241635687747,-0.0037174721189590088,0.05467563703529312,10640.0,183004.29425916093,2452,57195488,79491424,1289276,2695444,6949342,12048422,4198876,10465129,6019461,11303325,7222830,5621466,2888994,3996174,933679,3602855,27693030,29758609
181,000631,2017-11-20,0.0,-0.0022883295194507935,0.09917721388012574,5681.0,48490.79935261721,1957,22535963,21837911,1459106,2338498,6150555,7103751,4924525,3288706,4456614,6432831,2412196,1138994,1080288,689697,1330618,845434,722061,0
182,000632,2017-11-20,-0.019138755980861122,-0.01754385964912275,0.271065497021756,4249.0,50258.220684998596,536,5997988,3914458,306508,480432,1303335,1720594,773814,1067225,978484,425017,446537,221190,763536,0,909780,0,515994,0
183,000633,2017-11-20,-0.009814612868047967,-0.0065430752453653485,0.2915887335997242,12264.0,56727.711202686914,998,18246761,14276268,1021064,979869,4271738,4058396,4841343,3430251,4672255,2743931,1317556,2205877,1110581,337088,452074,0,560150,520856
184,000635,2017-11-20,-0.018354430379746933,-0.0170886075949368,0.5419275030397768,10773.0,377461.65322472487,851,22673890,10976996,660471,1116063,3198889,4591488,2702348,2364203,1669729,1924160,745500,261630,1280110,312292,858480,407160,11558363,0
185,000636,2017-11-20,0.08970976253298169,0.075637642919965,0.20115322336421754,103226.5,591931.4117037988,3212,379431958,524575692,593037,760612,8282651,9874793,17195363,17852256,31321780,37237157,35862102,35990376,36258390,31978222,19485303,29197220,230433332,361685056
186,000637,2017-11-20,-0.005076142131979711,-0.005076142131979711,0.21827749229727844,5850.0,46172.29586093323,733,8058592,6673556,413195,1154501,1802663,2252802,1632633,1566538,3064131,727045,0,0,671610,336870,474360,0,0,635800
187,000639,2017-11-20,-0.0015889830508473146,-0.016419491525423657,0.6680207295394825,9300.0,62482.10544837985,799,17004189,8384524,1221056,600998,3509637,1653895,2536503,1751853,4233478,2571104,2905633,726474,1980567,1080200,0,0,617315,0
188,000650,2017-11-20,0.010810810810810922,0.003603603603603789,0.1572340625186124,5540.0,39220.70799595704,1247,12542706,7613559,1771850,788885,2997496,2238932,2291090,2159667,2467138,1342754,1255406,710245,1759726,373076,0,0,0,0
189,000651,2017-11-20,0.007032967032966964,-0.004175824175824072,0.7611701067168403,247719.5,1378706.6604211074,3574,1036502504,992533564,229349,167794,5848632,5110357,17861896,15062168,45563378,45905887,54262313,49830919,45355760,46502825,41332117,47431297,826049059,782522317
190,000652,2017-11-20,0.0020790020790022457,0.004158004158004269,0.16108915492616116,9560.0,65551.84691835848,892,13564521,13121655,785844,1146950,3178027,3527510,1541033,1763055,2726229,2713372,931592,3071779,1059115,334776,2741431,0,601250,564213
191,000655,2017-11-20,0.008403361344537785,-0.004201680672268782,0.2261628721110666,8400.0,54350.97760188625,997,15534455,10124052,795855,1000923,4022844,3920339,3080495,2384335,3487010,1222536,2182221,238000,694278,327980,0,0,1271752,1029939
192,000656,2017-11-20,-0.0021834061135370675,-0.004366812227074357,0.12359056670067171,5436.0,63121.87437892799,1376,21752340,13956722,2007163,1082470,5882393,3111251,4199841,2556158,2300933,2070088,2226831,1584301,663988,1021749,2208236,1304734,2262955,1225971
193,000657,2017-11-20,0.019512195121951015,0.0024390243902439046,0.37062384567779505,11720.0,114505.22521619484,1136,17617064,21113244,1041248,886623,3927028,5511905,2182771,3709347,3098541,4138021,1444643,1608552,1054494,380480,477190,477240,4391149,4401076
194,000659,2017-11-20,0.010666666666666602,-0.002666666666666595,0.1591712609145003,14800.0,92966.61284119701,555,15620611,9122063,403297,407875,2644650,2628590,1477464,1696943,3427968,1780566,2131000,983976,1788942,706800,1275828,917313,2471462,0
195,000661,2017-11-20,0.057358701734750994,0.029322887520984997,4.180925569867728,54864.0,432575.94885672885,1831,144246972,173282825,0,0,8466711,8004754,10898999,12458630,17717362,24197750,9643871,16967706,15589784,12830963,5993883,5890071,75936362,92932951
196,000662,2017-11-20,-0.0962827544180378,-0.0962827544180378,0.5382090994368322,14830.0,117210.98285981784,931,9995523,34909509,193986,1577337,1713725,5732092,1686372,4747589,2663422,7989452,974103,3784616,308160,1652062,897304,2647568,1558451,6778793
197,000663,2017-11-20,0.009953161592505921,-0.0023419203747072626,0.6533244883227375,15259.5,87520.3291325759,684,8281252,20957818,533259,544372,1971333,3823456,1322718,3426236,2271845,4870749,756177,1528558,1425920,4225433,0,0,0,2539014
198,000665,2017-11-20,-0.0019398642095054264,-0.006789524733268659,0.3848518617546663,9198.0,82367.05104769915,717,14339733,11107665,347512,805316,2314164,2753026,1706686,1451053,2279590,2563593,2513803,1220501,961962,753426,1768717,407600,2447299,1153150
199,000666,2017-11-20,-0.024752475247524774,-0.03861386138613854,0.4552250670379629,21307.0,147188.7676568216,1971,75769631,54595619,1346420,1538302,6744087,10951767,8756730,10023705,12466986,12417186,6356983,6312759,6365344,4205260,4874688,3063539,28858393,6083101
200,000667,2017-11-20,0.0,-0.006514657980456029,0.09066414342955334,6100.0,78901.55198355905,1152,13817580,10464663,860102,1255924,4337472,3312048,2450552,1083059,2498464,1488578,226746,520506,0,740581,0,436111,3444244,1627856
201,000668,2017-11-20,-0.005270092226614009,-0.005928853754940677,0.9704500183115302,9009.0,120738.61455724433,244,2124319,5466799,218281,217764,985383,812323,658718,397715,261937,426997,0,0,0,602000,0,0,0,3010000
202,000669,2017-11-20,-0.005610098176718092,-0.009817671809256745,0.47257781178323655,12663.0,69693.71862588625,910,17110770,12482394,857892,761007,5168745,3379919,2430678,2896584,3599050,3327994,1198990,1180354,375468,0,952284,0,2527663,936536
203,000670,2017-11-20,0.02759740259740262,0.0016233766233766378,0.13050974250028385,16120.0,74436.51340603596,2234,44577123,47692019,1547680,2246245,9404571,11060986,8809326,10541578,11260657,12872464,5591541,4679842,2418975,2936417,1718013,874483,3826360,2480004
204,000671,2017-11-20,0.028169014084507227,-0.004694835680751019,0.134397063618952,9360.0,103543.96434972306,2269,56421844,36590863,2824126,1158846,9258938,5883268,9366887,6106897,12125790,7234016,7804358,4171503,5515207,4001354,2170660,3166969,7355878,4868010
205,000672,2017-11-20,-0.008743169398907069,-0.02622950819672132,0.20702083047835493,17410.0,86577.2317534081,1956,52348930,37488776,1711227,1987280,8458928,8786999,9626269,7198679,10687905,8948699,8148633,3835088,3096787,2775352,4589538,2676375,6029643,1280304
206,000673,2017-11-20,0.0008635578583764403,-0.008635578583765069,0.5249766334942106,13758.0,127339.31768533969,486,8883372,11892891,376624,356299,2446553,2081847,1773846,1863102,2035359,1835335,746734,884060,672444,687851,831812,427482,0,3756915
207,000676,2017-11-20,-0.04313725490196085,-0.03764705882352948,0.3295660151673187,13392.5,100826.82689341136,1502,29069600,31556454,954886,1478867,6229130,6833954,5112920,5604028,6713571,7056916,4115444,4514220,1715854,2871021,0,983152,4227795,2214296
208,000677,2017-11-20,-0.007299270072992803,-0.017031630170316392,0.1721482715366147,4176.0,80012.90559959646,570,8257701,5501350,418233,646778,1657721,1514370,1712143,768373,1822731,749329,660990,405000,335340,0,842543,0,808000,1417500
209,000678,2017-11-20,0.02083333333333326,0.02213541666666674,0.30409100119098564,7590.0,39587.89827131099,638,6321705,6355554,703685,755831,1965922,2069207,1556419,1734670,1199030,501758,446574,678888,0,615200,450075,0,0,0
210,000679,2017-11-20,-0.014608233731739695,-0.02390438247011961,0.31351717917084476,8652.0,49887.20439979183,577,5562755,9122707,587795,581629,1628619,2920985,929422,1873546,1693006,2227841,723913,481156,0,323550,0,0,0,714000
211,000680,2017-11-20,-0.027833001988071704,-0.041749502982107334,0.1210644660425555,13149.0,169681.6180292227,1735,47722454,47252410,908582,2291444,5876083,8565199,4177073,6627086,7021585,8697238,6329526,3090389,3365888,2745337,2257179,3909617,17786538,11326100
212,000681,2017-11-20,0.004552352048558417,-0.01365705614567525,0.5427084853002191,11325.0,84460.90967418064,1334,19057453,29293159,861555,2572142,4889003,4822150,4284202,5823678,4198813,4616059,1480219,3326528,684210,1382526,431072,1347395,2228379,5402681
213,000682,2017-11-20,-0.004166666666666541,-0.01041666666666663,0.15408834133994706,4750.0,38288.0402793036,971,9328494,4969483,1831834,865958,2655770,1988986,1501128,1364503,815266,512536,504096,237500,1362400,0,0,0,658000,0
214,000683,2017-11-20,0.010676156583629748,0.007117437722419906,0.06859388263140667,8149.0,115190.22889813196,1693,24582951,34019790,1255496,1711323,5308669,7067836,4355805,4697127,3009896,4007883,2323556,2383042,1096314,995383,806746,1376347,6426469,11780849
215,000685,2017-11-20,0.0019398642095052043,-0.0038797284190107417,0.28399821944495196,8224.0,92767.85049469817,1318,21837919,18922975,1242575,1614898,4782430,4191969,4522348,3496513,4373266,2569946,2088783,2047334,954124,1365498,954585,424976,2919808,3211841
216,000686,2017-11-20,-0.004287245444801857,-0.008574490889603492,0.22856869252926684,18540.0,177607.4798879227,1668,58127092,56678180,937736,1644793,5325525,9351190,5679148,7983955,7813994,10025625,7208970,7554657,6532976,3723933,3230674,3114829,21398069,13279198
217,000687,2017-11-20,-0.00410172272354381,-0.015586546349466768,0.3335992876299832,13035.0,71068.26441223416,1336,23807928,24439303,804432,1376747,5119359,6770362,4741355,5987908,5165398,5740839,3286163,2052159,673904,303150,446880,488418,3570437,1719720
218,000690,2017-11-20,-0.0012722646310433516,-0.01526717557251911,0.25824729699424637,13260.0,113017.9321087397,927,26178801,20314540,915516,969560,3446804,3959584,3106819,2324380,5456345,4411838,3326214,3341479,2012911,1844448,1712561,474780,6201631,2988471
219,000691,2017-11-20,-0.009022556390977488,-0.009022556390977488,0.39587366190405565,16374.5,59633.05840236393,282,5331494,4529669,248711,219551,977817,1435513,1129326,911495,2007902,1050963,649260,0,318478,0,0,912147,0,0
220,000692,2017-11-20,0.025688073394495303,-0.02752293577981657,0.2406424720075931,5808.0,249171.6033900327,521,16647732,6749832,189659,712087,1673605,1619000,1427526,530038,854737,449203,1726017,269608,0,363216,840548,0,9935640,2806680
221,000697,2017-11-20,0.013799051315222188,0.014661492022423506,0.5810517885888288,25465.0,115652.2782297895,1593,42568415,58928626,929460,928709,7026479,8497818,8103945,8469419,10156931,14761803,5799665,7835119,2523212,3746779,3531178,3660966,4497545,11028013
222,000698,2017-11-20,-0.00666666666666671,-0.013333333333333308,0.18201913271669123,5900.0,152193.01535533182,1087,18767049,7924719,1085171,809922,3275554,2385532,2931436,1879341,3592088,1170456,1129736,546668,336300,365800,416394,0,6000370,767000
223,000701,2017-11-20,-0.012612612612612484,-0.018918918918918837,0.27683712066306654,4360.0,48869.76199840632,1612,17221990,15472940,893728,2270198,4293887,4877816,3599695,3410113,2298568,3851410,3290025,667391,363069,396012,447948,0,2035070,0
224,000702,2017-11-20,0.020806241872561637,0.022106631989596837,0.24757926551923617,13319.5,58307.11923575485,966,12463391,17875720,1021574,690293,3499674,5543173,2815695,3962074,2404906,3713394,1246074,1170500,1066367,696144,409101,1324142,0,776000
225,000703,2017-11-20,0.039239730226854785,0.02513795217657888,0.34335095519909503,14580.0,113159.71930117221,2265,56124507,53588639,2655086,1350761,9055435,8671579,8415371,7910986,10156143,9744982,4985153,6138079,4057375,5180833,3132700,5058863,13667244,9532556
226,000705,2017-11-20,0.007795100222717233,0.008908685968819663,0.28892036364931983,2695.5,40081.649228431816,966,7150807,6271550,531370,1487671,1991460,2530854,1572360,1443792,922813,809233,533416,0,356800,0,442500,0,800088,0
227,000707,2017-11-20,0.053333333333333455,0.030000000000000027,0.20802319677510286,7356.0,58575.18028439171,833,11554310,9251449,995387,596470,3452209,2724883,2406358,1666867,2593394,1772223,733245,702428,613517,1002578,0,0,760200,786000
228,000708,2017-11-20,0.015490533562822817,0.009466437177280573,0.3923238229867101,9376.0,83858.55024975527,878,14335760,12774022,751307,593399,2408574,4076076,1825575,2495899,2857008,1929608,1940923,1212119,1341843,1049016,887399,0,2323131,1417905
229,000709,2017-11-20,-0.005012531328320802,-0.010025062656641603,0.07470445663553033,16985.0,200052.367244654,2875,114932356,88993279,2229423,1687562,12623877,11557255,12393632,10233245,20289333,12762704,8918595,6936681,7460630,6752402,9683454,2720126,41333412,36343304
230,000710,2017-11-20,-0.03306014724267248,-0.052368384497846865,1.4405567323168433,54079.0,353813.3152513255,2506,185595351,167219920,865668,1095534,9153933,12599938,11845771,16333709,23354012,24385860,18420307,18979938,19820635,15220840,17287235,11414065,84847790,67190036
231,000711,2017-11-20,0.0774999999999999,0.06333333333333324,0.2828104545558028,24086.5,121104.79611281677,1806,37924432,82213689,747809,1367655,5686506,9338938,6315861,9721689,7426733,23140329,9168232,17566712,4261008,6296702,1343487,2147672,2974796,12633992
232,000712,2017-11-20,0.02502979737783062,0.026221692491060544,0.3804637911509419,18535.0,139411.3181905501,1947,52202083,63740390,795222,1646462,6365028,10865037,7186142,10312693,11672507,11663992,6883944,7015188,6597316,7056233,1796241,3166969,10905683,12013816
233,000713,2017-11-20,0.04033379694019468,0.03616133518776077,0.21630835963994927,8940.0,48369.25213537532,1107,14275352,15185681,646722,1935152,4162499,4437598,2895338,2803921,4038896,3662346,682588,910015,1009913,974418,839396,462231,0,0
234,000715,2017-11-20,-0.02617801047120416,-0.03350785340314144,0.3324738834215957,4635.0,34355.40399620922,829,6728889,5005195,803031,785018,2969473,1830842,890740,1117211,430504,949267,478851,0,721058,322857,435232,0,0,0
235,000716,2017-11-20,-0.052459016393442526,-0.060655737704917945,0.13378394094617022,10260.0,76202.62640126947,2093,41451196,29825194,2549796,1576167,7576947,6843451,7631456,6788245,9837969,6778542,4670759,3136535,1014514,1699285,943065,461150,7226690,2541819
236,000717,2017-11-20,0.04268292682926855,0.051219512195122,0.14423990390765637,62594.0,354172.28288479365,3250,232113939,238653203,1066570,1348286,10950514,12177171,19828371,21905318,48295702,36982074,33293714,28896746,19696967,20125949,13718422,13551092,85263679,103666567
237,000718,2017-11-20,0.002024291497975561,-0.01619433198380571,0.11824690318843345,2390.0,67816.56327175975,1749,24115123,17402305,1782569,1157341,4605629,3719918,3954119,2804506,4671459,3580522,3123085,2449657,1795072,1079661,898091,480000,3285099,2130700
238,000719,2017-11-20,0.017970401691332016,0.03594080338266381,0.3124628824837547,5859.0,537843.423283282,920,10547508,31863631,482535,1437595,3147860,3352742,1750489,1543194,1793478,1273076,1472637,1006530,353815,376887,0,0,1546694,22873607
239,000720,2017-11-20,-0.02304147465437778,-0.02995391705069117,0.15915974462069055,8893.5,50060.089474853245,744,11419836,8103879,595877,950898,3108789,2917747,2000382,2662953,2010270,795615,1094600,469337,1763918,307329,846000,0,0,0
240,000721,2017-11-20,-0.014563106796116498,-0.029126213592232997,0.18805043243640918,7260.0,49472.87149449316,1082,11189671,11109075,1040900,1302400,3524722,3880155,2823899,2378159,2101095,1469409,718956,692144,0,350364,477000,0,503099,1036444
241,000722,2017-11-20,0.003972194637537063,0.003972194637537063,0.34701254359519135,9895.0,83031.42185484702,842,9448833,13111599,727886,1052738,3385441,3317457,2396253,2726653,1600904,2523825,1338349,962018,0,0,0,420508,0,2108400
242,000723,2017-11-20,0.006361323155216203,0.003816793893129722,0.22807623814435604,9468.0,180193.99902822293,1188,40728265,29117918,598172,1247696,3720312,4361038,3808974,3012930,7483242,5366406,6425841,2095461,3041709,1415354,1780671,922665,13869344,10696368
243,000725,2017-11-20,0.03125,0.009868421052631415,0.10150605721416568,903742.0,3703362.9476793846,3602,2974654812,3896274514,0,6787,88311,43190,1832785,695856,14721831,13942229,33532973,34508125,49289532,52894770,62951313,67228118,2812238067,3726955439
244,000726,2017-11-20,0.010194624652456019,0.008341056533827773,0.30100335435694187,6510.0,82468.33476476395,1285,14117345,18345546,908008,2156282,2970300,3968712,3123264,1854635,1946552,3362095,1208058,2146106,749078,632934,443588,0,2768497,4224782
245,000727,2017-11-20,-0.015444015444015413,-0.015444015444015413,0.05831743275523014,9288.0,122004.94687698394,1996,39073598,42717013,1141265,2193357,4944925,8694206,6412498,6778904,5509381,7101371,5125760,5607368,1720625,3422611,1370177,0,12848967,8919196
246,000728,2017-11-20,-0.015573770491803196,-0.025409836065573677,0.25772788572784555,33348.0,242317.90249785554,2244,138138368,88132854,833780,1437444,8185978,12732334,11201842,13796685,16804466,17076008,13222282,10107538,13089264,7551577,10363380,6247336,64437376,19183932
247,000729,2017-11-20,-0.005093378607809784,-0.01018675721561968,0.15630265148339523,6457.0,103386.31970757678,1422,34637401,19089016,1250944,1078689,4701143,4041105,5107462,2554373,4908247,4240559,4102748,1683286,2770700,2337177,3670950,913759,8125207,2240068
248,000731,2017-11-20,0.001367989056087593,-0.001367989056087482,0.224983450537934,7270.0,55703.170244469155,1056,14833300,14208249,903184,931683,3532525,3698929,2446660,3131327,4665945,2932248,1913091,774039,1371895,2049329,0,0,0,690694
249,000732,2017-11-20,0.008479709267110724,0.001817080557237949,0.5303290254747953,9840.0,110325.62285487252,971,18680951,18018071,917881,885994,3928310,2348662,3454872,2141775,5668850,1621550,3162406,2223494,1004468,2002790,0,1435750,544164,5358056
250,000733,2017-11-20,0.020209059233449622,0.013240418118466879,0.37632206201654606,14530.0,71651.78143904323,1454,21736725,32144212,680887,1798402,5228951,9673359,4977109,7033020,5085457,6448804,2689312,2224929,636084,1382399,1303869,1261713,1135056,2321586
251,000735,2017-11-20,0.027855153203342642,0.022284122562674202,0.1641157182412522,18928.0,138476.06415597434,1921,62643121,71330741,1338610,1489773,7850742,7920146,7505052,8431540,9137904,13010119,8835404,10003922,7245263,7264152,6822617,7602889,13907529,15608200
252,000736,2017-11-20,-0.02481556002682772,-0.034875922199865794,0.5162278192110875,12906.0,48222.27168830253,837,12200605,9844355,770596,786970,3969199,3646791,3680195,2344611,1872613,1374766,420462,1260117,309560,0,455820,431100,722160,0
253,000737,2017-11-20,-0.010714285714285676,-0.017857142857142794,0.19720825860192046,7137.0,41410.01804935526,807,10183686,6491573,606845,1116380,3197954,2642756,1770333,1314928,2476014,806271,1235130,252628,0,358610,897410,0,0,0
254,000738,2017-11-20,0.0072727272727273196,-0.00424242424242427,0.41311485776832885,14625.0,84809.03965399617,1596,28282777,28903161,1373114,1350547,6217561,10023925,4879341,5541938,6617030,3413465,2832640,2367151,2076299,1699354,940518,1403320,3346274,3103461
255,000739,2017-11-20,-0.004385964912280715,-0.014619883040935644,0.2827113715945984,8088.0,84107.89068667789,585,9384257,7650756,617607,670495,3260450,1737384,1353773,1422379,503693,745160,468696,0,681235,315735,0,0,2498803,2759603
256,000750,2017-11-20,-0.007633587786259555,-0.013358778625954248,0.12802527173439,10340.0,116871.16915105918,1680,38871787,33001288,1020065,1502340,4597725,8607760,3633647,5054292,6076476,5054954,4310555,2459175,1705340,3337806,2670082,833715,14857897,6151246
257,000751,2017-11-20,0.006198347107438051,0.006198347107438051,0.11518616869423612,9660.0,79243.9961152044,1770,25531954,30271303,1317321,2002991,5863192,8698696,4282338,5886181,3950863,5254450,3432313,2756430,2490444,695138,0,1730118,4195483,3247299
258,000752,2017-11-20,-0.02435192458758839,-0.029065200314218442,0.5479830540072058,9888.0,78514.00239486544,541,9161335,5509306,370468,666113,1917043,2119261,1628949,1180952,1574897,902807,774746,251330,698232,388843,0,0,2197000,0
259,000753,2017-11-20,-0.0050000000000000044,-0.015000000000000013,0.14639724588685846,6288.0,46462.42606880317,747,7782975,7830964,546068,999102,2274730,2520949,1907002,1423167,1320435,1315340,690932,984564,1043808,0,0,0,0,587842
260,000755,2017-11-20,0.003072196620583778,-0.004608294930875445,0.1898300430528828,9570.0,86829.05230447665,1178,18904153,16038537,1169691,1083663,5056257,4209092,3192569,3037550,2653862,2598298,1528991,1372754,333125,1372316,837806,488270,4131852,1876594
261,000756,2017-11-20,0.01473684210526316,0.004210526315789442,0.36326736736635734,14200.0,61066.069557549185,1543,22590883,21628794,840271,1785555,8537922,7399465,4487752,4696948,4333367,3883539,1253031,2983714,1047748,0,447590,879573,1643202,0
262,000758,2017-11-20,0.012519561815336422,0.010954616588419341,0.1579169932900823,12141.0,82037.36932325579,1640,24009691,34712490,1050377,2032556,4917582,7893848,5088487,6768686,6514386,6463477,3358199,2927506,1065949,1667839,826700,860475,1188011,6098103
263,000759,2017-11-20,-0.020607375271149864,-0.02386117136659438,0.2851361311357036,14512.0,101169.3306481657,1047,25741886,24492287,776753,1206004,3646301,5723382,2999503,4018951,7065768,7862843,2207627,1765844,1329080,0,1299713,2273714,6417141,1641549
264,000760,2017-11-20,-0.037991858887381325,-0.037991858887381325,0.22279872087973687,9842.0,72028.95813388136,1098,20882363,15418908,1216570,1002034,4084097,3567487,4192977,2724045,5691490,2074913,2302713,2424470,1771671,1684925,0,476634,1622845,1464400
265,000761,2017-11-20,0.019267822736030782,0.01348747591522148,0.1186865373767204,7875.0,141704.38854467965,1919,39515333,44510113,1474149,1323347,5070159,6932659,5432597,7221030,10043240,10062916,5084420,6759723,986994,2377219,1278955,1727558,10144819,8105661
266,000762,2017-11-20,0.03308063404548589,0.027567195037904835,0.3031961947423478,23024.0,118028.2625328566,2293,56620852,81977650,1323227,1843778,9295949,10331482,11124436,13522135,11713538,18538445,7169696,10839355,6156572,8680053,914782,3495771,8922652,14726631
267,000766,2017-11-20,0.010479041916167775,0.0014970059880241582,0.4376434913706757,13345.0,102638.00087697312,934,22991786,24084607,608719,868362,3323786,3715938,3239135,4500540,3715543,3500388,3826198,1970055,3720583,3336539,440230,3604594,4117592,2588191
268,000767,2017-11-20,0.009933774834437026,0.0033112582781456013,0.1113494558810324,4848.0,68649.79465227001,737,7801554,7733924,684537,836659,2163462,1959304,1599445,1347620,1285169,1139547,0,421466,0,0,441300,0,1627641,2029328
269,000768,2017-11-20,-0.006988934187536433,-0.015725101921957085,0.34522135096939316,26935.5,243907.4495974292,2478,114093791,110445170,819907,1671053,9115178,15063660,9183448,15624346,12880307,26114921,8475787,9730546,7291978,7744059,6179724,5213510,60147462,29283075
270,000776,2017-11-20,-0.005672149744753163,-0.011344299489506438,0.33944757936359254,48790.0,363191.61203720246,2700,245300073,159863449,565966,984121,11574421,13801070,17502724,15707346,26206385,25349457,16526926,18220079,18589271,17087086,18049014,10610719,136285366,58103571
271,000777,2017-11-20,-0.0055248618784530246,-0.015960712093308627,0.480856558473022,14238.0,89882.71417562483,1149,23441455,18202847,871693,1290190,4938272,5768369,3735906,2873885,5305409,4361175,2374243,1149540,2065558,0,2171962,0,1978412,2759688
272,000778,2017-11-20,-0.007168458781361964,-0.016129032258064502,0.1218708454168109,15288.0,114269.29127006544,2102,56304400,43492873,1623885,1626560,8886892,8228286,10250979,8010154,10750211,11123464,5079465,4928855,3962770,1382255,3517459,3944509,12232739,4248790
273,000779,2017-11-20,0.0190886699507391,0.004310344827586299,0.6375357192536958,15960.0,63966.804076267625,649,10887050,10874418,483412,677390,2830530,3224456,2219605,2789337,2285160,1826113,481703,1496178,1060234,377944,924554,483000,601852,0
274,000780,2017-11-20,-0.0021276595744680327,-0.010638297872340385,0.16361134274878236,2315.0,41556.90825596262,826,6955249,6688561,365054,907163,1715420,3082506,1046089,1416274,2027926,619556,720680,663062,0,0,0,0,1080080,0
275,000782,2017-11-20,-0.004474272930648726,-0.020134228187919434,0.35524497873279826,10476.0,75991.54291051505,634,12605338,8747310,491173,932394,2672849,2293653,2814067,2046889,2931728,1787664,1266533,222360,723091,0,845897,847046,860000,617304
276,000783,2017-11-20,-0.003409090909091028,-0.00454545454545463,0.2051380458181737,15732.0,86186.33532193703,1842,43048918,30677348,1797771,1534826,9375466,7941719,7184584,5405318,9404021,5139322,4808015,2217129,3322854,1374926,3175774,1714832,3980433,5349276
277,000785,2017-11-20,0.0040858018386109585,-0.007150153217568844,0.46950093082091776,14528.5,57410.24161951583,434,9001763,6053046,299438,535674,2102844,2171012,2149797,1611864,2197005,646131,1037961,691120,684656,397245,0,0,530062,0
278,000786,2017-11-20,0.07265306122448978,0.04326530612244883,0.4440377333459496,89964.0,393283.1588568981,3054,264947065,355236215,668499,947513,8442038,11363880,13731859,16938029,36895924,34548698,43757644,29305435,38250254,31561623,19456828,24800358,103744019,205770679
279,000788,2017-11-20,0.011752136752136932,0.011752136752136932,0.2790348349442095,14100.0,76807.34007525732,1126,21094770,23307132,1041817,1166108,4562223,5441538,4792299,4046417,4991793,3898237,2521700,2054232,1452437,2359719,1732501,923046,0,3417835
280,000789,2017-11-20,-0.015321756894790428,-0.01736465781409602,0.20658244315231594,28768.5,248110.87790118862,2260,114008062,94096006,1638947,1243313,9912673,7697998,13867989,10130929,17451824,16901754,13764717,9910487,11004216,8520737,9961136,6262077,36406560,33428711
281,000791,2017-11-20,0.012048192771084265,-0.009638554216867434,0.18224971489374459,17157.0,106941.88765419045,2078,53722752,44718637,1561005,1909203,9112403,9925939,9908101,9445510,10338594,9719826,7122421,4088197,6309719,4028562,2111321,1877374,7259188,3724026
282,000792,2017-11-20,0.02586206896551735,0.010188087774294807,0.2446721160067828,50283.0,312834.2832161128,2723,189960701,221642896,1084719,1073791,10145323,10540164,13756501,13228514,26822639,27130849,18291027,25093305,17625515,21794532,15912940,18587807,86322037,104193934
283,000793,2017-11-20,0.0370370370370372,0.012670565302144388,0.2713859938068085,29120.0,253126.9448525638,1431,66177190,87593691,680962,695335,4208955,7425525,6223728,5565419,9948103,12688937,6367435,11208203,3002426,4231198,1697979,3156739,34047602,42622335
284,000795,2017-11-20,-0.0049261083743842304,-0.009852216748768461,0.14126106112656883,8865.0,71992.92994222043,1863,28577231,23770092,1462618,2051906,7247914,7039725,5289026,5761822,5084839,4616406,3164967,2320535,2052828,0,1726046,0,2548993,1979698
285,000796,2017-11-20,-0.03300076745970837,-0.036070606293169494,0.3176773219955534,19872.0,128359.73679478647,1686,46478433,33957316,786200,1595608,8069845,9160442,11577896,7419939,5836917,5696269,3855825,1958526,3529947,1635911,1290777,2220066,11531026,4270555
286,000797,2017-11-20,0.05358550039401111,0.03230890464933012,0.289678657017116,21819.5,125805.34776490185,1924,56079082,63880602,1205715,1531079,7747760,9320621,7951972,10072760,10473847,11190831,9095804,9127431,3412997,4977358,3526433,4335443,12664554,13325079
287,000798,2017-11-20,0.012925969447708408,0.00235017626321965,0.3861735526754665,8485.0,51862.922714154774,486,7427132,3099553,570310,506006,1868754,1139200,1383755,937467,2200427,293725,245361,223155,347985,0,0,0,810540,0
288,000799,2017-11-20,0.015230183454482349,-0.019730010384215957,0.5218695267066957,51138.0,335121.79272639303,3070,245447287,207408730,1081742,1311509,11163800,14402247,15049752,19232801,30232644,26087258,22291786,27310912,20513055,20844565,14942636,14217207,130171872,84002231
289,000800,2017-11-20,0.023381294964028854,0.017985611510791477,0.2578513425256287,24398.0,128809.35795085372,1862,65595665,65309733,939899,1094510,7974014,7652129,8238412,9874926,21041971,12828928,10341909,9953719,3965378,4709897,4387722,3601821,8706360,15593803
290,000801,2017-11-20,-0.03896103896103886,-0.04617604617604609,0.2004713850256543,10544.0,135625.6296012789,1201,30527590,19582979,683807,1628248,4313130,4731761,4159821,4202594,3443072,3129284,1631046,1773735,1409379,718910,912780,878567,13974555,2519880
291,000802,2017-11-20,0.01427498121712989,-0.0037565740045079066,0.377659577861398,13355.0,64618.707499780925,1242,22543245,21313925,776307,1243244,4814438,7377440,4934116,4405412,5675905,4037286,1943869,2700080,396300,1082218,1293902,468245,2708408,0
292,000807,2017-11-20,-0.010368663594470084,-0.010368663594470084,0.15361829568360044,66725.0,420287.9328993205,3202,316087209,308176988,1082576,1241954,10332145,12458812,15050928,18624382,36616834,34693459,30932650,27202068,28577943,29453219,27625046,23925123,165869087,160577971
293,000809,2017-11-20,0.010443864229765065,-0.0026109660574412663,0.17715303206067867,14898.0,73435.06022958583,467,13068783,7108284,223091,466720,2045851,1987887,2346621,1264432,3751575,1977241,1188251,684668,2098549,727336,1414845,0,0,0
294,000810,2017-11-20,0.00924024640657084,-0.017453798767967155,0.2445742024918094,3804.0,25732.19524917208,1590,11996091,7570986,3719097,1215462,3659875,3197378,1465507,2072603,2471147,370125,225120,715418,0,0,455345,0,0,0
295,000811,2017-11-20,0.007352941176470562,0.006127450980392135,0.2980558004520914,14580.0,80507.10603726984,749,15335128,14780994,624153,695199,3642349,3267970,2785557,2710407,2627655,2730473,1313809,2411165,1806341,699486,1355213,1283495,1180051,982799
296,000812,2017-11-20,0.003694581280788256,0.0012315270935963074,0.3941949375437929,8932.0,82210.70370038562,424,7880878,6356741,542882,329114,1908561,1398747,1467828,907758,1817969,293400,786124,663355,660965,326407,0,408500,696549,2029460
297,000813,2017-11-20,0.005931198102016699,-0.005931198102016477,0.28737919960706837,15138.0,53533.38669548328,861,16015934,11473473,705195,691303,4939718,3408047,3416790,3473807,2097538,2126175,2994815,1359981,1014308,0,847570,414160,0,0
298,000815,2017-11-20,-0.03745108999441038,-0.04807154835103411,0.5197955281402505,20676.0,116048.96712724643,1204,39166490,32689813,672197,1032765,5400057,5485335,6253176,5853708,6818299,7252363,4156006,3904246,4565814,4539498,1911238,1689266,9389703,2932632
299,000816,2017-11-20,-0.008042895442359144,-0.008042895442359144,0.08343135246710753,14395.5,116822.22254002947,2010,47017249,50670306,1484510,1655665,7852101,8737234,7499266,7112609,9120357,13457996,4788066,5821559,3103213,5096216,2615125,953661,10554611,7835366
300,000818,2017-11-20,0.008620689655172376,0.008620689655172376,0.3136781116945087,17527.5,94924.27210757433,1368,27392695,34649548,846499,897051,6359599,7554544,4948114,5961620,5762983,5944447,3452514,3261659,1734877,2043154,1391686,1323416,2896423,7663657
301,000819,2017-11-20,-0.034638554216867457,-0.030120481927710774,0.4137649680472759,12750.0,48230.79724088299,1031,13927895,15123817,640198,1058102,4226064,5214359,3721752,3408791,3449530,2648986,755874,1097366,312984,706837,821493,485376,0,504000
302,000821,2017-11-20,-0.01687454145267797,-0.014673514306676516,0.3273006770975402,25920.0,103666.48045884688,1741,51548180,45401042,894565,1016864,7441020,8279638,11746537,12362568,11714769,9221749,5221025,5633467,2563955,3091332,2260539,400064,9705770,5395360
303,000822,2017-11-20,0.018112488083889433,-0.007626310772164024,0.20556661380242242,28616.0,209312.77577623943,2609,123601937,102382284,1141037,1610853,9934808,12917532,12604982,14743253,18786384,20755716,16302868,13629641,7512079,8360564,9809524,8858904,47510255,21505821
304,000823,2017-11-20,0.032238442822384306,0.015815085158150666,0.34691054824144163,45864.0,325100.5329705832,2255,131228174,158236260,1004293,1121253,8939418,9572831,11148555,17027075,19502003,26215462,10585636,16559210,11926705,11196846,8532564,8879207,59589000,67664376
305,000825,2017-11-20,0.016260162601626105,0.0060975609756097615,0.09336175540974456,24500.0,199182.84730169797,2791,108499159,146483447,866062,3568336,7210463,13467029,8124151,13945211,18249479,23286288,28586186,22011624,12559052,10727570,5919862,10013264,26983904,49464125
306,000826,2017-11-20,-0.006859102600743072,-0.006859102600743072,0.8547526814051847,27736.0,201431.45530939967,1676,93812788,61900218,1294198,714182,6867627,7863591,6465675,7764845,15824660,10667807,12530265,7764371,8709213,5234960,4825733,3620611,37295417,18269851
307,000828,2017-11-20,0.009565217391304337,0.0008695652173913437,0.44183285001661027,11360.0,59624.82892917896,677,11085859,8909311,490192,665221,2299390,3079304,2113032,1911297,2522188,2128453,1883324,453119,0,671917,425745,0,1351988,0
308,000829,2017-11-20,-0.01039501039501034,-0.022869022869022704,0.29321411852513946,12233.0,60870.231847965864,1077,17113481,15301724,763959,1372548,5488936,4510024,4422934,3433367,3225375,2429238,1734491,1042029,975555,0,0,1390148,502231,1124370
309,000830,2017-11-20,0.09409190371991238,0.0401167031363967,0.2394391984439504,74176.0,427105.3668540724,3288,314805736,369943938,1052261,1084288,10653925,12727796,16538605,19476485,32524444,33867270,31852332,32526373,25586544,25094368,20760079,25842068,175837546,219325290
310,000831,2017-11-20,0.020000000000000018,0.01304347826086949,0.2813262403374077,18472.0,91791.52152339387,1672,36302870,42009439,1072868,1062334,7471856,8275921,8634888,7406525,10104980,9698166,4048358,4208280,1385026,2385919,848372,861918,2736522,8110376
311,000833,2017-11-20,-0.01406469760900153,-0.01828410689170179,0.25921912124715885,7030.0,52099.54033705466,753,9979933,8194405,718409,919010,2389225,2780887,1860291,2056991,2045983,764792,1174164,907560,661341,318045,483720,447120,646800,0
312,000835,2017-11-20,0.016990291262136026,-0.0060679611650485965,0.2909046513308858,12284.5,52291.680738369905,802,11073971,12800890,719932,960197,3199736,3797627,2656764,2753841,2116230,2434380,1631314,1251315,320397,644369,429598,411208,0,547953
313,000837,2017-11-20,-0.02583586626139811,-0.037993920972644424,0.18873237870199244,12600.0,61839.56504236612,1225,19665597,18101810,644804,1398399,4706930,6395472,4371615,3673052,6077550,3833895,1861446,480851,387500,1427966,0,0,1615752,892175
314,000838,2017-11-20,-0.003278688524590123,-0.02950819672131144,0.12495173262443465,14800.0,138066.87712407342,2393,69993507,53279554,2007443,1767324,11218661,8741642,9416945,7925652,14269486,10772592,8162417,8206845,8495089,4402063,5714317,1333260,10709149,10130176
315,000839,2017-11-20,0.005504587155963359,-0.00917431192660545,0.18380897753367859,174245.0,1170258.9150018862,3526,843074954,762681500,374703,461613,8349338,9301273,15679310,18237494,43076508,43577238,43454865,47895445,41372369,38279459,37306740,28781664,653461121,576147314
316,000848,2017-11-20,0.0,-0.010214504596527063,0.25141397874804217,12655.5,65000.82941321022,1518,31170126,16074867,1120330,1752678,8329754,5780222,6707969,3659168,4923966,2406780,3315645,1673284,1341058,319154,2436224,483581,2995180,0
317,000850,2017-11-20,-0.010482180293501009,-0.01467505241090139,0.23652966743905482,9614.0,62860.62573793454,406,6017816,4810556,292981,502786,1878670,1948650,983374,794627,1513917,628493,278332,0,1070542,0,0,0,0,936000
318,000851,2017-11-20,0.02584269662921357,0.010112359550561889,0.2777728308242476,13410.0,61775.81591474227,1027,15720330,18473154,597034,1377743,4041396,5671205,3635275,4260963,2662004,4373885,1615518,1600951,356000,699738,1307843,488669,1505260,0
319,000852,2017-11-20,-0.015663643858202958,-0.019785655399835123,0.2436317624883669,23600.0,156624.23228729732,2487,86109517,73751649,1816968,1343032,12253054,10789642,13099935,10977727,19797668,16604230,7967749,7316541,8038741,6223618,6958802,4831180,16176600,15665679
320,000856,2017-11-20,-0.005232862375719405,-0.004709576138147598,0.42883776663073125,22884.0,151073.31412433318,1987,60578914,73333612,1426880,1543340,9786554,10153189,8878715,9213754,9758672,11796667,9287012,6958074,5392682,6276176,4320934,4380503,11727465,23011909
321,000858,2017-11-20,-0.005047748976807487,-0.010914051841746208,1.2295025749882067,247248.0,886029.9760077985,3555,937399938,886878904,248565,294020,5013374,5514250,14917681,15905445,42283125,43097525,51444537,49551792,45980692,41547108,52416329,50003128,725095635,680965636
322,000859,2017-11-20,-0.004474272930648726,-0.015659955257270597,0.17652830398842312,7924.0,83669.48363167683,641,10797718,5731808,473381,919747,2022453,2387682,2226428,682113,1392902,1233122,760207,509144,1563746,0,0,0,2358601,0
323,000860,2017-11-20,-0.005519317611640706,-0.01354741595584541,0.39619449536585577,21406.0,160794.1770529269,2533,68260843,81061125,701235,3146085,5763693,20446739,7770422,11599470,9251975,12947957,7216032,7185418,6232979,5994473,4716716,3439218,26607791,16301765
324,000861,2017-11-20,-0.011940298507462699,-0.020895522388059806,0.11426635530966524,5868.0,56874.658050637474,861,9243658,8317653,547610,1175103,2442965,3065217,2483441,919389,1288171,1351809,1415972,0,652956,0,412543,0,0,1806135
325,000862,2017-11-20,-0.011363636363636465,-0.02083333333333337,0.19901437823692136,10300.0,28962.54552486417,704,7134535,6699302,421590,742338,3158794,3078638,2213893,1880100,810159,745413,530099,252813,0,0,0,0,0,0
326,000863,2017-11-20,-0.01111111111111096,-0.0031746031746030523,0.2810567616821367,11079.0,57717.47213210196,502,6727768,7732317,442159,457191,1999301,1799086,1792746,1224288,1994525,1860396,499037,230880,0,1068708,0,474768,0,617000
327,000868,2017-11-20,0.012870012870012992,0.007722007722007707,0.14405494776855765,30030.0,165566.87507842982,2917,113432276,119823801,1531668,1851882,13526091,14454384,16321160,16362158,21664814,25474138,15399890,13425442,11820165,10206596,6311333,2626839,26857155,35422362
328,000869,2017-11-20,0.0002793296089387276,-0.005027932960893877,1.014542885202526,20987.0,158128.28092310837,1245,39333594,41685601,590065,840329,5579801,6592291,4904305,5132613,7680680,8320269,4792085,3039433,5112328,4134185,1821577,1821451,8852753,11805030
329,000875,2017-11-20,0.0048661800486617945,-0.007299270072992803,0.12538242381119905,6075.0,47137.07410108997,1076,11685319,11632181,722203,1357400,3492950,3784899,2829363,1624058,1768303,2399029,1636614,662663,328050,1385316,907836,418816,0,0
330,000876,2017-11-20,0.033810143042912744,0.02860858257477239,0.14114950498772494,28490.0,249032.84768236117,2975,141528269,166665630,1998726,1645673,12599458,10838845,14879310,12998823,27056775,25266253,17251056,15454112,10142857,15934349,10782543,12541894,46817544,71985681
331,000877,2017-11-20,-0.01837524177949701,-0.024177949709864643,0.21170290103833436,19720.0,100099.11500875164,2389,54898423,65049046,1146549,2095343,9396504,12425556,9426020,13107891,10545060,13147322,5311744,7494678,6174945,6034094,3927604,3533619,8969997,7210543
332,000878,2017-11-20,0.01567656765676584,0.014026402640264113,0.26391088908922566,25431.0,150503.07911254204,2111,76581208,73825232,1135092,1454660,8771415,11076221,11427440,10033230,15544186,15429306,7803709,8007273,7205974,6050545,4552208,5747456,20141184,16026541
333,000880,2017-11-20,-0.002083333333333326,-0.005208333333333259,0.41496183370806655,8550.0,29988.533677660293,535,4518421,3959224,782865,621334,2381281,1616826,652179,870664,484056,133280,218040,0,0,308160,0,408960,0,0
334,000881,2017-11-20,-0.014232209737827684,-0.016479400749063622,0.4077713843101192,13400.0,69973.33680181307,1072,20020352,20099287,604099,1200985,4556888,5641674,3961758,2811593,4640250,4940467,3093367,1803673,998979,1088688,895126,1250885,1269885,1361322
335,000882,2017-11-20,-0.012698412698412764,-0.022222222222222143,0.10134772339477936,6589.0,75588.75754064799,970,17167695,11722166,619898,1202210,3019214,3144217,2641998,2287814,3604785,2431806,1832213,885639,953004,1339116,897118,431364,3599465,0
336,000883,2017-11-20,0.0,-0.0042194092827004814,0.12369883993370827,4248.0,60058.96070338237,1472,20866201,11426094,1850229,1054663,5405479,2903836,3420560,2453726,3633754,765265,1465265,1774603,997789,992706,945710,947181,3147415,534114
337,000885,2017-11-20,-0.018102372034956238,-0.027465667915106073,0.3495579983294609,20247.5,97311.31477096531,2104,56666281,49701706,1112657,1880352,9535838,11904900,9711834,10778174,12918689,10714023,7075997,5963299,5713198,2287670,1370662,2726122,9227406,3447166
338,000886,2017-11-20,0.013636363636363669,0.00909090909090926,0.17367367889241664,22420.0,180532.41360579288,1448,54722863,64733438,1043931,981475,4049735,6110285,6479942,7448613,11390841,10497552,6668733,7631750,5312773,7269044,869845,5832078,18907063,18962641
339,000887,2017-11-20,0.013223140495867813,0.009366391184573164,0.47636358468530066,32886.0,137488.218840903,1454,42464894,58256295,478030,1365139,5993162,8346329,6800277,7346957,7897029,17904491,5224131,5038550,1730974,4811475,3145556,2294573,11195735,11148781
340,000888,2017-11-20,-0.007014028056112287,-0.01102204408817642,0.24092349790807654,3944.0,51601.125658592544,1716,19797529,6589268,3686385,681778,7085015,1821405,2683872,1572448,3272947,690666,245000,661587,0,725676,494000,435708,2330310,0
341,000889,2017-11-20,0.017628205128205066,0.01602564102564097,0.4530969823747283,12700.0,83963.75835525358,761,15088342,18436154,541252,609928,3227157,3445945,2475536,2292893,3478462,3875378,2685969,2720221,997966,2171474,474000,867830,1208000,2452485
342,000890,2017-11-20,-0.013867488443759624,-0.024653312788906034,0.25261477902929996,7523.0,38186.823129165925,660,7788869,6137494,578144,759963,2424449,2286400,1949694,971276,2540957,1037544,295625,765178,0,317133,0,0,0,0
343,000892,2017-11-20,-0.019099590723055893,-0.021828103683492528,0.2695181599294842,9961.0,63150.65801245885,740,12015501,10210645,539268,936034,2992473,2832785,2613230,1590979,2991694,1913118,982394,1194786,660136,610643,0,0,1236306,1132300
344,000893,2017-11-20,-0.024050632911392422,-0.025316455696202556,0.28543473336822034,7720.0,46261.98585181875,770,8924078,9947403,771851,787891,3256432,2509043,2278712,1656653,1391403,2671268,907670,1229946,318010,605954,0,486648,0,0
345,000895,2017-11-20,0.010947527368818433,0.0018875047187618677,0.49331132765835933,21160.0,168871.40762339992,2885,123074856,94919323,3285646,812191,12307859,10589633,15181971,12895953,19301802,17207770,13573083,10798927,9776469,8956625,6676946,4540260,42971080,29117964
346,000897,2017-11-20,-0.010666666666666713,-0.016000000000000014,0.11445866460569111,5888.0,67758.97886676269,1076,14002407,11763837,658254,1404941,2970015,3846641,1549570,2277806,3134639,2839857,1415642,426635,1057694,314757,0,0,3216593,653200
347,000898,2017-11-20,0.0,-0.014354066985645897,0.1257405995161198,24640.0,302304.2562980901,2495,126276887,127309867,974196,2019443,8813792,10911547,9975301,11366858,16246378,18719566,11965102,14150777,6424588,11446139,3857548,11814424,68019982,46881113
348,000899,2017-11-20,-0.00327332242225864,-0.013093289689034338,0.19123688914286893,4193.0,59046.87515832898,1022,11950673,7563349,1999214,783786,1921731,2073124,2071737,1330345,2664491,1208676,920147,983342,0,322436,0,861640,2373353,0
349,000901,2017-11-20,0.0029661016949151797,-0.0029661016949152907,0.6471819848470315,21096.0,100997.05588872008,1330,27058846,34886171,713487,1325627,5356651,9722653,4436479,6083828,5785035,6436511,3567978,3112269,1029458,2484997,888939,1879070,5280819,3841216
350,000902,2017-11-20,0.002024291497975561,-0.005060728744939347,0.2902575800399259,9810.0,138847.16606738337,1159,37854550,12711933,1644395,918655,4768175,3615092,2724154,2465314,4573154,2372224,1926069,1504026,3109877,303246,899283,0,18209443,1533376
351,000905,2017-11-20,-0.020408163265306145,-0.023673469387755053,0.32229240444168133,15444.0,69930.12475776313,1445,28251367,23880894,756100,1387581,6137445,8477934,5948962,5203617,8635684,5023144,2701106,2265684,992456,0,859140,406684,2220474,1116250
352,000906,2017-11-20,-0.022067363530778095,-0.03252032520325199,0.2410107134578561,12382.5,84264.24868628246,1280,28650101,20515635,1288125,1392508,5470678,5071854,5890538,3800847,4432916,5265223,2107722,1935384,1709819,1080932,1304707,1238487,6445596,730400
353,000908,2017-11-20,-0.009538950715421213,-0.011128775834658211,0.2625060099072158,8680.0,50536.17238753337,574,8370236,6693951,400349,635625,1979111,2053050,1967187,1461658,2366744,869947,235581,981239,926064,692432,495200,0,0,0
354,000909,2017-11-20,-0.011304347826087024,-0.01043478260869557,0.42511605001204694,11240.0,43127.8137164304,734,8774355,10039446,538009,713353,2695953,3609338,1931667,2317767,2606482,1423044,692552,964644,309692,1011300,0,0,0,0
355,000910,2017-11-20,0.008695652173912993,-0.004347826086956608,0.5216976963170135,18120.0,68694.44603127163,1954,34955605,18208268,1714735,1053025,17351113,4482693,3999882,3173635,2976477,2521527,4106282,2475585,1783228,757798,921506,421685,2102382,3322320
356,000911,2017-11-20,-0.024896265560165998,-0.024896265560165998,0.2891040330468574,10208.0,77819.77788826921,1113,14393712,17837270,1059729,1303595,5042287,4424231,2858636,4557305,2025227,2813590,1258125,1055899,1502028,0,0,0,647680,3682650
357,000912,2017-11-20,0.051094890510948954,0.045255474452554845,0.14590340860571838,14321.0,76963.54671700344,2212,38997325,45769248,1736849,1963745,10221001,10351962,8841174,8762345,7827216,10153364,3317809,5028836,2721800,2711440,1335598,2987164,2995878,3810392
358,000913,2017-11-20,0.06228874939642681,0.03621438918396902,0.5673451244081399,21280.0,97073.07225103531,1334,30449966,41581877,623920,736339,5793531,6999292,4373356,7490471,9284990,9746032,3137226,5912115,2456512,3105638,1313813,1776254,3466618,5815736
359,000915,2017-11-20,0.02215189873417711,0.021518987341772045,0.8688210125126767,22575.0,144603.9424379721,1325,37622285,39510356,1621008,933590,5802101,5446247,4550121,12492669,3440978,4126684,4550746,4041461,3080370,3416287,1288396,434160,13288565,8619258
360,000917,2017-11-20,0.007035175879396949,0.0020100502512563345,0.20467116405807412,30000.0,252970.98741168404,2367,130871768,109084014,1399735,1682415,10097249,8893473,13672006,10224378,19155044,18088491,14105788,16706246,9238155,11074616,8470584,7801207,54733207,34613188
361,000918,2017-11-20,-0.013698630136986245,-0.012328767123287676,0.22088141463051014,14260.0,96536.5021892818,1093,26336807,18193900,1093278,741801,5370171,4057798,4649353,4115355,5475797,4268643,1899213,1919992,1978775,1059301,465813,916310,5404407,1114700
362,000919,2017-11-20,-0.012889366272824998,-0.013963480128893702,0.3337068443927908,12929.0,57254.13830884752,778,14756483,11433926,472782,1141477,3114028,3891338,3024107,3209493,3455391,1771716,2330943,1081382,1386002,338520,427230,0,546000,0
363,000920,2017-11-20,-0.014191106906338735,-0.02081362346263016,0.34012603793296436,15462.5,100668.12807352158,966,23018230,15570544,432551,1034710,3372380,4886708,3839227,3330632,7466034,4505311,2599260,1106261,994305,706922,1728090,0,2586383,0
364,000921,2017-11-20,0.005379959650302579,0.0060524546065905405,0.33298778061938894,29340.0,101495.77536292709,1999,54690616,63654467,1169974,1004012,8787682,8719890,13557065,11719519,14632724,17147048,6251365,8156338,3096407,2074063,2128162,445500,5067237,14388097
365,000922,2017-11-20,0.005148005148005064,-0.0038610038610037423,0.26279102870407683,10598.0,86161.64123981318,875,12998053,13248530,664058,965312,4025675,3905448,2074656,2128439,2817943,1655337,985437,1194954,692318,392445,846966,0,891000,3006595
366,000923,2017-11-20,0.010859728506787292,0.004524886877828038,0.5556351945903006,8906.0,54654.838137053346,1584,19233133,21565837,981027,2189758,6111128,6495681,3383940,3539626,4396580,3319031,3456360,2880747,338960,1150440,0,429128,565138,1561426
367,000925,2017-11-20,-0.0063816209317166805,-0.00765794511805995,0.5594052946919931,4647.0,49900.36681594853,784,9605864,6128784,1349015,547891,2571361,2141286,1661102,1042143,1604274,744741,1304446,213921,694700,620000,420966,0,0,818802
368,000926,2017-11-20,0.0016393442622952836,-0.026229508196721207,0.2833741603588265,26180.0,302177.43064123404,1857,95729383,64166356,1134540,775762,9620897,6678288,9194236,7365660,28823516,13041874,8154709,11280443,3930919,3756021,1723062,1670784,33147504,19597524
369,000928,2017-11-20,0.015552099533437058,0.0,0.1868874744117648,15351.0,83781.60932601354,1185,27208780,21319452,614590,1274183,4588454,5323215,6230410,4589616,4434598,5860894,4019463,2137106,2663507,998178,1282258,0,3375500,1136260
370,000929,2017-11-20,-0.030434782608695587,-0.05739130434782613,0.3928194437150505,10800.0,122767.8227141749,863,22011034,13219121,288666,1277829,2612797,3691957,1941248,2275447,3368683,2315287,2860672,1173151,1923660,379996,838000,0,8177308,2105454
371,000931,2017-11-20,-0.00592592592592589,-0.00592592592592589,0.2239439672788421,6874.0,46795.08657018412,909,9314852,11305491,622852,1423205,3213291,3361446,2568956,2166817,1479752,1891467,475665,961940,954336,330000,0,0,0,1170616
372,000932,2017-11-20,0.041212121212121255,0.021818181818181737,0.16167973915076228,24119.0,170685.23724285836,2613,91453819,100868475,2325754,1535835,13165376,10967016,14038221,11553999,17035443,15887534,10472850,12562581,7221985,8166389,4953361,5263847,22240829,34931274
373,000933,2017-11-20,0.006082725060827077,-0.0036496350364965124,0.1539102983642829,36810.0,235768.92801152836,2861,180281598,164911800,1315576,1477372,12072271,10622316,15556213,13910389,22194003,24560145,21488327,14169875,27472069,16924401,12754145,14174729,67428994,69072573
374,000935,2017-11-20,0.005303476723629963,0.0023571007660578847,0.345482159012169,22074.0,146638.07888500937,2416,79902328,70204308,1612617,1571696,10528320,12424882,11873636,11589510,14700538,13366269,9493963,8007508,5984481,5013462,3751606,5918168,21957167,12312813
375,000936,2017-11-20,0.033802816901408406,0.025352112676056526,0.14344581706562531,27512.0,136201.72875086096,2461,80990968,89828508,1619966,1213639,12996916,10435386,13136308,10706551,17456828,18615044,11477688,11539841,4694784,9618650,7714427,8466618,11894051,19232779
376,000937,2017-11-20,0.014084507042253502,0.012323943661971981,0.12606393033428828,6744.0,75145.65371341792,2035,28400782,32800796,1185485,2763277,6557844,7357451,4551960,6263905,4727345,5555404,3170606,4010494,2456786,2016137,1336661,920906,4414095,3913222
377,000938,2017-11-20,0.09835082458770628,0.07901049475262356,1.1887948457785493,121212.0,445906.72203089995,3152,352493439,448514792,582404,772746,8011509,9823097,15561842,17708340,35702506,35817670,35593904,34857567,37202678,36841716,32847495,38792085,186991101,273901571
378,000948,2017-11-20,0.002795899347623365,-0.00745573159366264,0.4280657334700885,9558.0,50263.01127223182,628,10173066,5406696,539118,660617,2107898,2267332,1398925,1221134,2446112,1015738,2216021,241875,1040592,0,424400,0,0,0
379,000949,2017-11-20,0.002577319587628857,0.002577319587628857,0.17009612558159526,7800.0,52809.288889722455,520,6830043,5708774,359980,523180,1867142,2142687,1787902,1318419,1452243,1183018,509176,541470,0,0,0,0,853600,0
380,000951,2017-11-20,-0.027131782945736482,-0.04263565891472865,0.33144163836623663,8964.0,89614.39497085677,2192,39685670,39653904,2665309,1982127,7585373,8096728,7337058,5681186,8228700,9222614,3964319,2470220,1980817,2705535,3209304,873510,4714790,8621984
381,000952,2017-11-20,-0.001454545454545375,-0.0036363636363636598,0.49074213445562104,10880.0,54456.50124570537,787,9828608,11566753,718340,906087,2912656,3308590,1860184,2147532,1532734,2480925,1101579,1496579,684740,671490,422125,0,596250,555550
382,000955,2017-11-20,0.0016051364365969878,-0.0016051364365972098,0.38005321847739676,10540.0,91181.82449074714,268,3820389,5262731,261133,264188,1215211,725640,655962,580158,882622,989550,440766,248800,364695,647595,0,0,0,1806800
383,000957,2017-11-20,0.023255813953488413,0.015813953488372112,0.2758916322424524,12023.0,67827.07772696203,1519,25338722,27007091,1104975,1330479,7139476,6325586,5441147,5334480,4950661,5311571,2183897,3607157,2898290,1067601,459029,1313752,1161247,2716465
384,000958,2017-11-20,-0.0035398230088495852,-0.010619469026548756,0.13582428377167458,16037.0,115901.01684992369,1735,38974109,39302432,1029726,1608978,6724461,7702894,7641773,8301964,7887248,9233566,3958900,3941568,0,1391028,1258212,1347704,10473789,5774730
385,000959,2017-11-20,-0.028125000000000067,-0.02968750000000009,0.13390884326809818,4312.0,60742.75845779009,2296,30488817,22126109,2800303,1359897,7334975,4871400,5575401,3118441,4995256,7389554,3845345,2196993,2314041,370200,449064,1674414,3174432,1145210
386,000960,2017-11-20,0.028157683024939706,0.028962188254223697,0.27319180406591387,30650.0,157900.1385375402,2073,72430802,92088982,1064540,1205058,7793462,8830627,8447515,16118719,16019858,23281014,10931610,11398008,7329847,6196429,3592633,3080812,17251337,21978315
387,000961,2017-11-20,0.008375209380234505,0.005025125628140836,0.17475270708064441,8985.0,158493.23416040573,1168,32591461,24299080,844072,1141426,4259409,3347011,4305110,2784006,3184180,3238334,4326143,1647500,1562358,3026959,929928,493719,13180261,8620125
388,000962,2017-11-20,0.019559902200489088,0.009779951100244544,0.2896807278097096,10582.0,41022.840090047255,797,8310171,10839198,585882,1073726,3435377,3723156,2560451,2875840,1455629,1890527,272832,246440,0,381509,0,0,0,648000
389,000963,2017-11-20,0.01767531219980789,0.011335254562920394,1.033311827813205,47700.0,232793.14199735224,2540,120922231,170111375,734979,781807,8461146,13063044,15353099,18948324,18682744,32400615,13754891,22170905,9892446,18861735,5720520,12006279,48322406,51878666
390,000965,2017-11-20,-0.0068728522336769515,-0.013745704467354014,0.15496793510442128,5690.0,51930.69533945053,1412,18203629,16346291,689410,1388333,3834859,4136060,3297827,3762374,5762421,3786866,2592068,2114415,1031010,632697,446448,0,549586,525546
391,000966,2017-11-20,-0.020689655172413723,-0.027586206896551557,0.14495455011386799,8400.0,63310.31179833226,902,14682712,10945825,620275,1158075,3184174,3650520,2056540,1751167,3499446,1628799,1387469,1184071,1744913,742703,881358,830490,1308537,0
392,000967,2017-11-20,0.00815494393476035,-0.0010193679918449883,0.3537992027349195,13135.0,71601.92647568244,769,17061147,12962403,756671,992629,3057498,3445299,3543515,1896446,3917187,2785693,2459304,2291768,1139928,662636,425920,887932,1761124,0
393,000968,2017-11-20,-0.004629629629629539,-0.005952380952380931,0.3531691001210817,14085.0,95011.02047149769,1844,42549419,39368735,2244453,698314,9454034,5015350,8539754,5751522,8029603,9155626,3283281,5094564,3011638,2150109,960490,4416821,7026166,7086429
394,000969,2017-11-20,0.038690476190476275,0.02777777777777768,0.22683151121967055,21399.0,115050.96721216971,1979,50165128,64641681,1206532,1100679,8680492,9656878,8418329,9471206,12147231,13355893,6418160,6172350,4560256,5719754,3145352,3889645,5588776,15275276
395,000970,2017-11-20,0.011291460832745237,-0.004940014114326097,0.29216597564003877,29715.0,253659.4933940428,2356,114196615,115916318,1983677,1269014,9308839,10620095,10421592,14784843,15171125,22924795,11584820,11890286,9381977,8417421,5658008,8329376,50686577,37680488
396,000972,2017-11-20,-0.018475750577367167,-0.03464203233256358,0.1548003724992478,11394.0,93507.98615560896,784,16661717,15769683,570181,739525,2933630,2999422,3508972,2153776,3196959,3638296,2732576,1783059,953047,1077275,426300,872825,2340052,2505505
