,code,date,pchange_whole,pchange,change_std,amount_median,amount_std,length,sumsell,sumbuy,sell_vol_0,buy_vol_0,sell_vol_1,buy_vol_1,sell_vol_2,buy_vol_2,sell_vol_3,buy_vol_3,sell_vol_4,buy_vol_4,sell_vol_5,buy_vol_5,sell_vol_6,buy_vol_6,sell_vol_7,buy_vol_7
0,000001,2017-11-08,0.010833333333333472,0.010000000000000009,0.20140492000272014,386222.5,1964170.9029122652,3562,1716175998,1769529784,137638,146641,4536409,2985220,12305596,9205827,45156049,32282153,54860558,36881909,52396420,42234801,48305881,42435612,1498477447,1603357621
1,000002,2017-11-08,-0.0039639639639639235,-0.005765765765765818,0.46977410684099274,105260.0,503919.077911176,3493,387106790,446666857,378198,692135,10049666,11985939,19955363,24308167,49889525,48455066,44117298,41720449,30792276,36370456,29697680,27595305,202226784,255539340
2,000004,2017-11-08,0.0051325919589393365,0.014114627887082953,1.3522331061809003,11817.5,53851.01400873252,298,3240172,3350465,330002,250753,1310231,1669158,532320,672794,641379,0,0,0,0,0,426240,0,0,757760
3,000005,2017-11-08,-0.004319654427645703,-0.004319654427645703,0.17183191838221487,4620.0,47239.3465532837,726,7509500,5403463,801943,711763,2581374,1902957,1265783,857690,1704590,840323,702251,231000,0,0,453559,0,0,859730
4,000008,2017-11-08,-0.016465422612513603,-0.014270032930845167,0.21202447963479987,8990.0,76103.0979876683,1847,36462468,18747396,3400715,1494692,7765201,5194211,4943592,3332459,4487619,3675219,3305524,2823148,2323059,1778771,4468003,448896,5768755,0
5,000009,2017-11-08,0.019011406844106293,0.02281368821292773,0.16914710530326854,17709.5,155566.14378250903,2178,73948519,87880246,1611212,1935052,8299647,9605858,8069739,8658241,13107432,11609817,7435844,15768195,8347093,7872191,5339395,9090064,21738157,23340828
6,000010,2017-11-08,0.008169934640522847,0.019607843137254832,0.11432238379777637,31130.0,109538.11520232013,2874,92415357,95220358,1646618,1565134,13670779,13498753,17959634,20267319,20565798,26227453,14037287,13978569,6669723,7241370,5554445,3849914,12311073,8591846
7,000011,2017-11-08,-0.0031397174254316207,0.00366300366300365,0.46680188627615965,19175.0,98588.76495103305,1676,42706863,33935843,1056971,1568788,9055579,8901565,8867929,7479924,8769647,6182786,2739067,4109651,3148127,2743744,2693905,464373,6375638,2485012
8,000012,2017-11-08,-0.00476758045292025,0.0011918951132299238,0.23058035762121074,16156.5,99961.46845851908,1324,33172178,28927743,1315945,886960,7113960,5093393,5798864,4405821,6035321,6594857,3360180,4268554,1502949,1661195,2298219,1418347,5746740,4598616
9,000014,2017-11-08,-0.006188118811881305,-0.0024752475247524774,0.8173316601814974,11266.5,50447.13177979808,390,6869774,3528528,460590,330238,1793184,1553936,658568,981436,2106992,346378,797847,0,649843,316540,402750,0,0,0
10,000016,2017-11-08,0.021374045801526798,0.012213740458015376,0.13089587196388422,32950.0,231451.45296176666,2511,118585589,118511243,1543198,1317660,11851822,10810308,14932281,13972441,21133895,18535856,15715406,13329145,8624579,8991387,5843562,12073456,38940846,39480990
11,000017,2017-11-08,0.00137174211248281,0.006858710562414272,0.3002000758704411,9568.0,44801.736886319275,589,8604637,5012122,735384,496627,2783418,2554113,2460118,1512017,1053886,449365,767081,0,0,0,0,0,804750,0
12,000018,2017-11-08,0.015449438202247201,0.015449438202247201,0.19531158269952492,14260.0,131223.14887577723,1330,28074673,33032192,1173159,1208033,5577103,6086745,4416912,5560444,4697803,5315768,3350727,3205440,1960359,2097967,1338861,0,5559749,9557795
13,000020,2017-11-08,0.011931818181817988,0.021590909090908994,0.42686079495532997,15979.5,70459.00386934781,1700,31189227,32069575,1430578,1468520,8887747,8578850,6836426,6176490,7058032,5230159,4080713,1616481,1071355,2753785,1293376,1768252,531000,4477038
14,000021,2017-11-08,0.012631578947368327,0.010526315789473717,0.18496773988015938,26244.0,248391.31294402218,2641,123362968,118668394,2129898,1445066,12675190,10440467,13221316,12435429,22705298,19528210,13136821,11938601,7389231,9460147,8263831,9158705,43841383,44261769
15,000022,2017-11-08,-0.01543332014246146,-0.007518796992481258,0.6539884824994169,22590.0,97083.70483481324,1493,41980324,27926728,785017,1086944,8043144,7177251,12518961,5867910,9644639,5482043,4245461,2309727,2022960,1055828,1381030,921835,3339112,4025190
16,000023,2017-11-08,0.049781659388646426,0.06026200873362453,0.7353322056402238,19368.0,84121.60860853778,970,13867437,26894171,845550,769586,4979497,4261502,3244425,5144154,3370322,4255494,1427643,4950014,0,1294525,0,1383400,0,4835496
17,000025,2017-11-08,0.0036722515492311203,0.0036722515492311203,1.037544334416825,17488.0,66697.35445242724,1763,35497915,32296229,1920827,1737911,11092140,8468405,7632482,8141671,5190141,6784856,4648450,2538232,2366347,1037986,0,882452,2647528,2704716
18,000026,2017-11-08,0.0008665511265166792,0.008665511265164794,0.4569396878039347,11670.0,85958.62317157448,637,8872557,10542158,562432,517302,3383841,3465813,1489174,1753043,1498511,1665115,680052,0,353856,371200,904691,405405,0,2364280
19,000027,2017-11-08,0.004702194357366851,0.0031347962382446415,0.21602069303629337,7680.0,80794.3793131378,872,9351699,16545648,446551,1427308,1810443,3966126,2414326,2198279,2107288,3101215,643375,234146,986228,1281139,0,1264795,943488,3072640
20,000028,2017-11-08,-0.008295625942684737,0.007390648567119351,1.7547977762166598,13480.0,172802.5567211322,1430,46974873,35659508,1553725,1377306,6614155,5842072,5196178,5190765,5945629,5289211,4480135,3419897,3184603,1656627,1762380,1699859,18238068,11183771
21,000030,2017-11-08,0.0023781212841853527,0.0047562425683709275,0.23159329823986072,5914.0,67585.53082649544,1319,14269246,12971569,1703633,1759354,2103451,5030005,1595506,2103764,1879390,3134670,760628,500795,1286971,0,445926,442981,4493741,0
22,000032,2017-11-08,0.001721170395869276,0.010327022375215211,0.4523904698368288,9336.0,25782.59088724193,659,5467157,6565528,694518,476997,3203372,2792324,1086236,1833198,483031,1463009,0,0,0,0,0,0,0,0
23,000036,2017-11-08,-0.00737618545837726,0.0031612223393044925,0.23503164223100087,20768.0,100084.67880656871,1631,44746396,35767607,1053745,1154765,11706696,7027092,7172962,6923576,9686720,7898048,4418731,4076768,2802904,2190278,1794974,1833133,6109664,4663947
24,000037,2017-11-08,0.019790454016298087,0.0279394644935973,0.34349066889218405,16701.0,79481.75604320754,625,9855220,15177295,634754,536144,2588127,3109514,2777290,2328477,1656504,2472088,647408,1767911,1035182,701002,0,1342316,515955,2919843
25,000039,2017-11-08,-0.007905138339920903,-0.0004940711462450009,0.3965654822027945,36666.0,237035.708788008,2606,169229364,105759691,1277532,1026626,13500092,9308627,19612234,11506641,29674855,13757179,18181968,11586086,10984667,9223418,16130435,6402756,59867581,42948358
26,000040,2017-11-08,0.01655629139072845,0.01655629139072845,0.427032928004387,15255.0,112933.9879798409,1250,19243188,45745078,757578,969162,4462527,6812633,3191162,6955457,3554567,6111047,1633199,4766770,0,6901382,1363180,3971655,4280975,9256972
27,000042,2017-11-08,-0.01671826625386985,-0.021052631578947212,0.6405763501629769,4848.0,84405.7670232001,635,11774291,6043000,1702541,232113,1868600,1015184,920073,695866,926644,1580573,1272871,716287,1289065,310080,2240264,0,1554233,1492897
28,000043,2017-11-08,0.0,0.0,0.35719341074659944,16290.0,132663.73980213454,925,22737418,22450728,832691,342241,4845163,3019730,2957798,3521581,5021293,3071926,2573239,1832957,1953644,1882862,966854,874000,3586736,7905431
29,000045,2017-11-08,0.02627118644067794,0.03644067796610173,0.22854896993595208,38400.0,416145.39537272585,2671,131451857,213670819,1095140,1307853,11067996,13373802,12435909,16704047,20346348,25087252,16366001,16725312,10077985,13542271,10246183,17138625,49816295,109791657
30,000046,2017-11-08,-0.0064102564102563875,-0.008974358974358942,0.2903759697967508,8525.0,115590.23089661403,721,21679898,6271793,705592,533738,3910443,1512244,3606504,1282314,3003295,1085990,1830814,995529,2108576,0,901489,0,5613185,861978
31,000048,2017-11-08,0.004616030214016131,0.003776751993285865,1.685227557155405,9568.0,28601.785221801172,199,1879548,1691375,260972,186840,924878,670870,246207,435542,222549,398123,224942,0,0,0,0,0,0,0
32,000049,2017-11-08,-0.011734506784011778,-0.008434176751008438,1.2750350756063131,27227.5,186322.14585510475,1830,80321695,46987416,805309,648576,14513064,7421679,9084083,7451475,15737480,8484411,9072291,5548259,3755516,2727942,3491634,1774536,23862318,12930538
33,000050,2017-11-08,0.005078290308929478,0.008887008040626254,0.4226663415329014,86292.0,312636.80374256143,3128,283656346,305708593,654345,770805,11258938,12071416,16439558,19550615,37425467,42553452,42331680,33474008,25945200,24287024,20773422,20730778,128827736,152270495
34,000055,2017-11-08,-0.0014164305949008194,0.0028328611898018607,0.19265397284393337,7010.0,70803.40710611884,1344,15830875,16774643,1503872,1232093,4691046,4384239,2971282,2031385,2748911,1755526,1594722,2326718,352500,713600,493486,412888,1475056,3918194
35,000058,2017-11-08,-0.018038331454340306,-0.016910935738444044,0.21363482287944977,17480.0,67778.34170216844,1725,42293350,24861577,1453341,1684695,9899241,7816484,8593801,5527694,9537960,5039558,4675692,2887244,3735483,304133,2670989,0,1726843,1601769
36,000059,2017-11-08,-0.003755868544600971,0.0009389671361501595,0.23775574253932716,27586.0,157322.1343744941,2008,81158961,77889688,1201415,941974,9366395,8574402,10352605,10269827,14749054,16598303,13304627,11439059,5110534,4085461,5415251,5287073,21659080,20693589
37,000060,2017-11-08,0.005494505494505475,0.01098901098901095,0.21135309165487573,21940.0,141436.2554293603,2672,77070895,82656755,1362808,2088906,13741498,14512321,9026773,13940720,13244386,11140883,7982782,7593961,6321798,8058139,3597247,3671925,21793603,21649900
38,000061,2017-11-08,0.004889975550122383,0.004889975550122383,0.32569571097133704,9792.0,80471.82496627071,630,10724437,9999908,576270,903814,1987769,2635692,2606492,1392882,1314893,1955082,935230,1655300,323110,388679,433779,412459,2546894,656000
39,000062,2017-11-08,-0.007171314741035828,0.0,0.7803086144887729,15002.0,81209.07498894988,1034,23665476,14833568,771926,650374,5470884,4254049,4319254,2655587,3577031,3348815,1848651,2160358,710951,1262185,1806255,0,5160524,502200
40,000063,2017-11-08,-0.03243880861102899,-0.020347979946918282,0.5687916316065096,266920.0,1033089.7222254723,3556,1025634211,959356421,97374,154618,4398075,5143262,12508686,16202179,41957809,43068385,46827742,44836511,59446300,44608407,55615373,58145964,804782852,747197095
41,000065,2017-11-08,-0.007940008822232114,-0.006175562417291558,0.5645297744926014,18048.0,78820.17405662962,1613,41670917,31692400,872297,1521769,8453268,8801161,6934459,5537143,9385488,8893843,5780023,4033379,1615968,2046408,3583058,858697,5046356,0
42,000066,2017-11-08,0.006527415143602999,0.005221932114882533,0.17878335050714844,18504.0,141657.8190942076,1837,58001283,59693013,1373493,1619064,8032600,8962172,7874497,8406011,8911454,7094731,6281120,6479151,6360804,4853000,3494050,3607568,15673265,18671316
43,000068,2017-11-08,0.0016051364365969878,0.01123595505617958,0.2918292788253307,11214.0,56668.954628507025,455,6110990,6489868,297601,443673,1799638,2083189,2046801,809152,1496500,1312538,470450,218050,0,324676,0,0,0,1298590
44,000069,2017-11-08,-0.008363201911588791,-0.004778972520907865,0.1624310610283578,18392.0,322709.5814721395,2661,134923641,116547950,939244,2644841,9380765,12812625,9823440,12352502,10719631,15037608,10807263,7769144,30572325,10091102,7812699,7475407,54868274,48364721
45,000070,2017-11-08,-0.0027522935779817903,0.0027522935779815683,0.2993721507098097,13008.0,81368.79216305198,1326,26209824,21324840,1050193,1320206,6539632,5658143,3668945,4353647,5172962,5242736,1807058,1411043,1735516,976265,1341699,437200,4893819,1925600
46,000078,2017-11-08,-0.003252032520325243,-0.001626016260162677,0.1475484209694746,7982.0,187266.3922377071,1740,44086185,22979906,2812055,1558933,6462821,6051769,3544161,4265111,6011769,4016755,2041705,2170761,2730478,1324724,429800,1798516,20053396,1793337
47,000088,2017-11-08,-0.010309278350515427,0.002290950744558984,0.22187747645483702,16473.0,88121.58810029432,1549,37226969,29717119,1486981,1217182,8379196,6083328,7126093,5015952,7830900,8005167,3520926,2170297,3108706,724146,853755,1320946,4920412,5180101
48,000089,2017-11-08,0.01925254813137034,0.01925254813137034,0.17367043213877578,30600.0,272165.78117919114,2589,119743602,153862576,1318793,1914609,10393902,13022380,11379576,18063783,17244988,24484168,12511302,17538672,7533603,9927346,5955277,9936513,53406161,58975105
49,000090,2017-11-08,-0.014625228519195677,-0.006398537477148136,0.25365474964683693,10870.0,84887.81617454058,1862,36638782,28792447,1566015,1861158,7888046,6498943,8026214,5467200,6871831,5140933,1993755,3170369,2007145,1354664,1794390,2273823,6491386,3025357
50,000096,2017-11-08,0.0022304832713755385,0.005204460966542701,0.7462346470467447,13510.0,45096.6586535127,324,5080946,3623787,280633,329347,1656517,1184218,1254501,802715,1003956,917627,258619,0,626720,389880,0,0,0,0
51,000099,2017-11-08,0.02529182879377423,0.03307392996108938,0.2673326826593453,17833.0,93272.16766022603,1479,25988940,36454851,972929,1074808,5761291,8702979,4812804,7374657,5539158,6291868,2224326,5051339,2356659,3075099,869733,1437660,3452040,3446441
52,000100,2017-11-08,-0.0165631469979296,-0.010351966873705987,0.08112437908799473,163252.0,968134.4621948155,3568,840738981,857879002,591736,555300,10949492,7099620,20928129,15219656,41945935,37667624,49180767,44717386,40498651,36505478,32879650,30548156,643764621,685565782
53,000150,2017-11-08,0.04401342782543827,0.02983961208504282,0.9946460432746644,30382.0,143011.18694079827,733,19478328,39122221,653014,178636,2171565,1632247,10992432,1747452,1968943,2516652,1515474,8815760,358930,3379872,482850,5842346,1335120,15009256
54,000151,2017-11-08,0.01448362720403007,0.0025188916876572875,0.5738676232729698,11123.0,78467.81986105721,765,13475526,13349656,428930,850147,2525748,3534234,2008777,2739931,3801279,1886233,633170,1321995,1190330,1290646,2321652,0,565640,1726470
55,000153,2017-11-08,0.009966777408637828,0.011074197120708895,0.3131329034577952,8226.0,64672.64305867873,831,12906401,10039344,1193936,750310,2744913,2886589,2938401,2614712,1620801,1781614,1375018,1309543,743167,696576,0,0,2290165,0
56,000156,2017-11-08,0.0014194464158978626,0.004968062455642297,0.4449987043991752,9933.0,109540.39226967063,1002,19029451,22838004,700830,939536,3169616,3674869,2404597,5066179,4087585,5114734,2849452,2118043,1292264,396459,1391352,470005,3133755,5058179
57,000157,2017-11-08,0.00219780219780219,0.0,0.09169765962732859,9534.0,251495.03912561902,2474,66021610,42468151,2195449,2129957,11990084,8782712,7034038,5510033,5733656,4781117,4051818,3310887,1062758,1047300,2748767,2739723,31205040,14166422
58,000158,2017-11-08,0.003138075313807498,-0.007322175732217606,0.26745194007329764,17974.0,92559.80478263972,1278,31844502,20864594,992335,1247091,6773301,5441599,5316934,5038102,5498283,3126992,3864818,2411326,1062476,2102063,1300826,856744,7035529,640677
59,000159,2017-11-08,0.006557377049180246,0.00819672131147553,0.24828090908603642,9628.0,78450.40474626284,603,8719019,10029962,606300,560469,2226680,1949126,2017506,2125917,2313370,1208662,1212296,663121,342867,389333,0,0,0,3133334
60,000166,2017-11-08,0.010638297872340496,0.014184397163120588,0.11511235634074808,21238.0,280294.9658335239,2407,76778777,127617342,1624100,1367563,10221765,10906791,11453269,12016385,15296878,13705774,9563499,8577618,4991586,8111080,4408771,4315733,19218909,68616398
61,000301,2017-11-08,-0.0034843205574913716,-0.0017421602787456303,0.14741932643114602,11480.0,74638.51407722048,1518,32693191,21416309,1307328,1047153,6927119,6079109,6177852,5173637,6518026,4075269,4358121,2188619,2431931,748338,418446,475846,4554368,1628338
62,000333,2017-11-08,-0.02426080363912053,-0.011372251705837777,0.8804086668526566,373665.0,1353550.2283053175,3594,1364671561,1188344860,71536,12642,3352236,2900107,11249929,9855897,44951960,36458433,46058125,42939865,56130570,51867760,56187302,47212424,1146669903,997097732
63,000338,2017-11-08,-0.01830663615560646,-0.005720823798627039,0.14996297805705322,86141.0,393604.8327512011,3403,364857358,317039087,1136915,1022606,11679285,11359244,20413273,22281966,44587278,45756685,32838977,33394526,26008729,26052978,34393979,30956353,193798922,146214729
64,000400,2017-11-08,0.00402955003357941,0.005372733378106176,0.3577662863387926,11980.0,190687.22596399093,1732,46899909,42066831,1366759,1513468,5711129,8065764,4324579,5584480,7884174,7039662,6481317,5430997,3372950,3932535,1350121,3210382,16408880,7289543
65,000401,2017-11-08,0.001389854065323215,0.006949270326615631,0.2853060266762172,29000.0,243883.3629378186,2545,116716527,125708362,1459561,1265327,11432351,12121372,14798384,13545565,20362352,20675000,11429195,15547772,6364300,11602328,5659659,9747736,45210725,41203262
66,000402,2017-11-08,0.007136485280998972,0.00267618198037467,0.2344493833177229,18080.0,112282.54123992316,2288,52777351,53827914,1048708,2392914,13623247,9309520,7363285,6335801,15095513,7828558,4011959,5412415,3788412,3804085,1355241,2692197,6490986,16052424
67,000403,2017-11-08,-0.0003029385034837295,-0.0003029385034837295,1.1109333505822405,26408.0,210062.65816060154,882,42812702,34558498,613248,833189,3827033,4273993,3459555,3978054,8165877,5538439,2461498,5576587,2985060,3026979,2391924,495900,18908507,10835357
68,000404,2017-11-08,0.004573170731707377,0.007621951219512368,0.2266943351331421,13923.0,110062.19696478524,837,19032343,23183425,708192,725901,2549637,4015993,3578007,4082579,2934539,4959505,2105765,2577001,2035700,2598125,492750,943711,4627753,3280610
69,000407,2017-11-08,-0.005174644243208237,-0.0038809831824062613,0.32189722407694255,11557.5,77998.720717051,576,13445360,7552139,666165,388452,2687349,2092199,2504992,1705106,2239015,1472287,2160311,771063,1400987,1123032,0,0,1786541,0
70,000408,2017-11-08,0.005042016806722671,0.0039215686274509665,0.4456329610552638,26880.0,169135.1633002969,1605,70259002,70773861,600201,1387720,4830088,9074251,6597665,9529382,12046096,12718141,9321731,9909509,7955340,6555994,4818117,3703935,24089764,17894929
71,000409,2017-11-08,-0.014749262536873253,-0.008849557522124019,0.26163050546034333,10110.0,64466.77549877359,671,11146286,7814567,547405,696254,2739752,3111776,1671857,1620980,1889437,1780305,1104810,269600,983017,335652,0,0,2210008,0
72,000410,2017-11-08,0.025470653377630104,0.03875968992248069,0.2578436899310773,18760.0,105536.3407865905,1227,28521821,36168331,1024319,1144549,5317685,5295212,4991985,4894993,7111468,8476735,4710203,4683831,1332192,3619467,884460,3604460,3149509,4449084
73,000411,2017-11-08,0.01726618705035965,0.01678657074340517,1.4894397148044691,10560.0,46969.26146136773,195,2223790,2510027,189730,83272,901052,651131,679967,873112,240900,258138,212141,218154,0,0,0,426220,0,0
74,000413,2017-11-08,0.004708097928437072,0.010357815442561424,0.18484553911168197,70455.0,458404.1855176207,3304,312766359,340398690,982896,712512,14635847,11964357,24315862,20616591,42709320,38244409,38923627,24857520,19932178,22169490,18691696,18196236,152574933,203637575
75,000415,2017-11-08,0.012499999999999956,0.014062499999999867,0.14138722575011015,7752.0,103027.332183606,2053,28604418,48654096,1983396,1772577,5099747,8177528,6224724,11998517,5862499,7083065,2066494,2620727,3463048,3032770,1682022,1384135,2222488,12584777
76,000416,2017-11-08,-0.0013422818791946067,0.005369127516778427,0.33839372241334353,9750.0,79376.08630528464,484,7973981,6489324,500502,520259,2072069,1587050,1349954,1164270,1787845,603571,726788,988482,724662,0,0,0,812161,1625692
77,000417,2017-11-08,0.006920415224913601,0.0046136101499423265,0.322953241357623,8720.0,117168.32793612343,720,16638931,13497215,485234,1015159,1825390,3437098,1769564,2678718,2670740,2223814,1413264,1642096,1341208,644110,2199545,1344056,4933986,512164
78,000418,2017-11-08,-0.016891891891891886,0.0033783783783782884,1.5724303000596556,17866.5,168716.67423818787,1418,41934327,40486534,808188,1139559,8285937,6479014,6161119,4963350,7014717,6038041,4505911,3458631,3410051,2615548,2235192,0,9513212,15792391
79,000419,2017-11-08,-0.001512859304084846,0.001512859304084735,0.3432308957132158,10592.0,67731.84566514069,370,6742275,5604522,326918,417674,1773808,1300879,1217892,787527,1546187,654648,1172183,926004,705287,396000,0,485908,0,635882
80,000420,2017-11-08,0.0,0.0,0.11736105277317056,1902.0,54696.52970895614,726,7956941,4394800,642492,418037,1803426,1246541,990194,816731,778188,561172,0,1352319,1639060,0,945077,0,1158504,0
81,000421,2017-11-08,0.0253353204172877,0.032786885245901676,0.2425850885903522,6219.0,127693.57750031081,766,8243326,17865389,585199,1087019,3030118,1588663,2122127,1643345,1507762,1191916,998120,1031893,0,1375000,0,412800,0,9534753
82,000422,2017-11-08,0.004395604395604602,0.00659340659340657,0.14781057910422787,9639.0,93040.50410591901,948,15701493,20217883,725674,973375,3445548,4203037,2335573,3616064,2582604,2819403,1538568,2290575,659138,1021771,1822281,1786678,2592107,3506980
83,000423,2017-11-08,-0.014067278287461793,-0.007645259938837912,1.2118545591470893,58626.0,317316.62374594505,2912,241823981,164300275,777864,1160532,9939896,14051373,20357786,21338170,37301716,28990391,27643517,17611563,15110307,16617882,17532566,11555104,113160329,52975260
84,000425,2017-11-08,0.0027100271002711285,0.005420054200542035,0.07087818791325005,14840.0,133919.21567724185,2735,57217184,64907079,1916020,2094818,15462295,12655341,8251266,9553384,7139692,6649139,3311252,3425242,1809367,1334133,1794015,3187465,17533277,26007557
85,000426,2017-11-08,-0.013207547169811207,-0.008490566037735792,0.2116765767048776,22008.0,150035.5429128162,2511,83746298,37353689,1613876,1039392,23021336,9337029,12491555,7395261,11140627,7141662,7734338,4994226,3728669,2320838,1793170,1377276,22222727,3748005
86,000428,2017-11-08,0.00445434298440972,0.00445434298440972,0.22212127281636598,4520.0,107920.61192872576,408,5761286,7293048,368859,502118,801380,1252193,881736,758500,659367,859128,231546,996141,326472,359898,0,912921,2491926,1652149
87,000429,2017-11-08,-0.0012077294685990392,-0.0036231884057970065,0.19138458131923566,8280.0,49151.58219135509,1874,28203243,10263836,2661792,910841,13477381,4079862,4832911,1785808,1894971,2274802,783193,681568,713241,0,454575,0,3385179,530955
88,000430,2017-11-08,0.0010482180293502896,0.0062893081761006275,0.5259875276454267,5733.0,31303.82081531123,328,1993010,3424360,287922,462823,679592,988326,711852,1051932,103031,634239,210613,287040,0,0,0,0,0,0
89,000488,2017-11-08,0.016706443914080937,0.02028639618138417,0.3070395747916587,36078.0,176976.72310094038,2981,119924097,154765390,1239206,1370458,12976317,17215967,19391725,17424561,25125758,28707721,11804145,17383749,8525340,14336498,8782618,9766619,32078988,48559817
90,000498,2017-11-08,0.004048582995951344,0.005398110661268607,0.17541331557959022,7405.0,37307.259097891016,1788,13529885,13227914,1001019,1905483,8310310,5348324,1889807,2582907,863553,2127483,473884,210835,0,319802,0,0,991312,733080
91,000501,2017-11-08,-0.004537719795802531,0.0028360748723765816,0.4725619855940212,17680.0,85357.61494872223,1392,35310445,22281764,1088184,991421,8657077,4700921,6134124,5400982,7817562,5302841,2269651,2548606,1348216,1469488,1890090,498400,6105541,1369105
92,000502,2017-11-08,0.0,-0.01041666666666674,0.4175263127845716,12470.0,70287.58345712758,893,21704276,11739362,765501,774311,4519847,3744202,3693361,2618183,4049080,2835356,4728121,727218,359890,1040092,476815,0,3111661,0
93,000505,2017-11-08,0.003964321110009994,0.0049554013875123815,0.45041912452680233,16176.0,63770.80500448972,501,9168704,8071886,288113,346898,2476250,2860106,1321132,1855716,2387601,1746307,1028486,404169,371490,351190,0,0,1295632,507500
94,000506,2017-11-08,-0.0024937655860348684,-0.00872817955112215,0.3034546835919384,8717.5,91370.5318363608,698,17047637,9052500,561287,903251,2190465,2422570,1805785,1936939,2798716,1252308,3304209,482634,1848178,348648,473224,876170,4065773,829980
95,000507,2017-11-08,-0.005747126436781436,0.003831417624521105,0.1939386041500968,36680.0,181146.5615324881,2901,131657189,111961134,1296648,1047888,14623247,13695166,19727415,17845353,26730199,24656691,16839123,17765421,14446737,9511582,7425252,5319190,30568568,22119843
96,000510,2017-11-08,0.023863636363636198,0.015909090909090873,0.24287301854253235,14416.0,107907.77863782368,1313,23945362,29030070,1618476,1236436,6080639,6686924,4942402,4474751,2802915,7132563,950029,3089669,1001391,2020782,1313294,1923865,5236216,2465080
97,000513,2017-11-08,-0.027479892761394065,-0.020911528150133862,1.3286786063799745,73500.0,227848.1368078363,3159,243628476,145354988,1055960,920504,10748639,9277883,38392342,18706430,55404166,34211401,25146089,20250093,20740862,13153523,14428444,11205807,77711974,37629347
98,000514,2017-11-08,-0.0014025245441794398,0.0028050490883591017,0.2687899747407551,9321.0,43803.71003126515,703,7831047,7268562,674002,753670,3409147,2614155,1787911,1805115,1204815,330842,0,752400,755172,356128,0,0,0,656252
99,000516,2017-11-08,0.011741682974559575,0.013698630136986134,0.15393441885436931,15299.0,173282.6604390068,1103,32923936,34633095,875702,666913,5180097,3718063,3717467,3634620,7837462,5292771,1197961,2278438,2174943,2035059,2823575,1953376,9116729,15053855
100,000517,2017-11-08,-0.004672897196261738,0.002336448598130758,0.10538115041658877,13049.0,219883.39788988078,1658,53591591,53408701,1619321,1214484,8055567,6006997,5591808,5938677,5262626,5625060,6176560,5008645,3154066,1315373,2188677,3194825,21542966,25104640
101,000518,2017-11-08,-0.009383378016085797,-0.00536193029490617,0.35057536085707136,7440.0,44037.60304375968,452,6057977,4003902,461090,492908,1637480,1754511,870588,717205,1458673,699558,1230208,0,399938,339720,0,0,0,0
102,000519,2017-11-08,0.003250270855904569,0.006500541711809138,0.24580724071423507,11112.0,65117.201570507015,1410,23208094,22865844,1689802,1642779,6002415,6148348,4899814,4204963,5846870,3954955,1504396,1968690,323750,2028582,1283369,1367013,1657678,1550514
103,000520,2017-11-08,-0.010204081632653184,-0.004081632653061273,0.1509233103299565,9780.0,78632.71743724636,1055,23773383,11841886,1163902,1026777,4847140,3323010,3926186,2680118,4748226,2446147,2864937,734976,1787400,658151,901170,972707,3534422,0
104,000521,2017-11-08,0.0035335689045936647,0.005300353356890497,0.21603066580904343,11949.0,101131.87212230205,686,10073843,14535634,450953,535164,3914361,2246754,2398088,1883064,1058517,2655062,1001659,3014487,684549,0,0,445003,565716,3756100
105,000523,2017-11-08,0.0,0.0010857763300760048,0.39204920193418424,9200.0,47010.429482746775,551,8253200,4623531,534441,417568,2354735,1971152,2270033,671819,1142383,397928,887739,685745,1063869,0,0,479319,0,0
106,000524,2017-11-08,-0.0031923383878690315,0.0015961691939345712,0.5713900626827867,10622.5,41198.40110196509,480,6059468,5207704,210222,530775,1950163,2305770,1354819,825279,1781040,1334461,210000,211419,0,0,0,0,553224,0
107,000525,2017-11-08,-0.010482180293501009,-0.005031446540880502,0.539164154243239,26125.0,135698.84629132194,1957,74308980,53025489,1079765,854289,13867766,8926803,11026312,9091160,18914201,12040118,6902277,8236686,4946929,3402114,3494001,1324642,14077729,9149677
108,000528,2017-11-08,0.0,0.0012300123001229846,0.16477994144141672,7344.0,98997.4667600449,2438,40532714,34090289,3024362,2656240,8077465,7764533,7594217,5700695,8176262,5758320,2353019,2463109,662628,1246098,2165840,1655073,8478921,6846221
109,000529,2017-11-08,-0.0012706480304954804,0.0050825921219821435,0.2886397529905458,7074.0,53080.230021060044,743,10660633,6931047,1137607,599604,2537864,2465849,1498889,1464813,3091184,1308960,762134,766417,345400,325404,0,0,1287555,0
110,000530,2017-11-08,0.0015552099533437946,0.0031104199066873672,0.19884880700009908,12179.0,85149.76939390309,1046,18929167,11557521,1020594,810697,6085023,3381448,1980013,2167361,2646674,2340509,710438,2095899,2910470,340442,448000,421165,3127955,0
111,000531,2017-11-08,-0.011363636363636576,0.003409090909090917,0.2596992746909751,14951.0,68623.0196182402,1148,24231976,18611087,1247405,1089699,5752941,4595353,5128103,4718116,5943636,4120518,2391424,704240,710844,701950,1725754,1318603,1331869,1362608
112,000532,2017-11-08,0.03984063745019917,0.035059760956175356,0.3425051586880763,19487.5,99491.99997304285,1344,33786625,33807677,748545,787153,6505634,6357315,5681027,6323858,8091971,8728680,3988871,5290095,2446117,3113802,440980,967492,5883480,2239282
113,000533,2017-11-08,-0.008040201005025116,-0.0020100502512562235,0.41907654142129713,11916.0,155688.3784899108,563,12144228,13564934,460460,841301,2401043,3018763,2488988,1657054,2748549,2019975,1107158,1053180,346850,360190,0,0,2591180,4614471
114,000534,2017-11-08,-0.00546075085324238,0.0,1.0952772867783107,11732.0,48953.4381138833,178,1047888,3403714,170003,133399,555559,976180,213916,615035,108410,1180660,0,0,0,0,0,498440,0,0
115,000536,2017-11-08,-0.007285974499089298,-0.0018214936247722413,0.17741137052507797,8220.0,72352.9441882772,958,15971488,12686129,1419392,820795,3159336,2631591,2566611,2076049,3349551,2047085,839837,1933759,2079894,1048271,0,880800,2556867,1247779
116,000537,2017-11-08,0.024709302325581328,0.03561046511627919,0.34028574815130475,25794.0,154368.6283818688,1639,40842680,66614633,1061524,876003,8056392,5958242,8412187,12022080,10906282,16122492,3811456,6637009,1729573,3076980,853594,2670919,6011672,19250908
117,000538,2017-11-08,-0.034430427771981464,-0.02883429763824341,1.8590125543466505,104710.0,617791.1050927456,3218,570016570,338034609,0,8986,9920211,9684066,20539890,17700249,45085116,39101807,34473963,30840624,42080082,18829256,28278798,25353631,389638510,196515990
118,000539,2017-11-08,0.0,0.0019493177387914784,0.2313653455854323,4120.0,61054.31402512672,491,3512908,5103053,234548,877542,1029699,1549663,517400,695854,480937,659984,417644,418910,0,0,0,0,832680,901100
119,000541,2017-11-08,0.001094091903719896,0.00547045951859948,0.25477274414930184,9200.0,76357.16006772121,1287,19509416,20233132,1004359,1648056,4018852,5702532,2946149,6692999,4559369,2891839,1299850,1422237,734139,1027696,1393947,847773,3552751,0
120,000543,2017-11-08,0.009242144177449063,0.009242144177449063,0.1394477160273186,8160.0,51569.896705593004,1507,21211567,12725298,2325623,517769,7705790,3583376,3697056,2072611,2739706,3188904,2466808,1031780,368877,994846,1316927,0,590780,1336012
121,000544,2017-11-08,-0.0040697674418604946,-0.014534883720930258,0.5106299899325496,16975.0,102120.91933128219,1134,30915585,17062008,582964,1195789,4737342,5216526,8597809,4972524,5777143,3972886,2045409,1046105,1922814,658178,1386730,0,5865374,0
122,000545,2017-11-08,0.0018416206261511192,0.005524861878453136,0.17251717959153615,10374.0,80579.80901894637,991,16422642,16293406,595066,1144875,3080786,3569427,2806971,3208383,3387297,3076882,1812480,2133800,1789270,997157,416380,967504,2534392,1195378
123,000546,2017-11-08,0.01982378854625555,0.011013215859030812,0.47322711323555317,34827.0,140459.31239067056,1474,51912852,55544791,801270,676889,7770193,4394884,7195468,15895822,11900723,13357137,5822631,3640938,7237643,4731222,1785536,3514134,9399388,9333765
124,000548,2017-11-08,-0.002777777777777879,0.005555555555555536,0.30405590752024403,9392.5,43616.71656451723,560,6824659,6740098,518415,545020,2440971,2193018,1627581,1190100,1372958,2039993,0,771967,361500,0,0,0,503234,0
125,000550,2017-11-08,0.012081274025260713,0.010982976386600729,0.6202871607333792,12901.0,45483.93141199455,861,11535172,13193955,789954,1057627,3507789,4568447,2237206,3258958,3255223,2610009,1278824,1355744,0,343170,466176,0,0,0
126,000551,2017-11-08,0.005707762557077611,0.009132420091324311,0.3669789780339554,17460.0,61490.186702126266,569,8048957,12039705,571309,451256,2146662,3860219,1742316,2810230,1607113,2158342,1007628,1048510,384120,713488,0,471680,589809,525980
127,000552,2017-11-08,0.002673796791443861,0.008021390374331583,0.08806121815595255,1504.0,49042.06828467915,1808,15015631,11161138,1976292,603228,4085261,2518457,3411429,1556304,2057310,1973173,494764,1710933,362297,1348816,901992,0,1726286,1450227
128,000553,2017-11-08,0.03942428035043788,0.03566958698372957,0.31324263741990815,41337.5,219098.93839026568,2606,124565574,148450098,1363707,1150574,12737213,10917733,16058835,17073262,24647030,26428510,11978509,13721697,13298337,12456404,8079679,9826256,36402264,56875662
129,000554,2017-11-08,-0.015856236786469413,-0.01374207188160681,0.22595505048483489,18660.0,144853.39918746904,1754,64543278,38236891,1610139,1275057,9395901,6797611,8602433,6234473,9283282,7010794,7947915,3699697,4285497,5088734,5443251,855020,17974860,7275505
130,000557,2017-11-08,0.0056285178236397115,0.011257035647279423,0.20346183946042087,6450.0,43478.57137379745,686,6741382,7562132,691512,752816,2276545,2090328,1726589,1216757,681395,2120345,487178,1074086,0,307800,878163,0,0,0
131,000558,2017-11-08,0.0016611295681063787,0.0033222591362127574,0.19479939842013325,8470.0,51841.49368925595,955,13096073,10040946,863273,977812,4157607,3058328,2928676,2587461,2398102,962416,1291497,907844,632536,1018920,0,0,824382,528165
132,000559,2017-11-08,0.02183406113537112,0.022707423580786257,0.2216574800207058,34110.0,197617.93431542563,2670,103733090,139970039,1121020,1243359,11974508,13995820,13311146,15573600,22383701,26092985,12361564,15611730,9731942,11289766,8609908,12315434,24239301,43847345
133,000560,2017-11-08,0.0009596928982724684,0.007677543186180413,0.24277825275057124,20960.0,86663.8037528689,1843,40115307,42626329,1125721,1278981,10330215,9216015,8080964,9121119,9785567,9078104,5111407,3836799,2658253,1366897,904793,2202358,2118387,6526056
134,000561,2017-11-08,0.013086150490730475,0.01526717557251911,0.27745561352116477,9300.0,34293.75709624483,1092,8356918,13734306,988559,1674154,3237011,6188341,2104582,2530887,1168076,1562741,497850,1440923,360840,337260,0,0,0,0
135,000563,2017-11-08,0.009765625,0.013671875,0.12287789351315023,9396.0,150837.35079855588,1740,37774703,48036484,1450629,1494128,4912350,5469697,6393753,5301414,5606924,7126323,4007820,5307567,3778660,3495902,461020,2282758,11163547,17558695
136,000564,2017-11-08,-0.007259528130671544,-0.007259528130671544,0.16051053460821643,9900.0,116274.09288721903,1179,23922356,20117127,754134,1409887,3435371,5422788,3475617,3693636,1876843,3396599,1879293,1420126,1657252,720200,1400812,1721536,9443034,2332355
137,000565,2017-11-08,0.008739076154806513,0.008739076154806513,0.33294441837661165,8921.0,33294.83452275696,578,5697994,7231042,502764,760785,2289017,3105589,1416365,1672885,1066906,1000678,422942,691105,0,0,0,0,0,0
138,000566,2017-11-08,0.0007564296520423675,0.003782148260211615,0.34411551634039456,28996.0,699707.3668620562,1477,88133909,154810007,701551,937875,5456484,7322572,8117940,7711605,12596761,8854273,10069148,8353709,6355892,3814308,3514618,1723771,41321515,116091894
139,000567,2017-11-08,-0.0039261876717706645,0.0019630938358854433,0.7137229644419684,20280.0,65112.676489347294,1274,32372920,19406084,688720,1043065,7982479,4810248,10404555,4892152,7231693,4593545,2216918,1478724,364320,661095,903925,1408400,2580310,518855
140,000568,2017-11-08,-0.03930840845278549,-0.025565243091473344,1.166575081770397,93422.0,503880.1977944733,3367,417058060,408312286,392909,600245,10095896,15577119,15739288,24701704,38697810,45905443,31171374,34997276,23024269,27954817,20484574,20069270,277451940,238506412
141,000570,2017-11-08,0.007727975270479082,0.009273570324574987,0.29264663238770317,9163.0,74437.25883041523,488,4416739,8790534,413187,493996,1717806,2132369,1096564,2140416,960983,1443860,228199,271093,0,345800,0,0,0,1963000
142,000571,2017-11-08,0.0,-0.001494768310911887,0.19825583452875742,1989.0,71101.91714710182,1139,15434097,7251489,1142873,662140,2658754,2305877,2095746,1667732,1623426,1278373,1469917,726180,1325900,611187,943184,0,4174297,0
143,000572,2017-11-08,0.01764705882352957,0.0235294117647058,0.10892172475799834,18165.0,166288.35747706212,2199,62582359,88636214,1696090,1545432,7436830,10675620,8013445,11828287,10355533,15074741,5072705,12129771,3756443,6666817,4009542,5291271,22241771,25424275
144,000573,2017-11-08,0.001848428835489857,0.007393715341959428,0.21859311929410186,5475.0,39400.47457571283,612,5245902,6661069,441141,705132,1631229,2512081,1407407,1599785,987206,985666,234464,530205,0,328200,0,0,544455,0
145,000576,2017-11-08,0.0006116207951070152,0.003058103975535076,1.1310264294098828,10626.0,394365.3796794309,208,2312123,16045876,248200,185900,1187869,555208,232060,524436,147150,130880,496844,0,0,956552,0,491100,0,13201800
146,000581,2017-11-08,-0.014770459081836385,-0.005988023952095856,0.5121534661855169,24940.0,185072.9549653069,2393,106290923,80665087,1197111,2518722,9843675,12335336,12185432,12150162,14714827,14906226,11495765,8511605,10179184,6266240,4926097,5645423,41748832,18331373
147,000582,2017-11-08,-0.01471670345842524,0.010301692420897846,0.2671685975354397,27000.0,130978.17890313362,2591,79585293,80778697,1424645,1374582,15675575,13099945,15522764,13338835,18020515,15554417,9915788,8717610,4328686,6819804,2677516,3882924,12019804,17990580
148,000584,2017-11-08,0.0045811518324607725,0.0,0.4248092293633557,32140.5,182357.85281742728,1294,61976610,43263326,605859,530029,11062102,4749707,11196191,4808673,9348268,5917435,3602177,3695434,5999647,3403876,5453084,4466300,14709282,15691872
149,000587,2017-11-08,-0.01199400299850073,-0.004497751124437843,0.1610999971059737,16600.0,332439.70097696315,1716,46900142,132232057,1089254,1577122,6428676,8379333,5965128,6774186,7793343,6709820,5010473,5491480,2696466,6190435,3937669,1740913,13979133,95368768
150,000589,2017-11-08,0.010000000000000009,0.010000000000000009,0.22712908590000475,7522.5,50793.735478036375,484,6525539,5991348,440071,392753,1555733,1322374,1530057,1381038,1613817,1209516,761779,933137,624082,752530,0,0,0,0
151,000590,2017-11-08,0.011732229123533555,0.017253278122843385,0.7992031068746371,14685.0,64505.06684985682,328,5776893,5569397,161226,245044,1647047,1394564,1554626,1175835,1318844,975114,0,1478400,0,300440,411600,0,683550,0
152,000591,2017-11-08,-0.011093502377178988,-0.0031695721077653616,0.13993419673564775,14444.0,155532.2494185553,2037,48051716,39879366,2488177,807381,15447474,5264843,6496060,4908702,5500714,3813584,3494717,4511905,1879102,3609160,1679711,1856127,11065761,15107664
153,000593,2017-11-08,-0.0008620689655172153,0.0,0.4195115500449644,5800.0,55218.99730639317,765,8267067,7462028,954080,1392205,1728073,1639666,1292191,1262134,827423,1762268,677579,536143,708108,0,400896,869612,1678717,0
154,000595,2017-11-08,0.00512820512820511,0.006837606837606813,0.16706056000426964,11720.0,65411.76653499068,1227,22939408,14624104,986661,1288407,6077534,5015279,5215533,3556573,4410247,2787038,1047657,1241315,1718743,306540,900315,428952,2582718,0
155,000596,2017-11-08,-0.006818181818181723,-0.020053475935828846,1.5932071362895668,29483.0,167049.9616132806,2208,78599469,73591163,1441993,2329771,9030491,11225770,15626670,11543322,18144526,11463150,6647275,8017663,7194681,6617690,2614074,6234752,17899759,16159045
156,000597,2017-11-08,0.026272577996715896,0.022167487684729092,0.275355779061556,29640.0,168306.79208741963,1958,94385594,77344141,1413978,868938,9498577,8721793,10950720,7999061,17875424,14683594,11763972,10015765,6709372,5989196,5767533,3981546,30406018,25084248
157,000598,2017-11-08,0.0017331022530331364,0.0034662045060658286,0.15596001231369072,11560.0,153477.11043024174,1370,33835935,31776730,1011074,1282866,4811465,5862931,4994426,4747397,3288814,3441338,3699340,3238578,1994054,1421494,2918415,2268511,11118347,9513615
158,000599,2017-11-08,0.0,0.0032206119162641045,0.2310278805852715,4952.0,38616.40885070478,722,6905897,6060267,903255,481162,2213782,2074577,1332079,1566384,1165588,722394,468396,1215750,0,0,822797,0,0,0
159,000600,2017-11-08,-0.006309148264984299,0.001051524710830698,0.24337892128168237,16167.0,87734.45378743466,1527,34153701,32320211,1442474,1479527,7208243,7972338,4799661,5788369,7502234,5559321,4746340,2926479,1674097,1729755,1888088,3218059,4892564,3646363
160,000601,2017-11-08,0.002457002457002311,-0.004914004914005066,0.3293795524100138,15039.5,94433.71422675674,610,17013782,7829450,671414,404408,3615427,2005150,2974429,1685563,4240675,1535618,2143813,884493,310230,623168,493087,0,2564707,691050
161,000603,2017-11-08,0.0015835312747425334,0.004750593824227822,0.4844423990976339,12670.0,78726.64358096095,679,11319180,11833964,379900,563826,3162944,3256182,2115247,2160593,2075638,2094654,947887,1394496,0,0,1323048,0,1314516,2364213
162,000605,2017-11-08,0.014842300556586308,0.0157699443413728,0.6161812886859843,17520.0,85417.58669279284,1224,26067929,23858837,924594,963837,6272414,5535097,3417856,6196256,5502146,6326014,755891,2595318,2616972,1701065,1698284,0,4879772,541250
163,000606,2017-11-08,-0.01871921182266001,-0.0049261083743843415,0.253553796845417,16136.0,85925.35546972702,1604,40676321,26229067,1268327,1078381,9802939,6139221,6819762,5139450,7798092,4376218,4060341,2802372,3433015,3074703,911379,499000,6582466,3119722
164,000607,2017-11-08,-0.0027548209366390353,0.0,0.2954884396803085,11632.0,56837.15415878665,603,10180595,9093903,481618,587228,2768581,2299179,1726740,2014562,2818525,1743547,1168590,1734003,714641,715384,0,0,501900,0
165,000609,2017-11-08,0.022526146419951765,0.006436041834271933,0.5186575604924971,12550.0,36522.937802895955,574,8094613,6804868,404753,421188,3453422,2971056,2153757,1701497,1097824,816488,984857,894639,0,0,0,0,0,0
166,000610,2017-11-08,0.007407407407407307,0.006666666666666599,0.7057918999552272,13580.0,80150.98878014431,365,6082219,8631472,322793,258818,1671701,1155648,1296316,1337598,1139554,2600099,566500,983100,321927,339500,0,852880,763428,1103829
167,000611,2017-11-08,0.008086253369272267,0.0040431266846361336,0.3567076235269864,14456.5,57865.32431645997,432,6753300,8006945,306669,416105,1375932,2393272,1602561,1849713,1493888,2002485,1610180,486270,364070,334800,0,0,0,524300
168,000612,2017-11-08,-0.002811621368322359,0.011246485473289436,0.2700502214457314,17240.0,199147.41602024095,1562,43006344,64394313,1190784,785865,8466015,5089462,7674331,5147402,6931111,7165934,4171639,6154127,3307980,5219362,2259621,3498446,9004863,31333715
169,000613,2017-11-08,0.0060679611650484855,0.004854368932038833,0.31514067989488037,13216.0,53288.647816258715,683,9909264,9767872,670448,771708,3262578,3940570,3053230,1410097,2023102,1136320,518141,1268677,381765,0,0,410500,0,830000
170,000615,2017-11-08,-0.04296875,-0.04296875,0.22389378194530818,56856.0,328735.7039742029,3274,228182004,219991233,729941,1744324,10507345,16012792,18908246,23052182,33735356,38564303,31615626,28612323,20909660,21403043,12574994,20095983,99200836,70506283
171,000616,2017-11-08,0.004716981132075304,0.002358490566037652,0.1697054088079746,8460.0,97336.53582140275,624,11331873,11808993,609217,564054,2197130,2217815,1730826,1712139,1542784,1649876,1329912,924143,369279,1010890,852375,1730949,2700350,1999127
172,000617,2017-11-08,0.005181347150259086,0.007772020725388629,0.5489094055005589,15450.0,47338.98193925826,791,10871073,11280249,704355,592147,5214702,3372479,2478991,1926675,1307040,2466767,507180,1399431,658805,620144,0,902606,0,0
173,000619,2017-11-08,0.0034285714285713365,0.004571428571428449,0.46709847670354854,10530.0,42589.28853561885,350,4749887,4914680,284529,478252,1381315,1616722,943547,1416441,1592991,1159505,214865,243760,332640,0,0,0,0,0
174,000620,2017-11-08,0.012441679626749691,0.013996889580093264,0.23486906215472408,11754.0,49291.88977250153,749,8392759,11234986,565323,723036,3264272,3499630,1183958,2946483,1182498,2317857,274770,787712,991946,960268,929992,0,0,0
175,000622,2017-11-08,0.00512820512820511,0.006837606837606813,0.3146110697095461,10081.0,88583.86153502895,345,7399976,4365411,266705,313996,1392796,1019555,1314414,546144,1085425,719302,529100,589500,637810,312170,0,864744,2173726,0
176,000623,2017-11-08,0.008507018290089263,0.018290089323692138,0.430169478589538,59812.5,334445.26202944695,2988,213493336,262066139,647609,1076428,11857533,12607545,17458628,20263396,28354123,33111398,26153963,29928487,23463537,20263721,19903411,15239147,85654532,129576017
177,000625,2017-11-08,0.005219985085756829,0.007457121551081247,0.27764491311974404,22984.0,172664.3089771589,2333,70466447,88719958,1351896,1631949,9397196,12977014,9492973,13863176,14296586,18347863,7688299,7640467,3535032,5517456,3851481,3985642,20852984,24756391
178,000626,2017-11-08,-0.0019946808510638014,0.0066489361702128935,0.49949422347707967,12132.0,72115.65404486637,906,12590979,14788170,777000,963916,4034596,5101310,1854555,2228392,1657077,1721400,1996484,1069119,0,1003959,445704,898204,1825563,1801870
179,000627,2017-11-08,-0.022403258655804503,-0.012219959266802527,0.18091772180365773,38760.0,227714.79585627303,2950,190934182,128368557,1906498,1381220,14523274,10799676,18945256,13199253,30831403,27096135,22757868,14446069,20546282,13267704,12189550,5073417,69234051,43105083
180,000628,2017-11-08,0.008888888888888946,0.016666666666666607,0.39291561414751436,9130.0,39854.73036207763,524,5106066,7909085,657377,463863,2047421,2374263,1622355,1943528,778913,1976106,0,490086,0,661239,0,0,0,0
181,000630,2017-11-08,0.007092198581560183,0.010638297872340496,0.05815686981130911,8520.0,159376.49823750657,2380,30074155,55708579,1638232,2893148,6785804,10767544,5066929,6603097,5950086,6538008,3318865,2860049,1314068,3569447,852000,878945,5148171,21598341
182,000631,2017-11-08,-0.0117647058823529,-0.0023529411764705577,0.10978716961485821,5088.0,72785.68403349673,1504,17003526,16986576,1605182,1422679,4007962,5041353,2182747,3204518,1326969,4275214,725715,1686980,356923,369672,2108291,0,4689737,986160
183,000632,2017-11-08,-0.01157742402315487,-0.013024602026049159,0.3673688578219956,10350.0,80575.55580198136,353,9329193,3763004,226800,463883,1714787,1201252,1245879,600003,1105848,689374,1147724,426520,1306227,381972,813258,0,1768670,0
184,000633,2017-11-08,-0.00899100899100902,-0.006993006993006978,0.2651352094109924,11916.0,104526.903952926,1427,32001586,18727279,1269771,1307341,6832488,5753631,6163182,2535585,4733187,2752298,2513396,2559280,1705018,724074,2278703,902699,6505841,2192371
185,000635,2017-11-08,-0.0067278287461775,0.003058103975535076,0.557615173645408,14696.0,60585.550984936715,859,15547477,11701876,822417,944545,3736841,4389963,2947439,3117760,3515198,1840503,1460367,271755,698074,311850,1835133,0,532008,825500
186,000636,2017-11-08,0.02115384615384608,0.04134615384615392,0.17866190017150893,109344.0,896445.1469920267,3405,375829828,538522303,918346,562840,10504643,7972070,18796997,17905077,51162546,60021615,39124775,42203716,27454556,30266299,20752056,22129581,207115909,357461105
187,000637,2017-11-08,0.0031847133757960666,0.0015923566878981443,0.24736645516303368,8848.0,76009.2507391881,644,13016413,8821722,524315,713992,2144644,2431394,1859523,1885408,3603779,2813636,1040972,270470,1608880,706822,439526,0,1794774,0
188,000639,2017-11-08,-0.018246325392802798,-0.014698428788646689,0.6352023705019646,13685.0,91303.73111768323,965,24570726,10695324,494554,1290697,4439973,3076973,3730032,1629908,5020906,1898988,1411872,447787,2996344,702676,2699631,460600,3777414,1187695
189,000650,2017-11-08,0.00512820512820511,0.008547008547008739,0.1895127491783767,7056.0,94328.33932904835,953,14990050,16516775,739247,1749975,2342608,3004859,2098711,1749629,2591169,2053447,1810684,1776155,1334917,1377364,1355597,0,2717117,4805346
190,000651,2017-11-08,-0.014489472492642097,0.0011319900384876291,0.7371202574394822,354552.0,1115422.0558607418,3591,1223440844,1179437948,57848,143321,3649237,3055714,11913253,10186811,45951970,37096005,50926352,48367902,66623294,50742310,58450786,56323554,985868104,973522331
191,000652,2017-11-08,0.005859375,0.013671875,0.14904690748583213,10440.0,101977.08188290446,1181,18065788,32442007,1075940,755692,4153360,4095744,5267985,4148987,3391107,6372194,1900741,3325736,661275,3242854,951626,2362981,663754,8137819
192,000655,2017-11-08,0.0013020833333334814,0.009114583333333481,0.25232747605381767,10062.0,47571.03020153652,926,13326710,12311249,878108,1009312,3735143,4231380,3696723,2770250,2062425,1831024,2954311,1346316,0,657967,0,465000,0,0
193,000656,2017-11-08,0.015118790496760237,0.008639308855291628,0.1402593844812587,6975.0,56560.49807208931,1091,14788062,13697277,1051689,1190328,3950951,3403606,3156922,1827186,3200941,2250849,1492142,2009716,1059325,1625632,876092,1389960,0,0
194,000657,2017-11-08,-0.008106116433308719,-0.002210759027266085,0.4322643444707583,13460.0,88994.25259427048,985,19061342,15030057,1138793,652819,5383253,3934444,3661252,2757666,2155789,2834499,1834407,1523117,1355459,659247,407100,478764,3125289,2189501
195,000659,2017-11-08,0.02872062663185382,0.039164490861618884,0.11852929309401238,19500.0,139734.54117889304,1046,22548082,41350536,774686,643487,3669652,4758168,4296187,6044528,6237035,9776370,2782623,2190569,2071759,1364723,0,0,2716140,16572691
196,000661,2017-11-08,-0.0034463276836158574,0.005536723163841684,4.018476111854003,54355.5,336074.13503380615,1944,153912941,161080110,1810,0,8030028,9708154,10904722,13506473,23949595,32830705,9408292,10904363,15567132,12822159,6286058,8205078,79765304,73103178
197,000662,2017-11-08,0.01411909146715784,-0.007980356046654369,0.4990526168913955,33789.0,118837.3211055201,1065,36432192,35423603,511329,763638,4476891,5499190,5729892,8492308,11479415,11234894,5076246,2142832,3021763,3297097,2200572,0,3936084,3993644
198,000663,2017-11-08,0.00910194174757284,0.016383495145630977,0.49334995241405283,16660.0,84669.78745652271,1116,23496301,23221079,1174040,684798,5545171,5275747,3961362,5002817,5447253,3874998,1947352,1298342,2118855,1325287,406504,2592202,2895764,3166888
199,000665,2017-11-08,0.008064516129032251,0.010752688172043001,0.417424736096579,16244.0,81434.34723422243,714,13838134,17275370,823726,311038,3415584,2626217,1490394,3870215,5413004,3065437,1346626,2533677,1348800,643825,0,1857789,0,2367172
200,000666,2017-11-08,0.0024154589371980784,0.0019323671497584183,0.5148128516391867,16608.0,119252.6258241349,1617,44183788,38599693,1412047,1031888,7701697,6598200,4754787,8741907,6625206,8211427,6184548,2768369,376740,1615873,3041882,2998267,14086881,6633762
201,000667,2017-11-08,0.0031249999999998224,0.0031249999999998224,0.10110753432210492,3531.0,66778.46770411289,1005,9718877,9193492,602823,1400880,2645604,2169460,1478436,1192747,1315726,1298415,229680,1028163,700480,1615586,0,488241,2746128,0
202,000668,2017-11-08,-0.001847290640393906,-0.0012315270935960854,1.1751334173090535,16200.0,96995.22309035082,190,3458340,2756966,105279,225202,978831,1356138,345170,1175626,396900,0,0,0,0,0,436320,0,1195840,0
203,000669,2017-11-08,0.006012024048096087,0.0033400133600534065,0.5607858970581832,15040.0,65211.18724456225,712,12835898,12321038,432782,771269,3296592,3943548,3822653,2541077,3522416,1824572,438440,0,0,1269060,1323015,0,0,1971512
204,000670,2017-11-08,-0.017391304347826098,-0.005797101449275366,0.13576507153127929,20460.0,103384.81669471545,2588,74961877,51709229,2000209,1670193,13898767,11681671,15765935,10701058,14775333,12779925,7832516,4854658,4165364,1335030,3062261,1728263,13461492,6958431
205,000671,2017-11-08,-0.006319115323854652,0.004739336492890933,0.12824174280561265,15825.0,111868.61615200317,2443,61160495,68731568,1003871,2057158,6918010,12111936,8478502,13082786,12009745,16248950,7214870,9129892,5102120,7380137,4495372,2647473,15938005,6073236
206,000672,2017-11-08,-0.00694444444444442,0.0,0.22807592786944275,15165.0,128651.59420583706,1954,47240123,35266861,1216381,1377815,10259284,8895356,8382714,7707616,9936561,7995247,4500462,4087406,3376135,2110815,1361829,406823,8206757,2685783
207,000673,2017-11-08,0.019982623805386623,0.034752389226759384,0.3286407062078646,11690.0,234045.0250242927,1228,26854767,48490435,1637641,1456975,3903435,4126869,3964747,3809390,4831648,9172526,3232774,3510518,1073384,3511330,412867,2279596,7798271,20623231
208,000676,2017-11-08,-0.011103400416377474,-0.000693962526023606,0.36310962344649556,12960.0,72636.93308019797,1575,23740811,20933469,1570153,1084242,7898849,6387413,6277410,5216484,4755662,2929934,1668236,1878880,1069337,0,0,0,501164,3436516
209,000677,2017-11-08,0.013636363636363447,0.009090909090909038,0.21504666388844576,7120.0,40208.47165445534,418,3682620,4736957,369722,483678,1429559,1527652,798054,1237299,365005,930159,275280,558169,0,0,445000,0,0,0
210,000678,2017-11-08,-0.0036991368680640013,0.002466091245376223,0.33596588827032675,7307.0,30588.324896121943,582,7039100,3460889,727048,574283,2445996,1485394,2089850,817535,1111487,583677,664719,0,0,0,0,0,0,0
211,000679,2017-11-08,0.0024449877750609694,0.004889975550122383,0.360904451128877,3279.0,36197.71093309259,513,5126416,3362501,618460,324078,1576738,990955,1406047,736195,531976,977529,688011,0,305184,333744,0,0,0,0
212,000680,2017-11-08,0.005617977528090012,0.001872659176029856,0.1607415273266499,8109.5,98849.45083505404,1104,20317038,15410309,1054512,965378,3962054,3328650,3265473,2734951,3026560,3261465,2391719,854774,1740556,695502,460735,1320318,4415429,2249271
213,000681,2017-11-08,0.05994694960212188,0.05941644562334214,0.4504774618287021,30045.0,182918.99953489573,1765,50071575,73690216,1047269,944845,9298341,10257686,9809104,11206044,9939479,12102244,3485238,12361927,2972549,4503664,1340504,4434538,12179091,17879268
214,000682,2017-11-08,-0.003929273084479323,0.0,0.206701852215057,5070.0,38060.52009264237,606,5347680,4174001,557403,615787,2096254,1372871,1191614,616887,921076,729624,203200,0,378133,330850,0,0,0,507982
215,000683,2017-11-08,0.0033783783783785104,0.006756756756756799,0.07357301446537058,8627.5,127808.58075388416,1628,29715484,31497461,1363823,1575530,5001989,5701329,5344989,4212876,5393420,5164553,2996233,3852175,1670134,1571798,0,825758,7944896,8593442
216,000685,2017-11-08,0.004708097928437072,0.00847457627118664,0.29041829870454205,11693.0,131096.48705907032,1337,26724563,36582602,1413255,738027,4323183,5378675,3850340,5311764,5341645,6899207,2968501,4391288,4160891,1767353,1347376,2737182,3319372,9359106
217,000686,2017-11-08,0.013429752066115741,0.018595041322313932,0.2014322706843367,29970.0,254994.9080046486,2311,114595175,127318545,1793579,1403463,12289483,9428795,12073072,10738499,16352181,17709347,15654764,13541191,7541641,8979893,8923312,8104482,39967143,57412875
218,000687,2017-11-08,-0.0015117157974300355,0.0022675736961450532,0.35268896369072716,18438.0,134077.20003541076,1407,44429794,26802286,830834,1076289,6870354,7678208,7008041,4970255,7147982,4051702,3859962,1998233,1869790,1487248,2697219,915874,14145612,4624477
219,000690,2017-11-08,0.026350461133069825,0.015810276679841806,0.22942455938306625,19604.0,222504.55221176075,1095,39113204,46125455,965342,1026012,4655987,4273207,4753706,5657971,6950258,5977857,4122072,5301346,2449063,4034819,3112423,1315796,12104353,18538447
220,000691,2017-11-08,0.016901408450704203,0.008450704225352101,0.41779345327418116,10052.0,33874.93463919575,288,3179348,2925934,314997,234113,1665654,1216766,299781,682997,601864,518799,297052,273259,0,0,0,0,0,0
221,000692,2017-11-08,0.004862236628849326,0.008103727714748654,0.3688057443419872,10557.0,48190.06431589911,279,5034962,3285337,179653,272008,885134,1297034,1256575,1067935,1735612,315590,977988,0,0,332770,0,0,0,0
222,000697,2017-11-08,0.006259780907668322,0.011345852895148667,0.6265935089575757,25580.0,159708.89366434442,1664,57541868,54722948,926415,966605,8114498,8332522,8244326,6938028,10481229,12898947,5885426,6026178,6229127,2845126,899629,2256917,16761218,14458625
223,000698,2017-11-08,0.0,0.003225806451612856,0.25233056358906947,6210.0,63265.79134549799,603,8595737,8066896,740366,399419,1539390,1543072,1901156,1385775,2509218,1591260,453177,284580,340095,1545292,491335,1317498,621000,0
224,000700,2017-11-08,0.004761904761904745,0.009523809523809712,0.22755022322768212,9540.0,61522.14727866777,766,11203102,13122413,480554,955498,2288597,3531856,2019445,2887621,2408828,2178793,2000012,1743954,954762,1015700,415904,808991,635000,0
225,000701,2017-11-08,0.00592718035563089,0.009314140558848383,0.29826216860393956,3576.0,41554.022601679455,1568,9202352,15859565,922033,2857404,2726158,4647598,991235,2229965,1921401,2536941,905243,997986,1736282,1712408,0,877263,0,0
226,000702,2017-11-08,0.008588957055214674,0.012269938650306678,0.3078911399856005,9876.0,57674.15088913303,700,8189443,10741956,679594,923081,2707803,3155803,1566992,1949818,1642951,2375445,902018,967069,690085,0,0,406685,0,964055
227,000703,2017-11-08,0.028666666666666618,0.030000000000000027,0.32297364576968973,13891.5,115244.10481107737,2162,26109214,64472875,1080826,2559065,6926374,10142019,5295350,8974062,5643831,22856964,1637416,6394743,1731547,1324266,864910,2739063,2928960,9482693
228,000705,2017-11-08,0.006211180124223725,0.005175983436852993,0.3516453459141723,5838.0,46909.118638757376,754,8450716,8282829,1426600,599783,2477589,2158836,1725208,1429242,1730427,2056205,728860,1071673,362032,385090,0,0,0,582000
229,000707,2017-11-08,0.007874015748031704,0.011023622047244164,0.3031715860219902,8313.5,62928.43301746043,438,5860967,5589037,539026,301071,1099781,2282682,1056899,1841119,1084577,753285,738332,0,337502,0,0,410880,1004850,0
230,000708,2017-11-08,0.003308519437551727,0.006617038875103454,0.42544410758612267,18240.0,68407.58031454815,807,16681964,14949768,590086,497596,4841563,4206622,2235358,3200554,3125302,4283868,2774221,1013407,2187624,314564,405455,0,522355,1433157
231,000709,2017-11-08,-0.0023923444976076125,0.0,0.0790961576913134,21369.0,208498.52044895643,2811,119136886,93969157,2076190,1575776,15827019,11974943,14139868,10635297,18345467,14243568,14982232,9353564,9082804,5311470,6636326,4527625,38046980,36346914
232,000710,2017-11-08,0.10457413249211367,0.10457413249211367,1.363341640056794,77033.0,1052317.7099630584,2166,369350529,245414205,699299,588749,8703834,7143822,14180469,8615346,24272484,19892974,23914413,18057661,19621448,15920687,14784768,9212248,263173814,165982718
233,000711,2017-11-08,0.01123595505617958,0.017656500802568198,0.372397152191267,14904.0,57810.048208609245,1119,18298417,19296245,575994,1008561,4435849,6982486,3270164,4055789,5475837,4023833,1809371,1622016,641024,310487,849518,1293073,1240660,0
234,000712,2017-11-08,0.013903192584963975,0.023686920700308756,0.4426784437725353,37962.0,166144.5657603289,1925,80225311,94099911,1208616,1184900,9428363,8229820,11985681,8932250,15681918,19793928,11831986,12252618,8282318,11803336,5397800,6595096,16408629,25307963
235,000713,2017-11-08,0.0013140604467805073,0.003942181340341522,0.388413788921787,6840.0,39012.296660501364,383,2963037,4599556,310009,341702,873965,1816136,763243,1300738,327220,836112,0,0,688600,304868,0,0,0,0
236,000715,2017-11-08,-0.008620689655172376,-0.00478927203065127,0.49333906918316256,5195.0,42315.04232474521,447,5918691,3258427,416143,302015,1338640,1229650,900818,456004,2073419,558129,878571,712629,311100,0,0,0,0,0
237,000716,2017-11-08,0.0016000000000000458,0.006399999999999961,0.19224331555704022,10096.0,58532.98929314352,1057,15056779,15654479,910591,1002552,4116934,4346772,3405136,2516222,3511280,2521645,1489418,2331779,670211,1425581,436800,859320,516409,650608
238,000717,2017-11-08,0.017835909631391145,0.02378121284185486,0.14805733941432006,67236.0,441690.881638529,3237,308715953,251877851,1251188,1020985,13882141,10635020,21220159,18270479,40585587,32804433,34263108,30302316,29995450,20742474,23491561,23493237,144026759,114608907
239,000718,2017-11-08,0.0019379844961240345,0.003875968992248069,0.1457220016705196,9842.0,82034.83714634788,1256,24770965,15477232,1999411,821097,4169184,2792278,7616252,2436893,2546844,3013996,1781351,1869879,960256,675683,2294592,444360,3403075,3423046
240,000719,2017-11-08,0.011964107676969205,0.007976071784645988,0.35209653531650326,10120.0,89043.89481301382,811,17017720,20536485,434094,964645,2213020,3643426,1708608,2695332,3543179,4270685,3685614,3147496,2494312,2725754,1254362,1266534,1684531,1822613
241,000720,2017-11-08,-0.0020366598778003286,0.004073319755600657,0.19023064140975135,9850.0,60619.78045065717,666,12013568,7132741,628094,750594,3495972,2141214,1922841,1505793,2081878,943847,1951020,970147,305167,380596,939796,440550,688800,0
242,000721,2017-11-08,0.01060606060606073,0.013636363636363669,0.2702112207383167,8995.5,41852.685550121,596,6179892,6650345,464033,686329,2718333,2570657,1144523,1437962,1024757,791538,451476,249084,376770,396865,0,0,0,517910
243,000722,2017-11-08,0.006250000000000089,0.0071428571428571175,0.5545136987573172,11260.0,43842.08115069106,407,5304564,4807350,389105,386643,1776875,1704914,744165,1274017,995436,1177166,948183,264610,0,0,450800,0,0,0
244,000725,2017-11-08,-0.004636785162287382,0.007727975270479082,0.10798697932923645,1354067.5,4427651.74298523,3602,4245961725,5671230678,7117,0,49552,97297,1084141,1436734,10157500,11240760,19727004,24519571,22796510,38080154,38866104,57390034,4153273797,5538466128
245,000726,2017-11-08,0.0026833631484795006,0.0062611806797854275,0.2980600007024979,5615.0,64222.74228092598,1407,17511910,15744216,1420629,972396,5526183,3952234,2790873,3597357,2218976,3464670,679080,2132372,1068056,710960,425628,914227,3382485,0
246,000727,2017-11-08,-0.0035842293906810374,0.0,0.07280730686512028,9174.0,213101.05296918,1479,42480498,28075917,1333192,1095205,6699823,4331200,5990840,2802007,5942121,2237421,3371303,1750561,2103381,1000185,2183234,0,14856604,14859338
247,000728,2017-11-08,0.011737089201877993,0.023474178403755985,0.23436736459987367,57553.0,487628.91537450894,2976,227395542,281039359,1000354,640188,13874287,11387253,19698932,16168028,36584892,29901922,27919428,28408008,13856277,20272583,18360296,13160698,96101076,161100679
248,000729,2017-11-08,0.0032414910858995505,0.009724473257698651,0.16650760654275754,5598.0,66863.3199428866,1374,14025283,20014892,1159728,1623771,4108092,4549565,2712096,3201629,2006397,3741324,970701,982445,1014598,2096391,881967,1398784,1171704,2420983
249,000731,2017-11-08,-0.003816793893129833,0.0,0.25758492009173506,7850.0,104225.57006038097,931,18299474,12002568,766395,910243,3386927,3941197,2058993,2675703,2711136,1786413,1830558,1151055,2047768,361152,467451,0,5030246,1176805
250,000732,2017-11-08,-0.004009163802978222,-0.001718213058419349,0.47082561989595817,10446.0,70155.61320545113,1375,22193419,20342471,1424599,1218567,4896520,5119597,4363520,4530629,3870452,3603247,2174126,1962675,2371643,1163521,856644,1268226,2235915,1476009
251,000733,2017-11-08,0.0032383419689119286,0.008419689119171014,0.4672898005926073,17072.0,74706.75813721916,1091,22637258,21106445,821667,754790,5814037,6502063,4295882,5302865,4130835,4724364,2008079,1777277,2223606,395732,1378775,859994,1964377,789360
252,000735,2017-11-08,0.046172539489671705,0.044957472660996256,0.15537314211337247,38880.0,251111.49764326346,2813,137283694,179015541,1766883,1347515,13002644,11545132,17918960,17178621,24564771,24194527,14905786,23323317,11554828,10661883,11161681,11018038,42408141,79746508
253,000736,2017-11-08,0.0019607843137254832,0.005228758169934622,0.5961922106350243,10762.5,50353.6031161194,658,9969837,7258247,700209,630044,2834826,2577660,2350315,2542248,1399734,1292695,453528,215600,1038395,0,0,0,1192830,0
254,000737,2017-11-08,0.0497427101200687,0.046312178387650116,0.14889693097715692,12768.0,91384.8117569203,1536,28076204,35592789,1251563,1307809,6467115,6166800,5012240,7088511,5319961,8510525,2671572,5508534,2467639,3323494,450851,1633803,4435263,2053313
255,000738,2017-11-08,-0.0038043478260869623,0.004891304347826031,0.4552884074319301,18470.0,110093.76870681097,1633,28810319,41598984,1620757,1378324,6746947,11105099,5664689,6791059,5887009,8233222,4117182,3692762,2404620,1373476,455213,463999,1913902,8561043
256,000739,2017-11-08,-0.007062146892655385,-0.004237288135593209,0.17451141337088547,2820.0,55195.934414469106,1647,19793985,9017696,2362900,687855,6198596,3248038,3532770,1294419,2682324,1145899,1380745,469027,733087,383418,940893,0,1962670,1789040
257,000750,2017-11-08,0.014705882352941124,0.023897058823529438,0.1213006371612919,16680.0,188053.677381914,2016,59240806,72786184,1413878,1474671,9348528,6771005,9755056,8175033,10025448,13378537,8301184,7817325,3908817,7513107,1690751,3990426,14797144,23666080
258,000751,2017-11-08,0.009541984732824416,0.011450381679389166,0.11978638123898334,13262.0,107272.47431474148,1918,43019738,41422914,1558709,1476052,8498637,7723176,5931995,8608555,7083681,6942013,7385287,5596607,1377780,2600296,1760562,1426700,9423087,7049515
259,000752,2017-11-08,0.007304601899196461,0.0043827611395179655,0.6527897618301817,10920.0,61080.62905766168,439,6845874,6628369,458974,422006,1766794,1699232,1295070,1125591,1944604,671012,516568,1771550,341744,0,0,938978,522120,0
260,000753,2017-11-08,0.0023255813953488857,0.009302325581395321,0.1672501835094705,6033.0,52411.56564304208,661,7593733,7241376,757590,513098,2684387,2381725,1062684,1599256,1300084,1003312,1010524,207494,346464,393638,432000,434999,0,707854
261,000755,2017-11-08,0.0,0.0,0.36561931981806084,6040.0,575549.828742214,272,18672648,6901194,550854,0,1309278,177870,297288,420078,1392924,893400,271953,286425,1374894,715763,491656,0,12983801,4407658
262,000756,2017-11-08,0.0012019230769231282,0.0012019230769231282,0.41635634667723126,18381.0,92408.78965487149,1599,41704362,28844146,1647852,790046,10308039,6697608,7443399,5098302,8889653,4942526,2630058,2512046,2340120,3641721,1305624,885853,7139617,4276044
263,000758,2017-11-08,0.0029112081513826826,0.00727802037845704,0.17113043105993622,7601.0,90336.23656101385,1613,27138304,28221445,1559677,1464933,5841763,5709341,4214733,4477748,4060907,5683486,1697363,2798148,1770224,2080325,1233164,1410861,6760473,4596603
264,000759,2017-11-08,-0.018518518518518712,-0.0030864197530865445,0.2761608651209335,9800.0,137448.78230488423,1239,19965848,17885699,2115356,1215344,7621001,4040674,3183490,2216041,3788289,2428136,1505549,926360,1752163,330902,0,1225750,0,5502492
265,000760,2017-11-08,-0.004884004884004756,-0.0012210012210012167,0.25613106062973984,8080.0,56424.365880131685,1023,14740693,8549838,1347954,592202,5868003,1895730,1756636,1817730,2124306,1753731,1483120,498647,945174,349319,405500,819822,810000,822657
266,000761,2017-11-08,0.0,-0.001828153564899404,0.11652837097091166,15232.0,106522.39484054902,2209,58763917,29271421,2062593,959354,13661482,5804901,10769764,3861172,11755456,6441411,4789069,4150892,1767664,2746787,1368574,905367,12589315,4401537
267,000762,2017-11-08,0.01910447761194023,0.032835820895522394,0.3204361799372016,39824.5,195635.2593110314,2734,120870299,169613219,1398079,1145806,11870020,11994177,15444570,15509721,19658331,31879584,16442450,22893718,12357841,18455936,9820925,8883936,33878083,58850341
268,000766,2017-11-08,-0.010159651669085501,-0.011611030478955064,0.5122821016612044,12258.0,107253.72046730331,723,12966244,16030535,576266,872947,2622116,3540522,3042398,1189044,2424598,1809958,1803932,713546,399430,349440,0,1281350,2097504,6273728
269,000767,2017-11-08,0.006230529595015577,0.009345794392523477,0.14184675431247756,6420.0,64136.6905095855,512,5741357,6713015,469155,555380,1851391,1179050,1337530,1093357,689339,484308,749342,892894,644600,357742,0,851103,0,1299181
270,000768,2017-11-08,0.01631321370309946,0.02338227297444262,0.34986243821237273,40898.0,296404.4365112264,2765,159387635,168191971,1398507,1150180,13644370,10266337,14844510,15322817,28866305,27273272,28368418,18882469,15781469,15751079,8261683,11506439,48222373,68039378
271,000776,2017-11-08,0.019520356943669936,0.02788622420524267,0.3140165090122519,115931.0,764527.2314873898,3262,528749697,572814814,830211,603691,11097386,9730669,18207518,15652859,45205758,34613227,38073943,28807531,29380983,38159192,33878406,35523403,352075492,409724242
272,000777,2017-11-08,0.0012285012285011554,0.001842751842751733,0.6131888939249811,11430.0,50952.03710725661,704,9430381,10288418,610513,915636,3477628,3044174,1551611,2267063,1671163,2530187,660639,1197618,319927,333740,0,0,1138900,0
273,000778,2017-11-08,-0.0017064846416383617,0.0017064846416381396,0.12415206217724876,11680.0,162510.44973069636,2233,53267085,45622710,2377967,1625751,8864207,7985224,8855057,5613477,6923375,7869065,11138986,3250723,2298907,1957662,3585261,1671951,9223325,15648857
274,000779,2017-11-08,0.0018587360594797264,0.0074349442379182396,0.6214376620791353,18665.0,93830.74915534206,674,14523616,14995997,481608,467137,3399457,4255809,1476564,3791085,2042013,3599241,925960,1413341,0,327000,887712,486300,5310302,656084
275,000780,2017-11-08,0.0,0.004040404040403844,0.20455946511482168,2485.0,67938.44081298573,585,6191388,8558391,240141,636371,1449502,1410713,941573,1246045,1387492,1643411,1477816,1036545,694864,737685,0,474635,0,1372986
276,000782,2017-11-08,0.003285870755750153,0.005476451259583737,0.3606970776648149,13627.5,53688.14603791367,640,11196937,9122741,612779,753356,3309163,2975077,2512943,2375712,1676146,661778,2369417,1440076,716489,388662,0,0,0,528080
277,000783,2017-11-08,0.012318029115341522,0.01791713325867872,0.17679021171117493,33411.0,251825.0162615333,2555,132994754,148174590,1697834,1408009,12543599,10665034,16697186,12024618,22364936,20008214,10851809,13302591,11408672,10935675,6257002,11582094,51173716,68248355
278,000785,2017-11-08,0.017191977077363862,0.02005730659025784,0.4840597301352247,10600.0,68560.26556384262,467,6470245,7045296,397178,405463,1472874,2154006,976238,1594316,1834111,1309873,722844,727478,0,398560,0,455600,1067000,0
279,000786,2017-11-08,0.006874427131072336,0.01741521539871682,0.3818538067239365,75004.0,393239.1243136602,3271,275885312,285953320,631829,909930,12920196,11332141,21378902,20853345,46554284,38848826,32884501,32096185,26639444,21517117,23141777,15069406,111734379,145326370
280,000788,2017-11-08,-0.002148227712137629,-0.0010741138560687036,0.3913826644181476,9300.0,56764.81927721744,565,7549413,5573565,572294,820875,2386330,2550282,1704854,1265132,729651,457596,764802,479680,337590,0,0,0,1053892,0
281,000789,2017-11-08,-0.01828571428571435,-0.004571428571428449,0.19946307801486127,17410.0,146135.16329620357,1926,56579201,59812838,1749444,1797526,7807155,8094197,9330007,9174578,9044759,9992148,6676311,5726692,6668161,4867638,4404011,4378425,10899353,15781634
282,000791,2017-11-08,-0.008574490889603492,0.00643086816720273,0.181172047508168,29171.0,138593.5963593908,2655,97157671,96811095,1514463,1830039,13624451,14406705,13732247,14478981,17836123,24824539,15985154,12174321,6089513,7399481,7984820,3086050,20390900,18610979
283,000792,2017-11-08,0.02720637027206374,0.04644990046449893,0.2609212712252801,96100.0,444267.9912752234,3339,371013172,451206860,777531,807170,11390074,11405815,17108495,21808495,39966978,39869885,33868001,38718853,30611629,31052213,25867651,24205251,211422813,283339178
284,000793,2017-11-08,0.003835091083413289,0.0,0.30474499826218043,12456.0,138747.3151853272,1171,31499253,35192354,976280,740057,4201323,3935756,3970405,3588846,7385647,5566153,3639855,6848764,1686728,5552093,3136873,860181,6502142,8100504
285,000795,2017-11-08,0.007656967840734996,0.016845329249617125,0.14575325854309842,13180.0,82533.65368791335,2010,35662612,41231755,1812148,1930840,7749606,9718442,7504778,8046086,7076743,8781410,3700910,4342434,3234761,3747715,1789216,471240,2794450,4193588
286,000796,2017-11-08,0.05683453237410063,0.04172661870503602,0.3162290184035612,21615.0,84568.40937298462,1933,37092812,59574182,1269574,1369755,9537464,10668880,9227366,8806235,9774989,14196201,3915262,9697058,973109,3757408,856342,4473972,1538706,6604673
287,000797,2017-11-08,0.013097072419106404,0.016178736517719505,0.31956751115784093,26060.0,150818.88545356676,1651,49477791,79161971,844643,1089702,6846257,7452186,6208754,8379871,11645517,15207420,8163588,11470856,6072958,3803879,2259041,6544384,7437033,25213673
288,000798,2017-11-08,0.008928571428571175,0.004464285714285587,0.39223002806331475,5382.0,31881.892309552884,521,4997625,3488416,526576,499081,1872564,1486526,862949,604041,1248676,898768,486860,0,0,0,0,0,0,0
289,000799,2017-11-08,-0.01216216216216226,-0.00439189189189193,0.5260502836983298,55679.5,311210.95247681666,3168,196726499,205911593,898835,1338676,12005986,14250428,20606342,20013135,37380900,37226250,29447345,20943607,17096546,16423218,13202775,9808898,66087770,85907381
290,000800,2017-11-08,0.017326732673267342,0.021452145214521545,0.23764767945714158,41052.0,276537.0126248937,2603,140974242,174940564,1148220,1325794,9248903,12696114,12688672,16266873,21244911,25563361,18315815,18823108,15499680,12648708,16992409,5903289,45835632,81713317
291,000801,2017-11-08,0.012499999999999956,0.02083333333333326,0.21807274704353644,9438.0,48893.57483870401,1090,10300446,16197985,934238,1311941,3214890,5442425,1960149,2048809,1797602,3015845,977256,2575411,1012655,1364354,403656,439200,0,0
292,000802,2017-11-08,0.0252043596730247,0.0156675749318802,0.36790273733930207,19292.0,94319.8917787418,1592,30783333,45878150,1105833,940639,8526683,8572579,6336330,8304943,8762023,8128838,2430854,4966439,1722206,3502379,858816,3619615,1040588,7842718
293,000803,2017-11-08,0.03793247186327631,0.03793247186327631,1.8634457552192465,24100.0,173520.78986978895,165,3048836,7971633,182577,60471,1028141,466769,641527,682549,521378,1257668,0,989678,675213,388440,0,856104,0,3269954
294,000807,2017-11-08,-0.004448398576512469,0.008007117437722311,0.2007388701345335,66434.0,369157.0606875456,3141,277491293,295979576,772010,999097,9326348,13842725,16087346,23035739,35632330,35253690,22988739,30087637,20623179,22485974,18062726,14942460,153998615,155332254
295,000809,2017-11-08,0.009685230024213176,0.009685230024213176,0.2033033861629879,12390.0,122001.19065112386,412,8964687,9361188,310074,383748,1681245,1332782,1272525,2144959,1570580,2661701,2132762,679492,328591,326696,418000,0,1250910,1831810
296,000810,2017-11-08,0.003759398496240518,0.005639097744360777,0.42035124705231636,10675.0,53226.955641362605,640,7606615,7664320,555565,676366,2927822,2784737,1701518,1345233,1125021,670804,0,692290,373464,749390,923225,0,0,745500
297,000811,2017-11-08,-0.0034482758620688614,0.0,0.28567630068864475,10464.0,86112.45461325865,927,21659693,12150859,622621,1194834,3695696,4112748,3580331,3110911,3317030,1870330,1908135,711628,2540510,654240,1304628,496168,4690742,0
298,000812,2017-11-08,-0.0036363636363635488,-0.00121212121212122,0.35814430347924225,7447.0,68625.94727859518,530,10652189,4695369,488143,576140,2030352,1673896,715284,674004,3331294,845607,1440728,229079,0,696643,922842,0,1723546,0
299,000813,2017-11-08,0.08095238095238089,0.08095238095238089,0.17160526036720422,27456.0,501665.58170108835,2405,122842986,142995992,1947162,1382360,10579048,8196261,11415797,12152572,14948371,29227638,11727700,15653406,11142916,7624783,5582441,7732327,55499551,61026645
300,000815,2017-11-08,-0.009443861490031513,0.033578174186778664,0.48821260804942873,23772.0,105120.78437195667,1525,40095861,43214488,1143210,958767,8334853,7010396,9334017,7687931,8384928,8595954,6094289,6094262,2650078,3348533,1376188,2268395,2778298,7250250
301,000816,2017-11-08,0.011574074074073959,0.016203703703703498,0.08896279803508993,13608.0,154550.975049529,2369,58951154,67683315,1629653,2376412,9183028,11128574,8103159,9660498,8522346,11232114,5223514,7282600,3020214,4804981,4895076,6323740,18374164,14874396
302,000818,2017-11-08,0.0008928571428572507,0.0017857142857145014,0.36892677250249595,14625.0,79879.01727970495,921,19151621,20548736,746526,753311,3562177,4650438,3524350,2809586,4272083,4332354,2373369,3683278,2352376,1309163,1804163,867258,516577,2143348
303,000819,2017-11-08,-0.00940438871473348,-0.005015673981191182,0.6647631654107774,14283.0,54950.67384851385,575,9677765,7345631,486632,523269,2807040,2778862,2208878,1697928,1573029,1672182,717819,261030,369720,0,876698,412360,637949,0
304,000821,2017-11-08,0.00958247775496246,0.014373716632443578,0.42970236598633155,16384.5,91616.53105345578,1156,28111716,18168755,906789,825754,7382130,5499327,5660646,3443865,6016110,3314378,2206784,2121495,734645,356880,1385760,447066,3818852,2159990
305,000822,2017-11-08,0.01132075471698113,0.027358490566037785,0.21686533435382596,20729.0,164685.71751925148,2391,53546560,94638540,1486300,1881937,9566074,10980847,10336255,12493413,13412201,15934099,5361859,9622790,3430498,10091643,3483457,5250186,6469916,28383625
306,000823,2017-11-08,0.0,0.004117647058823559,0.35493125669180503,34350.0,226829.7739895198,2298,126357120,119653350,1393019,1009457,11641542,9113757,14493977,8853094,22722274,18592804,12783936,13905552,12523677,11253282,8774876,4989004,42023819,51936400
307,000825,2017-11-08,-0.013133208255159512,-0.0018761726078798668,0.09773904547433743,26450.0,215938.50850885117,2988,140511448,117143902,1409887,1506680,13803259,14995916,15473878,15006602,20792916,19622224,16317508,12281368,10652060,7222119,4943734,5395936,57118206,41113057
308,000826,2017-11-08,0.016920473773265776,0.015228426395939021,0.7699190695323133,35750.0,253130.6836663121,2121,111283059,130239204,993216,922833,10915281,9934403,11181320,11072203,19499250,14245533,7921075,9046077,8157773,9595242,3917963,7164320,48697181,68258593
309,000828,2017-11-08,0.009803921568627416,0.01225490196078427,0.3646879563319814,9852.0,85097.01694014958,1126,22326785,21949868,1789867,573868,4569217,3309596,2985577,2464149,4691280,4763419,2246789,3302828,3554496,3918185,944859,432411,1544700,3185412
310,000829,2017-11-08,-0.01333333333333342,-0.004761904761904856,0.3105955667502213,9477.0,75832.06413126767,1143,20647006,18783408,2116302,598555,4528542,3813613,4061334,2553916,3205437,2230876,2440172,3045856,1538938,2541237,422904,2178379,2333377,1820976
311,000830,2017-11-08,-0.011456628477905073,0.009001636661211121,0.21898267724992887,32227.0,233502.14689405425,3118,154339011,156157256,1317469,1916867,12239232,18151935,15353942,17293612,25456176,23937094,15270436,20478939,12966137,13815520,8591866,8005952,63143753,52557337
312,000831,2017-11-08,0.008084074373484462,0.01859337105901382,0.27534693052810594,20128.0,130202.04045251817,2019,48501614,75497982,1291765,1211386,8075002,10121994,8030373,11453461,10740969,14593786,8932268,10242244,3447354,6217183,2140176,1824617,5843707,19833311
313,000833,2017-11-08,0.0,0.004016064257028162,0.28888955635021496,7520.0,56778.61176059331,668,6962182,8802781,570107,931345,1647421,3004533,1460107,1518888,1205632,1390788,773230,627150,375000,0,416250,0,514435,1330077
314,000835,2017-11-08,-0.016233766233766267,0.005411255411255311,0.35080933648003565,9270.0,40462.937765535156,693,8710386,8690776,824190,723078,2676799,2946802,2272135,1963973,2381942,2014106,225399,1042817,329921,0,0,0,0,0
315,000837,2017-11-08,0.0027816411682892728,0.009735744089012455,0.26530377242515096,14360.0,77707.76426986374,734,10986289,17325689,484383,833823,2405859,4194388,2479372,3064430,2664865,2773965,958259,1570117,738080,2408272,460879,425390,794592,2055304
316,000838,2017-11-08,-0.0016181229773462036,0.0016181229773464256,0.1803299353329453,9840.0,61607.20337300491,1175,19065623,12307673,1257385,1125263,5020857,3690022,4475554,2933817,3534977,2388902,556532,513489,1037510,1050652,867163,0,2315645,605528
317,000839,2017-11-08,0.07584050039093038,0.07584050039093038,0.21978321001894446,591945.5,6035969.65015871,3394,3360459742,3336301719,958384,0,8607753,304731,11862943,1582797,26864182,12996288,34265309,19403987,37050434,30248696,31332386,29837124,3209518351,3241928096
318,000848,2017-11-08,-0.0058083252662149976,0.0019361084220717029,0.2593705725170816,11407.0,87781.02552370966,1587,34768615,29151901,917832,2249487,5962657,6720312,6238717,6157193,10012375,5186398,5119052,3930887,1333592,1716451,910252,1708618,4274138,1482555
319,000850,2017-11-08,0.008080808080808133,0.010101010101010166,0.2445347626330431,13473.0,95289.61070218573,409,7425891,11826603,311764,444555,1513738,2215819,1148422,1438849,1806300,1413501,941569,739512,344010,1074661,1360088,2772143,0,1727563
320,000851,2017-11-08,0.02678571428571419,0.014880952380952328,0.3508041808948881,13338.0,81275.2172358434,825,13855527,19944602,513454,671986,2849859,3763374,2778033,3991078,3363764,4793877,1752321,2372339,1008215,0,0,893087,1589881,3458861
321,000852,2017-11-08,-0.0087301587301587,-0.004761904761904856,0.25215539378112756,25020.0,106157.94221030652,2499,78284987,63053807,1465718,1307528,13747840,11642360,13684221,12166490,19658622,15454112,9244612,8546024,5707204,5198802,4494265,1751655,10282505,6986836
322,000856,2017-11-08,0.022192028985507317,0.026268115942029047,0.4283823575358607,33247.5,204010.11701995888,2658,114938290,131802495,1369171,1104468,14589062,13061456,15781728,14329138,22639949,16368925,12832608,14317658,9087886,10752585,6287895,9487275,32349991,52380990
323,000858,2017-11-08,-0.007464788732394423,0.0028169014084507005,1.2053953476654902,156871.0,684799.0041534823,3470,556826016,581969841,335482,342792,6614637,10664572,15016778,23126352,39408667,49172461,34766973,40061957,39388192,37146648,37315455,34004494,383979832,387450565
324,000859,2017-11-08,0.004192872117400492,0.0062893081761006275,0.21234184457359337,9320.0,67957.0011278338,504,8594322,7258239,383089,665441,1956855,2103900,1240403,1329217,1909249,1085824,440476,0,1750170,1074142,914080,480000,0,519715
325,000860,2017-11-08,0.0009950248756218638,0.005970149253731183,0.47835309260920406,12126.0,88356.14322318263,1766,31652445,40306770,928074,2132950,6158624,6910158,7185445,5748739,6987122,12060728,3539209,3045050,2334205,1374122,2296067,804584,2223699,8230439
326,000861,2017-11-08,0.0,0.0027932960893854997,0.151190914475085,7180.0,151036.85622008707,561,7600597,11375102,424879,635926,1408194,2055516,1518822,1090657,1527882,1934693,1175927,522360,374760,645840,418953,0,751180,4490110
327,000862,2017-11-08,-0.003472222222222099,0.0,0.2731360898780389,8084.5,44099.46781513871,444,4603272,4984399,495081,355128,1486940,2035999,1040567,1401343,483435,523006,571062,284962,0,383961,0,0,526187,0
328,000863,2017-11-08,-0.004566210045662156,-0.003044140030441511,0.38460525006791296,11772.0,76400.7458741239,291,4102322,5035956,170251,368425,1587691,1263920,979979,488003,236869,545361,0,522035,0,705464,476532,0,651000,1142748
329,000868,2017-11-08,0.04502617801047126,0.05968586387434538,0.1603269352834926,136956.5,566411.9635449458,3558,440795446,679582620,386656,537309,8332295,10407342,17791992,24763962,51746666,54633680,39711000,45465524,38263775,45589552,27830132,32750469,256732930,465434782
330,000869,2017-11-08,-0.002105263157894721,0.010263157894736752,1.0258793097833019,19252.5,108335.65676178952,1372,33279067,36328543,835707,1008311,6823921,8051377,5546004,5782694,7725170,6416948,3189261,4398214,1771479,651121,815825,1814737,6571700,8205141
331,000875,2017-11-08,0.006651884700665134,0.01330376940133049,0.16327548268262204,9100.0,87359.57395892861,763,9048602,15407002,693510,1146571,2549081,2888375,1755578,2337609,1203239,1703063,759112,1687994,374831,352943,493394,1336786,1219857,3953661
332,000876,2017-11-08,-0.0026075619295957697,0.0,0.17071087390761408,17595.0,194621.3097966488,2021,72126907,62433544,1435708,1592476,8385159,9970564,8029377,9222443,9983464,8210464,7384136,4892932,4378217,2729309,6294471,3571020,26236375,22244336
333,000877,2017-11-08,-0.002617801047120505,0.003490401396160525,0.24180428420319658,19397.0,75821.7452635032,2247,51298167,44468583,1266684,1635520,12442581,11479475,10965441,10242673,9923407,8396654,6088176,5163740,3839728,3740207,3026345,952277,3745805,2858037
334,000878,2017-11-08,-0.0007347538574576928,0.0029390154298309934,0.28007847623988236,31268.5,169193.76449518293,2362,102373157,98072087,929300,1560313,10068477,12909431,11393932,16372250,15888963,20648853,12343997,15082441,7956670,5089914,11921575,8871038,31870243,17537847
335,000880,2017-11-08,0.02237354085603127,0.017509727626459304,0.4557584809760384,5205.0,29907.079237711136,508,3576460,4969192,505628,425018,1299233,2145901,1071159,1017546,430560,755727,269880,625000,0,0,0,0,0,0
336,000881,2017-11-08,0.014804845222072816,0.014804845222072816,0.47625841660935647,15020.0,77582.09655547922,973,18819529,15913886,647709,1077398,4613068,5381913,3780706,2624739,3369855,1720781,1922699,2127971,3109992,633764,0,416920,1375500,1930400
337,000882,2017-11-08,0.0030211480362536403,0.009063444108761365,0.11482842461545469,6660.0,100372.29947045891,832,7659870,14982687,528378,1152056,2300167,3949737,1220939,1912254,1096778,1474117,483448,801095,1029247,634600,0,415000,1000913,4643828
338,000883,2017-11-08,0.006122448979591688,0.006122448979591688,0.1352266571755861,3451.0,56316.77893320397,1315,6239661,15008333,893832,1960185,1568815,3572855,1551234,1894502,996228,1533081,754772,1424295,0,344400,474780,1428600,0,2850415
339,000885,2017-11-08,0.0005443658138268859,0.009798584648883946,0.41576453991951545,22248.0,72341.14989319783,1952,45375195,49370789,1413733,1506273,10869488,10345373,9893479,9657919,12439640,13166711,4778319,5504910,2289899,3884547,2102289,3115578,1588348,2189478
340,000886,2017-11-08,0.043301759133964834,0.02435723951285529,0.1939992070731278,24783.0,223252.31037012066,1453,53719080,73888472,988905,1018889,5272061,7143070,6657461,7549137,10480756,9718298,7891097,6212293,4636421,7535448,908637,3884722,16883742,30826615
341,000887,2017-11-08,0.002139037433155133,0.010160427807486716,0.517717423985133,24518.0,127973.59465275683,1304,43219241,50031181,1028763,794552,5947313,6205350,7483033,7023028,9053266,10957487,4233590,7955036,3782633,3938997,3051596,2664055,8639047,10492676
342,000888,2017-11-08,0.0,0.0029069767441860517,0.37009552699953296,10370.0,70749.9383807155,777,14739717,13211519,367573,567155,2699400,3381811,4101051,1858438,2440295,3003472,1251320,1343087,2938494,1317578,441268,924698,500316,815280
343,000889,2017-11-08,0.0029761904761904656,0.0037202380952381375,0.44302602674486957,13320.0,83885.67562552926,920,20485144,14331714,801409,886657,4355913,3995698,2996227,2477139,3413737,2260052,3968875,1299174,2588770,0,459142,401406,1901071,3011588
344,000890,2017-11-08,0.018922852983988436,0.018922852983988436,0.2635495639963949,7490.0,41054.47450244114,679,6727832,8488963,812838,520035,2360885,3186694,1537547,2442987,611255,1430085,224640,909162,683658,0,497009,0,0,0
345,000892,2017-11-08,0.03750000000000009,0.00374999999999992,0.32777100209487514,9660.0,144981.63286230987,595,13426588,7501342,714833,612200,2483800,2058904,2286945,1775853,1870170,950445,1183482,772800,961758,1331140,0,0,3925600,0
346,000893,2017-11-08,0.0072289156626503814,0.0060240963855420215,0.28681957979289346,10068.0,55002.70199196894,837,13178841,11534720,931756,796828,3623230,3625041,2784756,2870629,1844375,3123336,1471114,735998,1330087,382888,418000,0,775523,0
347,000895,2017-11-08,-0.006846846846846888,-0.011891891891891881,0.47463708177076797,70175.0,270543.4331965547,3428,277058027,209526579,1300093,450570,16557833,9544440,25367571,18528954,52095574,43628472,31124629,30920388,27199076,19041858,12251604,14179068,111161647,73232829
348,000897,2017-11-08,0.004914004914004844,0.007371007371007154,0.13773073667211588,4890.0,107576.12384409427,874,9862026,16041721,996630,926263,2735408,2189237,1401597,981914,1919679,1081210,1182555,612390,674451,753238,421064,2563186,530642,6934283
349,000898,2017-11-08,0.0030674846625766694,0.0030674846625766694,0.13914929582619387,14388.0,132635.35226938303,2200,61627701,55795779,1833341,2014045,7788592,10231811,8689707,8253129,10369255,10364402,7144932,5864004,5401579,4418780,3982630,3550725,16417665,11098883
350,000899,2017-11-08,0.0029806259314457684,0.005961251862891315,0.35471167898577444,9450.0,34304.70411012535,357,4070644,3834037,348386,390148,1538923,1263705,1425286,601908,555849,1271595,202200,0,0,306681,0,0,0,0
351,000901,2017-11-08,-0.0033834586466164884,0.0011278195488721998,0.6923409101771478,21224.0,91217.61541060421,1476,32156095,29470707,925287,662582,8375035,9321592,5556064,6494207,5818997,4175227,3916459,1946564,1861725,1280536,868652,0,4833876,5589999
352,000902,2017-11-08,-0.0009881422924901129,0.0,0.28301201110604396,6060.0,82367.5454695017,1279,15419883,13849702,966574,1076614,3628515,4137111,2035387,3382848,1736848,3460414,1094428,0,0,302400,403600,459095,5554531,1031220
353,000903,2017-11-08,0.027027027027026973,0.024324324324324298,0.09881619254672297,11370.0,117951.30267328254,1406,35337250,37227348,1093467,1323895,5227436,5661770,4066405,4289135,6290034,7568827,2743703,5066964,3111593,6437160,898725,1878202,11905887,5001395
354,000905,2017-11-08,0.006756756756756799,0.01276276276276267,0.2960215615068191,23401.0,142995.67988055453,2026,63641078,61130156,1419892,1256948,10932248,9974005,10307221,9633697,12894924,10854479,8312379,9111976,4747573,2838750,4433409,4481915,10593432,12978386
355,000906,2017-11-08,0.008536585365853666,0.014634146341463428,0.32294383441747937,9972.0,64557.5364242778,644,7485174,11164763,652820,722581,2266680,3154374,1381796,1908020,1533014,1386226,457078,2179239,657454,318780,0,0,536332,1495543
356,000908,2017-11-08,0.0,0.0057636887608070175,0.31293295260006276,13860.0,46335.719123619165,491,5435180,7942069,277458,386758,1826216,2867739,1508590,2063046,882749,1600576,632227,423294,307940,0,0,0,0,600656
357,000909,2017-11-08,0.00725221595487513,0.01450443190975026,0.39633751469152323,15102.0,77556.02910894051,980,17517246,21258847,745992,705476,4535981,5245711,3266654,4278493,4179257,5090490,1214778,3238809,1038027,1434197,448032,455447,2088525,810224
358,000910,2017-11-08,0.02815734989648022,0.0269151138716357,0.4891581842094131,22572.0,139469.90575172994,2449,65775629,91951321,2983621,574283,9851931,12183324,9254895,10508312,15886643,22780054,10475307,10237904,4477912,6848678,1349967,3424095,11495353,25394671
359,000911,2017-11-08,0.005774783445620768,0.009624639076034613,0.34696819434759624,10410.0,55122.76290427026,896,8792741,13065819,553522,1106423,3049041,3968207,2027618,2746460,1211037,2644818,423996,852770,359807,305013,0,0,1167720,1442128
360,000912,2017-11-08,0.004962779156327368,0.004962779156327368,0.21769655541784758,10569.0,58011.867918459684,1371,19557382,21197635,1253039,1757284,5679663,6331786,3422553,4694527,2973692,3929895,2687911,2107898,2091446,703530,408040,926175,1041038,746540
361,000913,2017-11-08,-0.0015544041450777923,-0.002072538860103612,0.7297730424411525,17343.0,134068.28767560463,699,18384812,8943897,749179,700477,3559562,2867465,3926979,2070181,3198431,1633954,1149960,744820,1409896,0,0,417480,4390805,509520
362,000915,2017-11-08,-0.0020360674810936397,-0.0005817335660268652,0.8175080404474444,20610.0,132892.58374104768,1769,36118614,62683775,535396,1830761,5190645,11961882,5310132,10826941,8252370,10665587,3678063,4869048,4450618,2771837,925423,917035,7775967,18840684
363,000917,2017-11-08,0.06485539000876428,0.06836108676599473,0.19169912488021118,197618.0,973025.9797128008,3552,719642009,1047605782,335026,446597,6749609,8984734,14515075,21230775,30668693,50686773,35751435,46496516,32420544,49512081,25851557,50873988,573350070,819374318
364,000918,2017-11-08,0.0014184397163119478,0.005673758865248235,0.19821476886714717,16932.0,141342.1950436662,1266,41137482,31888848,893671,1056108,5370229,4705007,5142167,4688347,7714022,6702134,10775007,4542810,3100996,2847989,2611170,823590,5530220,6522863
365,000919,2017-11-08,0.004028197381671816,0.00805639476334341,0.4095495538695193,9990.0,70156.90097665435,587,8163333,9093284,678368,737810,2284201,2697863,965102,2231406,816689,1395626,869966,1645514,390824,385065,472944,0,1685239,0
366,000920,2017-11-08,0.0062893081761004055,0.008086253369272267,0.41059352586878745,15708.0,90589.11463220016,734,15686243,14952280,601885,430971,3961967,3799259,2959295,2091749,2203920,3884877,1511005,1490492,990338,2142951,0,449600,3457833,662381
367,000921,2017-11-08,0.024278215223097144,0.03149606299212593,0.2953860784238238,33348.0,162896.8818268449,2665,94302386,122260147,1338393,1339718,13613974,13392286,17161138,18747851,21932732,20468273,11887472,16059514,11032623,9027640,5286422,6594335,12049632,36630530
368,000922,2017-11-08,-0.010600706713780883,-0.004711425206124997,0.31051392026336916,10140.0,47210.42367696278,747,13998352,6625099,724483,808513,3348069,2967588,2914522,1765561,4496440,526278,1449999,252355,654407,304804,410432,0,0,0
369,000923,2017-11-08,0.008627450980392082,0.01098039215686275,0.7348072496078303,12915.0,67734.40509515668,1204,19600501,22954463,797485,879134,5173145,6025035,3926423,4843939,3642929,3789201,2626165,2211741,1492183,2577830,892963,486108,1049208,2141475
370,000925,2017-11-08,-0.006823821339950298,-0.008064516129032251,0.6782836684678585,11221.0,73458.16253644011,564,9983307,7649243,363750,734439,2548729,2411416,2209606,694214,3000898,847713,254718,530531,0,942309,885606,453083,720000,1035538
371,000928,2017-11-08,-0.001388888888888884,0.004166666666666652,0.2113022580226519,10052.0,75807.75062451014,1161,21188226,18053717,1145962,975708,5213956,4255164,3887033,3563424,3749053,3121748,2530866,1101601,677402,2001287,433800,1801667,3550154,1233118
372,000929,2017-11-08,-0.0016142050040356404,-0.008071025020177647,0.5815941958478184,9824.0,124455.25225978777,453,6896384,5817630,550502,430085,1553875,2010530,1012025,772316,1491728,420342,0,0,942104,0,0,0,1346150,2184357
373,000931,2017-11-08,0.012482662968099856,0.01109570041608876,0.23804581015937548,10965.0,57382.732484593835,917,12779010,14027459,969596,849144,4444988,3774941,2629705,2975835,1657424,3620254,276640,821543,1698753,1412992,417894,0,684010,572750
374,000932,2017-11-08,0.012468827930174564,0.021197007481296826,0.1705886996280438,27846.0,228797.86514481631,2215,90881538,94178516,1409831,1670596,9512133,9816392,11841001,13083092,17052475,18327396,10905484,8539401,8704807,7203242,5254092,7409053,26201715,28129344
375,000933,2017-11-08,0.010695187165775444,0.02352941176470602,0.17518436577876817,34218.0,244371.67369817945,2854,139086832,168490049,1381284,1590404,11008181,13726692,13736203,17918961,22617456,24582428,13984317,19491632,13553122,14643335,8143129,10457783,54663140,66078814
376,000935,2017-11-08,-0.000990099009900991,0.004950495049504955,0.3684753893397051,40520.0,165055.31480940577,3007,135785643,133681304,1167037,1097218,17357761,14943476,17505823,18861215,30734135,25642934,19909332,15752638,12867954,9123017,7940677,8353249,28302924,39907557
377,000936,2017-11-08,0.012441679626749691,0.013996889580093264,0.23567240329360156,13000.0,73432.39637547598,744,8944409,14932552,545998,760138,3057528,3356071,2664984,3012717,2001219,2407194,201432,296700,0,672420,473248,402864,0,4024448
378,000937,2017-11-08,0.0,0.0016286644951140072,0.13777246867542545,7956.0,102924.71811184246,1990,54804227,31673700,1826546,1175931,7660149,5083460,4144633,3933063,11169890,7380055,17213373,3525394,3947127,3578239,1742856,1256768,7099653,5740790
379,000938,2017-11-08,-0.01899218869658459,-0.006126512482769297,1.2619850208168872,52672.0,240159.63615298702,2677,172161719,165377254,672745,1070726,9631875,13301145,17525294,17371836,30318463,24521388,20313784,19588538,18652698,11477807,15808653,15140633,59238207,62905181
380,000939,2017-11-08,-0.002008032128514192,0.002008032128514081,0.1492239057771246,10521.0,88147.33679176793,1115,20998594,16158611,859823,957190,4587506,4713907,3637900,2509643,4976942,2023433,4471219,1411358,1060594,739370,1404610,0,0,3803710
381,000948,2017-11-08,0.015097690941385356,0.014209591474245054,0.4309635484225677,11385.0,54558.415918472216,682,9804659,9994700,683687,448948,2876801,3100811,1866867,1971185,1647242,1883014,1722743,923154,1007319,1091933,0,0,0,575655
382,000949,2017-11-08,0.009478672985782088,0.014218009478673022,0.21856052155867065,8480.0,62529.84669192151,372,4272430,6728972,383209,409230,1245737,1234491,966367,1002576,496597,1634371,498644,427999,681876,737076,0,1283229,0,0
383,000951,2017-11-08,0.021437578814627933,0.02774274905422458,0.3148631734065385,21274.5,98570.58219103985,2540,51358860,78489507,1029700,1959332,11616502,14509937,11424787,16691828,13216434,14430684,5098392,7752192,3387652,5889006,2188344,2657988,3397049,14598540
384,000952,2017-11-08,-0.004078857919782464,0.0,0.5718813886589523,13230.0,81389.76117667898,661,13821610,10249684,571451,561369,2925821,2753883,2177323,1962952,2648032,2027860,942788,1399925,360840,368115,873275,0,3322080,1175580
385,000955,2017-11-08,0.028963414634146423,0.024390243902439046,0.22013443880255018,19860.0,111142.24631396715,889,14291703,29211000,477329,667837,2001940,5714429,2673056,6287242,4670361,6392850,2207304,2426196,1338333,638240,923380,414190,0,6670016
386,000957,2017-11-08,0.01857835218093684,0.02100161550888524,0.2634108897924375,26428.5,102334.8943771419,2210,57353898,75253289,1307506,1184659,11455133,11647617,12348693,10873516,15030647,17745371,7228481,9694789,3674084,7205449,2244522,3660975,4064832,13240913
387,000958,2017-11-08,0.00913242009132409,0.0121765601217656,0.17946378567428697,13240.0,88205.40439611784,1341,21722256,29145125,1134853,1435798,5710582,5606680,4465964,5656934,3458355,6635503,3349299,2319963,1630483,681484,450120,1833964,1522600,4974799
388,000959,2017-11-08,-0.0031250000000000444,0.0031249999999998224,0.14100957411600978,9585.0,44598.26547918455,2065,15614051,29195823,1366318,2887742,5709279,12721030,3771248,6022382,2504676,4621160,939114,424934,325380,327040,0,1684530,998036,507005
389,000960,2017-11-08,-0.005617977528089901,0.009129213483145993,0.3164657656848211,28500.0,158608.60724265198,2025,91300571,69105840,1285646,1266712,10271103,10092307,9483549,11019252,16402734,14358311,10946721,12098904,7783414,5231634,5344913,3178511,29782491,11860209
390,000961,2017-11-08,0.009884678747940523,0.01153212520593061,0.16248300144977998,12360.0,128971.84027011368,1397,34778682,35306983,898963,1389460,6174761,5748811,4016153,4759118,4166810,5024193,2923183,4233148,4031933,3529781,1850520,3965516,10716359,6656956
391,000962,2017-11-08,0.004550625711035483,0.011376564277588264,0.2937417936144159,11583.0,52785.61797601546,895,13399092,13252565,766930,1280391,3883153,3890586,3414327,3821274,3268470,2110556,467278,929119,0,342768,472216,877871,1126718,0
392,000963,2017-11-08,-0.014636790748102646,0.0007228044813878398,1.1547173434796587,27500.0,144304.13201150944,2298,75953358,71591047,915892,1288954,9178945,14358747,11573133,12485289,14471529,13512085,7935985,8604316,7768510,3713613,2713400,1326513,21395964,16301530
393,000965,2017-11-08,-0.0015923566878981443,0.0031847133757960666,0.19026439150612418,6935.5,58571.87024829173,1090,14930188,14346065,540717,1196371,4525957,3943657,3557751,2548566,2754602,2613007,1120705,900388,1049468,1327402,0,1314274,1380988,502400
394,000966,2017-11-08,-0.0043290043290044045,0.0043290043290042934,0.19623044134935075,5098.5,125807.28226282694,554,8939487,10719728,578199,402177,1739747,1784470,1422182,1880400,496999,1467156,751353,718021,317155,0,0,464136,3633852,4003368
395,000967,2017-11-08,0.0020100502512563345,0.0060301507537690036,0.30750000644312175,9990.0,86186.7074713029,1047,18031242,14570900,1411123,537348,5066189,2767768,2779664,3020872,3452625,3120359,1816235,1142208,301200,0,1376334,420000,1827872,3562345
396,000968,2017-11-08,0.003919007184846501,0.010450685826257411,0.5299963174438966,15430.0,92272.02055821208,834,11907383,16067439,429553,806983,3405728,6468669,1686082,1694784,1783403,1409034,524813,939378,0,999392,417069,852578,3660735,2896621
397,000969,2017-11-08,0.008333333333333304,0.014583333333333393,0.2874765998676332,16371.0,98542.02879461786,1115,23714598,26160688,1134438,1011214,4910551,5294163,5348916,4770084,4412730,5010372,1639380,2642318,1689788,2176497,1418995,0,3159800,5256040
