,code,date,pchange_whole,pchange,change_std,amount_median,amount_std,length,sumsell,sumbuy,sell_vol_0,buy_vol_0,sell_vol_1,buy_vol_1,sell_vol_2,buy_vol_2,sell_vol_3,buy_vol_3,sell_vol_4,buy_vol_4,sell_vol_5,buy_vol_5,sell_vol_6,buy_vol_6,sell_vol_7,buy_vol_7
0,000001,2018-01-08,-0.021886792452830095,-0.021132075471698042,0.22126616364148063,264915.0,1255533.853770202,3589,1124901289,1129521282,88235,160974,3933104,4351715,11917240,19302763,48319544,63296224,44986345,67954424,51078749,59250709,40492588,53524327,924085484,861680146
1,000002,2018-01-08,0.02506408430646556,0.036172030760467155,0.5863269499641605,287560.0,1322378.0917300961,3591,919265088,1303670641,25586,98594,2605773,5197445,13709756,15902746,36104329,50374515,43268038,57362046,45781260,52790837,47352916,52612285,730417430,1069332173
2,000004,2018-01-08,-0.011683254002596288,-0.009086975335352743,1.0401356285727739,9156.0,38938.501092171115,493,6640982,3470239,502996,494300,2538303,1753286,1165401,688040,757888,249613,1264554,285000,0,0,411840,0,0,0
3,000005,2018-01-08,0.018648018648018683,0.020979020979021046,0.13704781652015902,7704.0,65901.02081411955,981,11140580,14112205,976610,1072111,3505772,3883759,1943429,1778917,2165777,1932517,976632,945231,711640,997434,860720,1757380,0,1744856
4,000008,2018-01-08,-0.008196721311475197,-0.010538641686182681,0.25764265123347085,6744.0,56836.550975541875,1099,17661584,9609806,1322397,1265954,3786419,3605527,2462555,2093856,3942547,1244071,1810708,1400398,2069756,0,839832,0,1427370,0
5,000009,2018-01-08,-0.003973509933774877,0.0026490066225166586,0.15682740268443152,15040.0,110057.09512323496,2321,64545004,50540436,2321018,1584319,11544833,8356773,9532454,8052442,12877142,9774521,8118570,5015991,6426310,5512951,1781952,4010714,11942725,8232725
6,000010,2018-01-08,0.10124333925399642,0.10124333925399642,0.12364612716389962,23001.0,188609.26881069527,2079,63203373,72676100,1321503,1258846,8791763,11102778,9700807,10553112,13620395,12254547,7906318,9537019,5944750,5468541,1774619,1403947,14143218,21097310
7,000011,2018-01-08,0.007323943661971866,0.02366197183098606,0.3426966910771806,36440.0,135787.30384740522,2686,102241000,102673821,1178287,1346237,13291286,12731554,18333852,16300125,23633696,24026028,15283067,15121035,7328243,8890595,4077231,6966558,19115338,17291689
8,000012,2018-01-08,0.012514220705347023,0.014789533560864765,0.1722117946544658,34495.5,253020.7118221717,2610,141039715,158826235,1722716,1679443,11366350,11460701,10689472,12941836,23422896,22226119,18898014,11958640,14336335,14890552,10216856,13757384,50387076,69911560
9,000014,2018-01-08,0.09664209664209666,0.08517608517608499,0.24501371943710204,35100.0,421226.7786580558,2491,176009615,166875032,938476,1484846,10192446,12006757,12912820,12519971,19334279,18854446,16002100,17316704,9447646,9528943,8687686,9964041,98494162,85199324
10,000016,2018-01-08,0.011146496815286566,0.015923566878980777,0.17692348498561866,12780.0,102841.15755243639,1261,28858674,28123050,1472194,753943,5870422,4801366,4277818,3414762,5083112,4833512,2989856,3065474,4490275,3341112,825494,2295425,3849503,5617456
11,000017,2018-01-08,-0.00940438871473348,-0.01567398119122254,0.24058339435876325,6360.0,47623.54019883684,703,9483877,3717259,907399,655901,3005087,1810207,1545925,388843,1708057,597510,641848,264798,0,0,862893,0,812668,0
12,000018,2018-01-08,-0.0031948881789136685,-0.004792332268370503,0.18737013420025422,8694.0,82075.74901658311,1117,18569799,15842685,937406,1125231,4270944,3502667,3286745,2800487,2378172,2938885,1761323,1717497,2670610,1245012,1395417,443300,1869182,2069606
13,000020,2018-01-08,-0.01192052980132452,-0.017218543046357615,0.6140660653235157,10430.0,40107.811155623145,604,9370785,4643668,600656,568091,3018995,2092951,1835503,1163470,2732301,294298,491124,223200,692206,301658,0,0,0,0
14,000023,2018-01-08,0.0251781472684085,0.009026128266033107,0.6872359295682322,17096.0,74135.47143043717,938,19431988,18141802,631280,702393,4632511,4423169,3888733,3790919,5179462,4110340,1806606,2072401,359856,689430,487600,860260,2445940,1492890
15,000025,2018-01-08,-0.0012820512820511665,-0.0035897435897436214,0.8816448139098099,19505.0,94211.47975692325,1957,55282234,36029775,1231828,1643170,9568294,9829346,10415338,10367695,11124733,6956243,8077673,2928173,5918693,779782,1324361,1661166,7621314,1864200
16,000026,2018-01-08,0.01608579088471851,-0.003574620196604039,0.4884909058679283,11150.0,53633.58045412099,524,8749171,4483278,774507,212049,2922916,1726189,959489,1120596,722842,930507,1305508,493937,714303,0,840710,0,508896,0
17,000027,2018-01-08,0.0016181229773464256,-0.004854368932038722,0.18558171392461398,4928.0,69485.77151180612,1109,18421519,8291374,2034951,573001,2808372,2187587,2641491,1969860,3286685,2536672,1028712,619234,1364277,0,411250,405020,4845781,0
18,000028,2018-01-08,0.0045090180360720655,0.0,1.5872614927249855,12062.0,118103.5725217778,1423,23443899,34312495,1476069,1459210,5497232,9608458,4755268,4211063,4622616,4303492,1857010,3374059,1774715,1024825,416710,942765,3044279,9388623
19,000030,2018-01-08,0.011070110701107083,0.007380073800737907,0.22601627561690607,5733.0,59008.502019715845,1294,12998735,17005622,708401,2733760,2936741,3993368,2545604,2068340,3613108,2767165,1514385,757680,731943,1062332,416853,2256886,531700,1366091
20,000032,2018-01-08,-0.0009652509652509078,0.0009652509652509078,0.4135465117404196,7280.0,50530.863760922446,627,8305970,4980593,712144,557138,2460753,2217694,1412406,1046999,1564279,762629,208000,0,666734,396133,0,0,1281654,0
21,000036,2018-01-08,0.013000000000000123,0.02499999999999991,0.1753356191837909,94209.0,497432.5755949614,3265,331919397,413339840,738778,675594,9335671,11909103,15666199,22513563,28980752,46947509,36574668,41549483,30855565,40288030,25690506,32814999,184077258,216641559
22,000037,2018-01-08,-0.01673640167364021,-0.019525801952580135,0.38406733544991606,7744.0,75257.15996329964,348,7355164,2489910,335583,433665,1390625,1058207,484785,416854,909029,581184,1184766,0,784000,0,498400,0,1767976,0
23,000038,2018-01-08,-0.014071294559099501,-0.017354596622889407,0.5484207850902776,20850.0,73029.03588196522,1512,37766465,25382102,760436,1029449,9292945,7252245,6712773,5263054,6988610,6665617,6661278,2577485,1967743,1003486,2113440,436809,3269240,1153957
24,000039,2018-01-08,0.03273542600896873,0.02690582959641241,0.41125889748448435,45800.0,359307.8440210017,2943,166650125,247124951,1329071,1065691,14372846,12544961,16225195,17970724,26206130,28253358,21342206,23305278,14817644,13371882,12274231,13936773,60082802,136676284
25,000040,2018-01-08,0.02172338884866032,0.008689355539464039,0.45018603856509715,18096.0,82887.77505902381,941,7195805,23205341,309628,1172644,1764801,10500751,1502992,2444087,1494041,2468161,708569,2204301,365570,643992,441384,414300,608820,3357105
26,000042,2018-01-08,0.08203991130820398,0.059312638580931276,0.4557076463829564,16857.0,159887.71396399953,1572,38673474,61605882,1581217,1524695,5082664,7267471,4172091,7457997,5209731,10713523,3707942,5432050,3991963,7367535,2983138,1739644,11944728,20102967
27,000043,2018-01-08,-0.001984126984126977,0.001984126984126977,0.31201804102231173,13195.0,104621.37996006715,1044,31689227,21986209,925636,646336,4451848,2984464,5416213,2966351,7921414,4788887,3777881,2722876,2040746,1787192,408834,2180841,6746655,3909262
28,000045,2018-01-08,-0.0029821073558649047,-0.005964214711729698,0.3329829189130448,15044.0,58542.0592532001,913,17956564,9186269,825118,910628,5627709,3296460,2651927,2993711,4031076,716304,2009728,714286,1383087,0,0,0,1427919,554880
29,000046,2018-01-08,0.03192848020434225,0.04342273307790556,0.2069762370728263,15314.0,173855.48601329472,1433,36330991,47894370,1341271,1328218,5240170,6260295,5136361,6665558,6388889,6657300,3695483,4464098,3141877,3191861,2689661,2261561,8697279,17065479
30,000048,2018-01-08,0.022893326838772543,0.009741841207988378,1.1287816965460153,12213.0,48847.10834944081,330,4433628,4599351,302883,212580,1857786,1291756,918998,1041413,1143174,471494,210787,911740,0,670368,0,0,0,0
31,000049,2018-01-08,-0.014020912547528463,-0.016397338403041806,0.8836992252410178,24894.0,90584.58915296986,2269,77783618,39098599,1793907,1340590,13601611,10698600,15702380,8446643,23591869,7963893,8428575,2664228,2807075,1682747,3869791,2540531,7988410,3761367
32,000050,2018-01-08,0.03762074224707668,0.026944585663446707,0.35169118825973555,50475.0,271180.1603689993,3132,130660689,196860673,489481,1755547,9187545,19950941,17536482,32880382,24674249,38291869,18592169,22869190,11024909,10857966,7800008,8521669,41355846,61733109
33,000055,2018-01-08,-0.007849293563579218,-0.009419152276295195,0.17759999999755624,12550.0,75011.54586822916,1288,26924129,15898364,979332,1325438,6914832,4569636,4484613,3954933,4377179,2684267,1145367,477929,2301860,1776623,926550,499408,5794396,610130
34,000058,2018-01-08,-0.002680965147452974,-0.004021447721179627,0.2447152427806379,7450.0,53820.570283699126,929,13214170,8672497,845544,1142943,3822048,2874746,3157911,1857272,2274420,1572366,1447490,425525,394295,0,0,0,1272462,799645
35,000059,2018-01-08,0.017773620205799867,0.020579981290926197,0.20055464599425282,45906.0,269109.2339514804,2845,211572784,175758929,968598,720254,17943463,7879244,18012959,11820825,30142320,24246354,26818164,23137957,17357421,14865315,13395953,14760086,86933906,78328894
36,000060,2018-01-08,0.030330062444246186,0.031222123104371002,0.19965798337724727,70821.0,417852.7274155332,3157,258626357,363706122,907242,888382,12405561,10614624,15446436,18379092,36716148,36729169,27356490,30709296,26075552,30832494,16680814,26649740,123038114,208903325
37,000061,2018-01-08,-0.016311166875784155,-0.0175658720200752,0.21105357976589267,7860.0,97066.64641154975,1427,31445493,21035023,1928092,935686,5399698,4226980,4874046,4003517,4610343,3506190,4048442,1783610,3193649,1456095,2242844,1276529,5148379,3846416
38,000062,2018-01-08,-0.007499999999999951,-0.006249999999999978,0.8115158523719578,9560.0,103576.64945158684,874,20823641,9491414,1068815,568164,3880896,2789181,2450852,2651945,2824911,943721,2846302,1240907,660351,0,0,0,7091514,1297496
39,000063,2018-01-08,-0.011944444444444424,-0.021666666666666723,0.6003492790652939,420454.5,1678490.9120284428,3596,1525194533,1534782291,24597,10552,2246290,1693634,9176150,9346565,36456484,45870366,43683322,60933964,47164238,65801898,46945060,61890126,1339498392,1289235186
40,000065,2018-01-08,-0.0037253858435337683,-0.00851516764236293,0.4956270647651837,16731.0,73525.32188380498,1437,25906564,20619609,1612092,925354,7369488,6760124,5474842,5302421,3300517,3883896,2197370,1633749,1710609,1405455,409200,0,3832446,708610
41,000066,2018-01-08,-0.015341701534170249,-0.02092050209205021,0.1365756835852517,23885.0,261995.53410973292,2762,155464311,102778984,2140258,1572549,11170958,12236178,14305825,11618751,19150065,18552287,15227728,10174998,14236275,12750877,10997450,4934547,68235752,30938797
42,000068,2018-01-08,0.009225092250922495,0.007380073800737907,0.19336339950820702,5729.5,67495.89707318431,786,9919196,11549832,696730,457130,2630863,1819255,2390411,2692829,1527385,2727141,569095,1247857,375912,741278,409904,0,1318896,1864342
43,000069,2018-01-08,-0.001052631578947305,0.012631578947368327,0.16074447545870774,107580.0,610146.4883723061,3513,495842394,515793981,633224,548533,12124851,9833442,24053543,20699535,46857734,42719375,35505344,35838355,40342219,33615248,34984935,23202322,301340544,349337171
44,000070,2018-01-08,-0.015608740894901052,-0.018730489073881307,0.27558396575200256,7544.0,46852.9805869148,1216,17085990,7493872,2614151,901458,4674122,3480506,2598902,1497939,3168553,1055176,741248,254204,684150,304589,831229,0,1773635,0
45,000078,2018-01-08,-0.008196721311475419,-0.00983606557377048,0.14221525666438078,12060.0,191316.76662979493,1843,53626053,50645457,1488984,2087486,6182680,6485934,6213213,4779555,13448757,9316628,3498728,4866661,2728797,3779527,1422998,1279809,18641896,18049857
46,000088,2018-01-08,-0.007462686567163979,-0.008706467661691475,0.24019178239868927,15840.0,95506.56642200069,1121,28763683,22002772,974436,1033108,5492045,4633440,5746598,4691408,4236885,3180253,2502168,3314172,2829915,1359530,1251668,872868,5729968,2917993
47,000090,2018-01-08,0.006517690875232907,0.017690875232774683,0.2122886748691075,18666.0,161708.75671983155,2565,76729084,95075125,1544219,2165451,14499352,8770785,8913215,8359031,15416850,19663752,8633582,10721090,7481758,6521548,5292806,6434680,14947302,32438788
48,000096,2018-01-08,-0.007320644216691097,-0.010980966325036645,0.5796709768138122,8232.0,42456.303454390945,555,8360866,2901789,656512,601836,2503916,1528807,1621421,669821,1626943,101325,697078,0,712310,0,0,0,542686,0
49,000099,2018-01-08,0.011652542372881491,0.005296610169491567,0.22959712139678315,9560.0,115039.15641941248,1694,32726216,16496847,2008576,1549464,7412246,5416341,5604429,3688243,5404946,2749559,1998712,1555620,960630,300832,1420463,0,7916214,1236788
50,000100,2018-01-08,-0.010204081632653073,-0.015306122448979553,0.06884696829965842,33690.5,328169.3334619948,3274,200703566,160565387,1167623,2546268,12622070,15859352,18657415,17962166,32909523,25362389,20207287,16951017,15910373,11134332,9161952,7532913,90067323,63216950
51,000150,2018-01-08,-0.0036654448517161597,-0.0009996667777407708,1.3330248186894744,8979.0,97954.99329625804,506,3569160,9572452,392334,907513,1334265,2290036,948157,743436,321252,1326902,239280,503595,333872,384128,0,0,0,3416842
52,000151,2018-01-08,-0.002336448598130758,-0.006230529595015577,0.42228761468895415,14762.0,74495.75517442475,924,21962711,10700475,650310,676691,6056260,3276932,4719311,3258452,4266382,2172132,1626720,461275,772892,367073,432820,487920,3438016,0
53,000153,2018-01-08,0.021818181818181737,0.014545454545454417,0.2945589527919278,9888.0,74905.10120608479,784,12777104,13378933,1057449,723053,3362293,3300138,2477296,1834777,2115228,2657106,887511,1143531,0,2074109,1268607,442323,1608720,1203896
54,000155,2018-01-08,-0.0015873015873015817,-0.0031746031746030523,0.12642749375766582,25360.0,169777.2803907796,2489,114554139,86945269,1747262,1454546,12085018,9385839,14085007,12135464,17726023,16526365,14612267,9838376,11702825,12830414,4121899,6137881,38473838,18636384
55,000157,2018-01-08,0.021929824561403688,0.026315789473684292,0.08100678014369503,39732.0,346521.7705320757,3189,176429305,237678198,1606793,2099289,12080954,14618032,17225372,23038752,26306355,29427210,15081021,23019722,8621751,13902034,10957083,11972109,84549976,119601050
56,000158,2018-01-08,-0.003618817852834688,-0.004825090470446214,0.2347369004912335,20775.0,97354.44727263418,1248,34604607,30341229,1058838,821188,4803656,6733521,5858082,5140370,7970653,7192069,3513231,3940244,3679540,2464222,2273847,1730812,5446760,2318803
57,000159,2018-01-08,0.0,-0.003663003663003539,0.2375073823220742,10820.0,42565.93341204621,528,8547599,3976821,463176,502699,2534358,1793121,1875916,1213126,2060346,467875,749803,0,324000,0,0,0,540000,0
58,000166,2018-01-08,0.009345794392523477,0.007476635514018781,0.10626129268395894,15514.0,207725.92281854575,2544,78572855,80596640,1919744,1959916,12071886,9791822,9044411,8970751,10446082,9628112,5035712,8708371,6720693,7229684,4088543,3605365,29245784,30702619
59,000301,2018-01-08,0.07564575645756455,0.07749077490774914,0.12967850423129174,23360.0,164990.2962612809,1752,52958460,71857751,1229532,1047389,8586111,6931474,9530851,8505716,9532561,12317043,5726638,8389189,3430943,5728022,1764482,4493870,13157342,24445048
60,000333,2018-01-08,-0.0006932409012132545,-0.010225303292894394,0.9640136810672695,283073.0,680266.7259976587,3585,829225291,827578329,86338,71637,3813967,2727457,15449154,12796800,49791943,40793416,63911973,54830768,71173110,63735920,51818235,51941492,573180571,600680839
61,000338,2018-01-08,0.0481220657276995,0.03755868544600949,0.14312117608640296,113403.0,575753.5593685905,3552,365229951,597081254,410134,685743,9181220,13468601,20976718,25503174,42842144,55699300,40096554,51285007,39952001,39649320,25918702,32710147,185852478,378079962
62,000400,2018-01-08,-0.001491424310216205,-0.002982848620432632,0.30703168382560364,13315.0,129145.76095285767,1908,46384124,48989816,1692671,2403692,6098822,8821584,6834716,8319464,6483818,7156292,6006632,4687356,3886127,5130013,2594815,2591436,12786523,9879979
63,000402,2018-01-08,0.00679694137638065,0.02039082412914195,0.20387265839305915,62920.0,396390.3577396422,3341,303768546,336182714,1233067,1210480,12039213,11366779,17754301,17966969,33863103,36504080,30118126,30478384,17735988,28052246,20135643,20975610,170889105,189628166
64,000403,2018-01-08,-0.007023411371237409,-0.0036789297658862408,1.6363872008724851,25071.0,105094.35884016326,333,13245144,6595140,186161,231804,1844513,1470708,1553686,1806162,1990483,1529681,1757515,1556785,2141911,0,472717,0,3298158,0
65,000404,2018-01-08,0.011128775834658322,0.004769475357710773,0.28305197357114653,15774.0,113198.00619584134,493,15490373,9996873,455767,308688,2339342,1910487,2153366,1554603,2181643,2073974,1232748,1770886,2135750,1935835,1315142,442400,3676615,0
66,000407,2018-01-08,0.010322580645161228,0.006451612903225712,0.24432754077210492,8160.5,89048.70975174218,1006,16011886,17150961,644988,1229635,3411485,4322787,2200510,2952191,2394235,3027098,1444621,2095201,1737212,2116872,881849,0,3296986,1407177
67,000408,2018-01-08,-0.0010449320794148065,0.002089864158829613,0.3837450526811842,60139.0,287566.3051360041,2489,161338913,179729060,1041349,981112,10010303,9672406,14791835,18552434,29628674,33178523,21128958,19246714,17122366,13534000,8491294,11819633,59124134,72744238
68,000409,2018-01-08,-0.009900990099009799,-0.01650165016501648,0.1656490881515365,7761.0,54496.39273575003,1340,20670586,12385020,1648961,1044436,5527883,3889949,4167919,2799979,3741408,2971929,1612050,980138,1276990,0,895519,0,1799856,698589
69,000410,2018-01-08,0.0009606147934677622,-0.01056676272814594,0.259883631173127,20440.0,115295.64919519985,1605,52145281,34891081,1024180,959375,8035213,6578966,7792755,7349858,10251380,8112528,5999016,3736153,4389006,1073141,2706998,1343452,11946733,5737608
70,000411,2018-01-08,0.00899100899100902,0.00899100899100902,1.350069512252275,12036.0,117715.1239218218,219,3442766,5183096,237588,88286,1277036,606011,341367,688278,686418,1167291,0,0,0,0,900357,445720,0,2187510
71,000413,2018-01-08,-0.0020920502092051096,-0.004184100418410108,0.17003351105683615,42020.0,226863.8991224486,3165,196264694,138950462,1514366,1556602,17319233,13677179,25906013,17026064,36790809,24956724,21621329,17586666,15291552,6878551,11672170,7392762,66149222,49875914
72,000415,2018-01-08,0.0016694490818029983,0.0033388981636059967,0.13294759005998205,9632.0,101457.6225762314,2035,31964783,37134007,1570400,1464491,6524633,9693914,8563689,6156322,6508361,5110351,4351532,1987771,1938094,1033337,0,956737,2508074,10731084
73,000416,2018-01-08,-0.01482479784366586,-0.020215633423180668,0.3174148664866816,7340.0,84316.7713268427,546,10026521,4136168,508551,613633,1968152,2156745,2153634,1188165,890694,177625,1081192,0,333882,0,0,0,3090416,0
74,000417,2018-01-08,0.013749999999999929,0.013749999999999929,0.21423524326326587,9684.0,89520.88595323896,1395,19169357,32640474,3468324,1156206,4359526,4789574,2828819,4659789,2562570,4229529,2826547,4342330,1093637,2968602,830331,3446523,1199603,7047921
75,000418,2018-01-08,0.004576659038901587,0.01113653699466055,1.7214220902067003,19931.5,128028.49504061733,1450,40809055,46866831,1095455,907874,6217395,9249317,6908090,6956985,6928189,4972652,3561755,3570536,4052075,6394564,1337389,3598018,10708707,11216885
76,000419,2018-01-08,-0.012965964343598091,-0.011345218800648316,0.2284376394360255,6120.0,53408.38614061401,729,11416045,4215959,2435964,304062,1828182,1564474,1929147,881809,1739840,517262,1162216,240220,611261,306500,429800,401632,1279635,0
77,000420,2018-01-08,0.0,-0.0031250000000000444,0.10023525632021633,8050.0,86366.21878536888,1022,16301516,15463139,969905,1030978,3124828,4281504,2834943,2436441,3202660,3122077,268598,722345,2587206,1013520,447876,0,2865500,2856274
78,000421,2018-01-08,-0.006329113924050667,-0.009493670886076,0.2807526380554493,7517.5,45191.16794423144,506,7856501,3933899,490543,613315,1968993,1720111,1654052,1138115,1463838,231733,1168350,230625,1110725,0,0,0,0,0
79,000422,2018-01-08,0.0023474178403755097,0.0,0.15036444000582058,8056.0,87139.31323840609,803,13658191,9128244,854636,568653,3639102,2062333,2270734,1250251,3131514,647174,1783745,2602333,980760,0,445200,0,552500,1997500
80,000423,2018-01-08,-0.00031847133757956225,-0.002547770700636942,1.213091909202991,37482.0,178219.46007667237,2680,122728339,88452498,784609,1169184,20325795,12939606,18751226,16391753,20049650,17496311,13623698,8500224,11035247,6345850,8179629,2563932,29978485,23045638
81,000425,2018-01-08,0.023060796645702375,0.014675052410901612,0.07996417975846157,113278.0,689997.8538460927,3584,509590528,622099283,559830,415674,12635053,11711212,23907169,23866662,44706108,43808783,40327910,45158218,34978693,39738330,23090124,29233170,329385641,428167234
82,000426,2018-01-08,0.05940594059405946,0.06930693069306937,0.18841665331195903,49882.0,397415.36712399026,2888,228438278,265229104,1111519,1338352,8954151,10595437,12246175,14633713,24494315,26604496,23474502,24868723,18144286,27184257,19581670,18141518,120431660,141862608
83,000428,2018-01-08,-0.007159904534606243,-0.009546539379474916,0.19984201500909302,5824.0,42146.03637980687,439,6281276,2725664,577645,411105,1757506,1018253,1058467,797003,1034787,298375,1157477,200928,695394,0,0,0,0,0
84,000429,2018-01-08,-0.0012135922330096527,-0.0024271844660194164,0.23061099630631926,4115.0,65078.929967383985,1277,16474521,12524500,1274761,1101432,3470601,3276954,2741069,2272996,2434320,2080129,1366078,1463434,989923,354783,411454,1264484,3786315,710288
85,000430,2018-01-08,-0.0011467889908256534,-0.0011467889908256534,0.5051867852049126,8660.0,26864.84367219291,297,3196770,2128510,323719,497024,1284500,1026222,712363,473480,876188,131784,0,0,0,0,0,0,0,0
86,000498,2018-01-08,-0.008474576271186529,-0.016949152542372947,0.15700507335041622,10440.0,71525.35624697185,2036,39393408,19651058,3631619,1023286,10434152,6529681,7897608,4453506,4527648,3460112,2962514,2571765,2270340,302325,1352772,0,6316755,1310383
87,000501,2018-01-08,0.0113840623127619,0.012582384661473878,0.4192771339927969,11829.0,85011.21963797622,1585,32100126,36334729,1394146,1469533,5558459,6283043,5836828,6763134,6513107,9173271,4613903,4568050,2018442,2013244,921609,1745566,5243632,4318888
88,000502,2018-01-08,0.0035242290748900285,0.0017621145374449032,0.48652968789719464,8469.5,43577.78528345674,544,5289259,5496911,469876,567840,1708581,2086160,1206041,1151572,514915,1010339,440030,0,391816,681000,0,0,558000,0
89,000503,2018-01-08,-0.021420256111757907,-0.015133876600698648,0.9382901215374595,42330.0,402602.8975641936,2099,171610658,125508480,1478637,1332421,14020446,7000524,11368363,10249959,18173218,11186813,13463595,12147224,7961506,7267613,8510029,8469016,96634864,67854910
90,000505,2018-01-08,-0.014689265536723006,-0.011299435028248594,0.26777735827001986,8780.0,53557.18524472471,1093,15597153,13135307,1271648,1299669,4579606,4146849,3654334,1960945,3498196,2390887,1485564,1108816,703926,951437,403879,441000,0,835704
91,000506,2018-01-08,0.013020833333333481,0.01953125,0.27301007865183596,7830.0,46020.97536012798,791,8330316,10601484,750873,825180,3060799,2728860,1753972,2772998,1188550,2878914,509777,276138,1066345,705716,0,413678,0,0
92,000507,2018-01-08,-0.008645533141210415,-0.012487992315081686,0.2040970681997346,29884.5,194440.74750680805,2604,114357600,90596593,1114193,1268433,14802415,11828405,13996491,13402174,22053476,20335679,15337916,9601796,9205600,8849079,7812501,4542074,30035008,20768953
93,000510,2018-01-08,0.009411764705882453,-0.007058823529411784,0.24336340599962156,16900.0,57397.88317870048,1220,18903812,31757307,739051,1392956,4304461,6116746,4663033,8530698,5508559,11298290,1852698,2666838,1019092,1302311,816918,449468,0,0
94,000513,2018-01-08,-0.0029378847229996063,-0.016368214885282617,1.3054011887500026,63027.0,211075.4677814054,2999,204911646,158636420,1064128,968468,14712694,12977598,25821515,19284469,36465367,30712261,23761228,20382075,20523902,17435472,16375969,11785365,66186843,45090712
95,000517,2018-01-08,0.0475000000000001,0.0475000000000001,0.12877961169630459,20950.0,768271.5507796131,966,137785766,66161512,1329068,0,6271210,56418,5090841,142955,8951030,1797999,7398859,2108582,6452420,3530143,7146936,3069180,95145402,55456235
96,000518,2018-01-08,-0.00723589001447178,-0.00868306801736618,0.2778272542630034,6870.0,51501.16180468493,618,9652182,3306712,806232,435750,2660095,1369143,1165578,628816,1530366,224467,1010298,648536,1073199,0,892600,0,513814,0
97,000519,2018-01-08,-0.013078470824949617,-0.013078470824949617,0.20274354895316118,21692.0,131223.0015962606,2406,78273610,58878540,1861556,2042985,12089049,12038850,12087867,11353769,16559656,14443239,7806056,4936169,2745034,3864126,2662860,2730011,22461532,7469391
98,000520,2018-01-08,0.009638554216867545,0.009638554216867545,0.11827046790074378,11245.5,126632.18974653102,1234,25296480,28725933,1094210,1120668,4836251,5478972,3641891,3172841,4038589,4572205,2779212,4604471,707520,1340423,2661068,923540,5537739,7512813
99,000521,2018-01-08,0.0019157088122607746,0.0,0.23858015757399526,7845.0,54727.56831921356,478,7023398,5641065,529822,293122,1690480,1522538,2091174,1397184,1326363,1313288,744208,244184,0,346749,0,0,641351,524000
100,000523,2018-01-08,-0.016786570743405393,-0.017985611510791366,0.3215769467808488,12270.0,50170.20381518757,672,12332331,7801131,858350,549428,3699594,2520237,3214785,1301832,2538300,1270386,1702672,654325,318630,690360,0,814563,0,0
101,000524,2018-01-08,-0.010389610389610504,-0.007792207792207795,0.4317845866719836,3456.0,32211.59445246152,715,4727335,5780283,329168,930368,1497597,3892002,831165,417717,834263,261792,777142,278404,0,0,458000,0,0,0
102,000525,2018-01-08,0.0030527692978630228,0.003924989097252585,0.5729897837828968,27300.0,181989.25130509306,1603,62380664,71787038,1097546,837224,7799799,8182231,7605472,6572660,10408389,9727373,7758358,8742318,1690337,3786117,3054877,6955456,22965886,26983659
103,000528,2018-01-08,0.024165707710011697,0.020713463751438344,0.16330570125825594,25607.0,160762.66464711,2839,92787291,111678565,1667962,1424769,16111223,14876228,12101323,15895680,15157530,19540835,9965748,14966877,10011863,11669314,6697860,4120532,21073782,29184330
104,000529,2018-01-08,-0.008474576271186529,-0.01836158192090398,0.27825533928506824,6990.0,56336.858411279885,647,12438808,4237654,1241824,431147,2331190,1405468,2543417,1144247,2456289,1046792,1141390,210000,701344,0,851514,0,1171840,0
105,000530,2018-01-08,0.0017391304347824654,-0.008695652173912993,0.14973234431997062,8512.5,93240.65342225978,1476,33173341,22359429,1492049,846487,5810792,3707906,5454606,3973023,6230898,3598987,3027285,2959769,3946895,1421755,2274172,1775802,4936644,4075700
106,000531,2018-01-08,-0.0012345679012345512,-0.004938271604938205,0.407623164304244,11298.0,53224.86141387978,394,7891912,3371159,478492,341153,2613035,1343634,1405459,615179,1448240,441202,706123,212255,357864,0,882699,417736,0,0
107,000532,2018-01-08,-0.004681647940074751,-0.0074906367041198685,0.4880760993345389,11632.5,50631.84686864899,478,8289125,4318296,360251,380484,2980975,2026473,1766256,867984,1004327,1043355,715180,0,325864,0,0,0,1136272,0
108,000533,2018-01-08,-0.0038498556304139564,0.0009624639076033503,0.5476638627680676,5180.0,51657.1964877028,359,4404640,2566291,149057,646645,1264994,498526,879881,321692,1489708,348231,621000,0,0,0,0,0,0,751197
109,000534,2018-01-08,0.010108303249097617,0.0036101083032491488,0.7233556891835052,6942.5,40488.485472700006,366,2308032,5186772,264456,442770,993548,1323105,353560,1372125,446628,1038457,249840,1010315,0,0,0,0,0,0
110,000536,2018-01-08,-0.01041666666666663,-0.012499999999999956,0.12677473837084136,2375.0,113193.29856233665,1436,31107839,13159888,1664553,712793,4190945,2731151,2443981,2627373,3959933,3600667,2162626,2508611,1723983,332248,2732188,0,12229630,647045
111,000537,2018-01-08,0.0226789510985117,0.020552799433026347,0.2866408966492616,28600.0,253874.00359620477,2436,129177337,160200254,1284977,2264665,9541720,8270103,12601363,10537297,16544131,18061431,17160918,12075960,8315893,11953483,12357747,8720904,51370588,88316411
112,000538,2018-01-08,0.027695351137487778,0.02472799208704246,2.0186160995447024,51920.0,381564.23868704354,2512,132353286,215708868,1527,6199,9563551,13254426,19432269,14764609,29421443,26666120,13352331,12986046,8499121,11811102,5466094,20903643,46616950,115316723
113,000539,2018-01-08,0.0,0.0,0.2797041851701089,9760.0,51400.60744913677,306,5001739,2706280,314956,320973,1572384,883541,1178261,480724,882304,218582,519357,802460,0,0,0,0,534477,0
114,000541,2018-01-08,0.018438177874186445,0.01626898047722336,0.21030280991813952,15639.0,173011.39875839977,1923,37052069,59331529,1066390,2162614,7717770,9803708,6283990,8568139,7731847,12533777,5027129,6979128,2813406,4669378,902067,3160888,5509470,11453897
115,000543,2018-01-08,0.003883495145631022,-0.001941747572815622,0.16022665621938045,5120.0,80115.0421131451,1034,14105151,12024884,1153409,1237538,3288545,2399776,1722321,1621972,2380190,1059342,1592930,1384191,675396,702597,1340310,405013,1952050,3214455
116,000544,2018-01-08,0.01810865191146882,0.0046948356807512415,0.5917445418104771,10485.5,45376.295787447954,634,7527678,8476728,620265,694929,3242049,2517958,1550211,1801697,1643003,1513769,472150,964375,0,0,0,450000,0,534000
117,000545,2018-01-08,0.015503875968992276,0.019379844961240345,0.12194077574377821,15600.0,118922.5139893176,1794,33061350,57887853,1304621,1381223,8145673,7224970,6531712,7357300,6542373,10627353,4391573,9928687,2151965,4078766,897439,2332228,3095994,14957326
118,000546,2018-01-08,-0.01828571428571435,-0.025142857142857244,0.4567473695049442,16930.0,137283.38246188668,1469,50065383,22858518,1467036,954572,7345802,6027509,6044930,5731539,6499998,5064157,3040631,2355048,4206486,340400,2238880,0,19221620,2385293
119,000550,2018-01-08,0.011997600479904058,0.007798440311937549,0.5033885920351008,13508.0,79439.48283220307,1096,23143820,14345080,1065705,1137286,4995246,4088368,4845976,3947218,4721675,3530262,2114445,922138,375755,719808,0,0,5025018,0
120,000551,2018-01-08,-0.007177033492822837,-0.007177033492822837,0.4144778904448304,7455.5,37408.543166624855,406,5137375,3905373,282793,906018,1401587,1458719,1150938,631511,1244013,687222,1058044,221903,0,0,0,0,0,0
121,000552,2018-01-08,0.01933701657458564,0.022099447513812098,0.07194261553356628,7843.5,167400.89241802087,2554,42870253,72705974,1775838,2367215,7553869,11509714,4684367,6663813,6911440,8936917,4031028,4949567,4281394,5011673,419803,2254899,13212514,31012176
122,000553,2018-01-08,0.028606208155812496,0.021302495435179702,0.3502865899506361,24517.5,99830.59275898738,2202,60150878,65799241,998021,2041572,8646822,14669106,6607397,12932708,14770747,15527179,8200839,7216219,10121551,4151905,2734850,2655053,8070651,6605499
123,000554,2018-01-08,0.004672897196261516,0.001168224299065379,0.21802284425392213,17180.0,97720.19754233923,1543,47672739,35390784,1228156,1265543,7163130,6585662,6755602,6196070,7639694,9074667,11297033,6147150,2421138,1354212,3943403,1352776,7224583,3414704
124,000555,2018-01-08,-0.010586319218240936,-0.01140065146579794,0.31634127216717034,14580.0,97262.45462818649,1507,36267572,20974117,1423009,1104893,7922627,7235048,6700963,4803958,6772393,4553860,2110911,2523143,1933817,317275,1254716,435940,8149136,0
125,000558,2018-01-08,0.003883495145631022,0.005825242718446422,0.13469879335122348,11506.0,66059.3505781204,1464,23104947,26369481,1157015,1253340,5727673,6420753,5719766,5441037,3020165,7435084,1978072,2991782,1692900,1265199,2262409,473400,1546947,1088886
126,000559,2018-01-08,0.006012024048096087,0.007014028056112176,0.21683122872552976,14126.0,120758.84699805446,2120,47900354,59044914,1337354,1323695,8608573,11154577,7754668,7416774,9071049,12728434,7333041,5496249,5670253,5537625,1867512,3002595,6257904,12384965
127,000560,2018-01-08,-0.006091370558375719,-0.006091370558375719,0.2307443545960112,19620.0,88428.90948464691,1824,49780216,35694153,1726038,1537260,9433772,8032049,9186897,6445870,12139139,9910351,6245638,3721519,4190247,1370276,3142278,1386923,3716207,3289905
128,000561,2018-01-08,-0.009153318077803174,-0.006864988558352492,0.2991525224352575,8670.0,59563.56456055725,853,10826241,6059839,1102908,962980,3220037,2237817,1624750,1928742,2001499,590912,471324,0,986646,339388,0,0,1419077,0
129,000563,2018-01-08,0.006993006993007089,0.004662004662004504,0.10561423211104884,6375.0,108306.4029213016,1655,29433217,26885956,1321929,2231766,4906427,5644270,3201087,3136137,6165175,3778924,2486164,4334609,695208,1674129,490320,825814,10166907,5260307
130,000565,2018-01-08,0.007957559681697646,0.009283819628647327,0.24845367686309563,11400.0,53411.386530949996,921,15932158,10951192,914732,977391,5009764,3120724,2712708,2827216,2549925,2526559,2286318,1191960,938186,307342,855370,0,665155,0
131,000567,2018-01-08,-0.014227642276422814,-0.005691056910569148,0.7378765255484355,12310.0,160817.4217721216,1118,22389483,28545363,710689,1508979,3283921,5233997,2607288,3506087,4057210,3732118,1915976,1980450,1401954,2875345,1427751,467585,6984694,9240802
132,000568,2018-01-08,0.008100147275404979,0.004418262150220897,1.204112570042094,76526.0,427571.66817572195,3181,315461650,322391976,1055984,642225,15782521,9472095,19307042,13859271,39786825,31381772,30274287,35863704,28886112,34073400,24835625,31878836,155533254,165220673
133,000570,2018-01-08,0.003478260869565153,-0.003478260869565153,0.3039724440759829,5740.0,36091.30551867411,357,4580469,1735405,415643,268370,1479303,907982,1017313,437365,414800,121688,902729,0,350681,0,0,0,0,0
134,000571,2018-01-08,0.015985790408525657,0.01243339253996445,0.16994858816526706,6237.0,45517.44388015435,1098,9328263,15620139,1503589,857128,3646610,3343475,1661397,3483095,1842476,3081785,674191,3321072,0,986752,0,0,0,546832
135,000572,2018-01-08,0.01070663811563155,0.008565310492505418,0.1211226862152913,9360.0,118125.45923111458,1491,27934251,29222298,1449861,1302604,6260783,4579595,6307915,4469134,5341709,4605140,3239994,3142957,1983304,2493574,889087,1344274,2461598,7285020
136,000573,2018-01-08,0.022357723577235866,0.028455284552845406,0.14085037443733897,12750.0,56477.234489746224,1222,17684783,23013214,864621,1017617,5099775,5166327,4903875,5990138,4041050,5658619,1777498,1688960,997964,1360430,0,421514,0,1709609
137,000576,2018-01-08,0.0005882352941177782,0.0011764705882353343,0.9916210909566949,5091.0,207426.24691165783,293,6443199,6148551,231265,336121,780381,496131,492996,731896,541957,139400,0,1481794,0,383973,0,910820,4396600,1668416
138,000581,2018-01-08,0.015447154471544655,0.013414634146341475,0.43743330923065155,67323.0,292975.0699438452,3163,207450385,270798791,617660,509426,14045376,16675994,23976827,29387689,32307236,40274287,25302925,31099389,19231400,19578319,16138897,19398026,75830064,113875661
139,000582,2018-01-08,-0.015670910871694477,-0.020568070519099035,0.29465504472448706,10967.0,86254.61989207313,1201,29256272,12828034,1089304,1402696,5797258,4695804,4712886,2687835,3690948,1293562,4067042,520083,3053496,1000478,2323171,0,4522167,1227576
140,000584,2018-01-08,-0.0028348688873138794,-0.004252303330970819,0.47178500088827036,28040.0,252465.94166679253,894,42020808,33029993,648341,513413,6058391,2660297,4610010,5178619,5683310,4055774,2103238,3762972,1861989,2288919,1360556,3598537,19694973,10971462
141,000586,2018-01-08,0.007882882882882747,0.003941441441441151,1.1991108981492666,11595.0,330806.99754710606,219,18376257,8228381,179181,171322,790682,456263,740369,455533,419394,492248,1811302,1084261,1721410,390219,427200,1378155,12286719,3800380
142,000587,2018-01-08,0.012640449438202195,0.014044943820224587,0.1385604044011185,37492.0,257830.9588617361,2648,115797305,169349301,1605979,1100609,12112028,13433098,17272692,14339205,17702914,28998963,9564347,14692673,8576813,8062939,9959330,10167447,39003202,78554367
143,000589,2018-01-08,0.0021008403361344463,0.0,0.21757122223091505,7616.0,61967.467620055126,478,6152087,6055103,479562,726333,1644296,1522587,1210480,1170968,278460,1133873,511436,710341,0,315001,950000,476000,1077853,0
144,000590,2018-01-08,-0.014696058784235189,-0.022712090848363342,0.7221687414394966,7375.0,59301.27345151644,429,7525098,2603833,706807,335999,1550694,1067798,1351392,904322,1274475,0,0,295714,1009470,0,445500,0,1186760,0
145,000591,2018-01-08,-0.00521739130434784,-0.01043478260869557,0.12495020173411345,15417.0,102280.7628211452,2123,65768035,46876407,1173365,2239104,5773629,8942920,9839057,8010673,23601864,13418647,6706106,5250107,5616299,3670637,935639,906834,12122076,4437485
146,000593,2018-01-08,-0.009394572025052228,-0.009394572025052228,0.2775361186737384,9565.0,78922.20089017728,1192,18650083,18987513,1232524,1347081,5063334,4953695,3790767,2794293,3639036,2100134,232128,1484190,0,1789996,2763270,1403597,1929024,3114527
147,000595,2018-01-08,-0.016728624535315983,-0.014869888475836479,0.17818529546256837,9010.0,72184.89030589821,912,18063894,10295270,744919,1017037,2841009,3614220,2097636,1963827,3417409,2384007,4812067,1316179,988520,0,881670,0,2280664,0
148,000596,2018-01-08,0.0010223455527968994,-0.005257777128669483,1.328258334418546,33840.0,125428.64102243881,2659,80767957,96342127,1717665,676839,14589065,21264449,13392474,15248439,15215671,16142874,9715326,11927067,5954386,8673528,3641075,5672218,16542295,16736713
149,000597,2018-01-08,-0.0034042553191488967,0.0017021276595743373,0.3637707052653036,17595.0,106078.77708748683,1043,27138250,23770680,451182,888230,4892353,5832491,3503029,3790516,4121741,4529949,2389012,2160913,3751327,1722816,1866767,857190,6162839,3988575
150,000598,2018-01-08,0.0018181818181817189,0.0,0.12762819055062916,7700.0,92771.93238303867,1861,30724666,24227801,2955795,1199857,8664587,5341511,6038570,5247755,4432063,4148387,2484756,1060675,711306,1414224,447412,874988,4990177,4940404
151,000599,2018-01-08,-0.007656967840734996,-0.006125574272588086,0.24343770711061521,6480.0,71325.05636386955,719,12361419,6281245,1192971,492172,2772186,1042218,2321905,788533,2676256,1063425,891035,759643,961046,324000,489888,0,1056132,1811254
152,000600,2018-01-08,-0.009378663540445475,-0.007033997655333968,0.1686868306612058,18656.0,148007.98035262869,2561,81660605,60322765,2106774,2412997,11982498,11195122,13722955,11412807,16663975,11518617,10354730,7747584,6802776,4751495,4269118,1844965,15757779,9439178
153,000601,2018-01-08,0.0,0.004103967168262779,0.32970539749702493,7350.0,136387.18792649987,491,11672992,7552644,534625,308238,2007682,1310807,1387558,1384613,753159,909278,277095,860025,1099500,1743267,0,0,5613373,1036416
154,000603,2018-01-08,0.029484029484029506,0.031122031122031046,0.3412656424378172,12635.0,92162.08286312709,1280,21847634,29858130,973761,962000,6711482,4883534,4539088,4761495,3812968,6166392,1505060,2466308,1325706,2949905,0,3007704,2979569,4660792
155,000605,2018-01-08,0.006312467122566945,0.007364544976327991,0.4955136826487762,15247.0,47060.15435457054,1472,23910500,18400403,1237790,1922064,7444595,7478306,5857308,4233811,5508459,2325750,1378212,1180409,1057585,761477,872651,498586,553900,0
156,000606,2018-01-08,-0.008879023307436174,-0.007769145394006638,0.4909027524163334,13062.5,50535.43678878847,336,5391154,5069723,388735,376243,1337499,1700909,1791096,1468349,1031380,503436,459944,213666,382500,351000,0,456120,0,0
157,000607,2018-01-08,-0.009599999999999942,-0.0048000000000000265,0.3053966125465006,7482.0,37153.9581204492,418,5238276,3581699,365234,491392,1504551,1195218,2020155,685934,745192,1209155,294644,0,308500,0,0,0,0,0
158,000608,2018-01-08,0.013533834586466176,0.009022556390977376,0.17236278489708068,6830.0,66830.37928930666,1492,23177074,21059872,1534066,1980858,3830527,6008275,2994939,4546499,6223766,3029806,3611985,1575222,1310827,3441112,1299172,478100,2371792,0
159,000609,2018-01-08,0.010517090271691343,0.014022787028922012,0.2918903336743619,14898.0,73275.0347548959,1529,27651482,29753691,1121900,1103663,7001555,7923872,5807109,6409914,7150860,4985672,3445048,2383861,1747172,1778361,0,1370756,1377838,3797592
160,000610,2018-01-08,0.003350083752093891,0.00670016750418756,0.6111238868859472,10809.0,35094.458870087605,381,3594151,3511190,398796,299551,1805445,1723080,596094,573810,330616,511819,463200,0,0,0,0,402930,0,0
161,000611,2018-01-08,-0.016883116883116833,-0.011688311688311637,0.3935530780543057,12529.0,48499.87229622512,382,6503907,4428132,342320,278015,1929149,1831921,1278142,933029,1282780,516095,986881,869072,684635,0,0,0,0,0
162,000612,2018-01-08,0.015233949945593128,0.016322089227421177,0.18936504367747206,10180.5,60665.44762449876,2358,28280147,41192470,2357346,2307689,8789368,11462499,5218799,7482008,6145075,6610393,2982472,5953276,631386,3730673,906444,1788910,1249257,1857022
163,000613,2018-01-08,0.0025220680958386588,0.0025220680958386588,0.34322152808044865,7925.0,44084.041085132885,534,6036192,6324841,542484,470665,1937386,1920306,1169915,1454527,1416438,1444447,495969,717696,0,317200,474000,0,0,0
164,000616,2018-01-08,0.025352112676056526,0.030985915492957927,0.08356129537603721,11315.0,122934.10583642701,1815,44271966,49049774,1281911,1637598,6067530,7507392,4997524,7437718,7779992,10444978,6007175,3990828,3119907,2413928,3420872,1680210,11597055,13937122
165,000617,2018-01-08,-0.010337698139214369,-0.010337698139214369,0.48005012929583535,5740.0,48614.82956051679,914,11464050,7355753,1016489,811989,3085084,2763314,2301030,1766441,1767755,1095436,721242,478642,1025790,0,928750,439931,617910,0
166,000619,2018-01-08,-0.003671970624234966,-0.009791921664626724,0.337281882046054,8140.0,52493.90526381444,586,11407479,4322909,741795,661394,3186516,1629695,2815341,1260012,1963387,771808,1568879,0,321561,0,0,0,810000,0
167,000620,2018-01-08,0.022047244094488327,0.006299212598425141,0.17049055390342235,10176.0,70233.74865538566,1389,19245962,21795229,1823668,918906,6383881,4442675,4942055,4500759,4162727,5350801,980935,1103703,952696,329526,0,0,0,5148859
168,000622,2018-01-08,-0.0020920502092051096,-0.006276150627615107,0.3132810779697874,10395.0,88275.84710795007,232,4347644,4105579,234914,145356,1306647,895307,443883,300971,785114,693655,781189,783091,300987,333200,494910,0,0,953999
169,000623,2018-01-08,0.006654835847382579,0.006654835847382579,0.45368993877263186,40995.0,249823.4155675062,2468,136132291,166576778,1517335,1185600,11908004,10175578,14620413,10676400,20633607,21275532,20957656,15559425,12539977,15887839,10559176,13052813,43396123,78763591
170,000625,2018-01-08,0.018648018648018683,0.01787101787101797,0.23235442053798536,47556.0,369458.22981526353,3071,202440455,247148236,1398595,1480615,13557328,10561991,18264421,15510075,32692082,32381231,25797168,31352982,15950141,26060879,11341615,16828851,83439105,112971612
171,000626,2018-01-08,-0.00217548948513413,-0.01087744742567065,0.5030311108769606,13790.0,83813.7531768548,751,19837300,10282720,629440,695510,3677043,3559782,3627809,1924527,3155242,2092394,2599886,1538547,1062081,0,409200,471960,4676599,0
172,000627,2018-01-08,0.0024539877300613355,-0.0036809815950921143,0.18570684978182003,10601.5,138530.35118997595,1928,51252664,35582257,2207842,1641764,8382588,6352915,8979810,4979548,9396880,5665375,3842141,4453817,2989672,2470040,1877824,2129228,13575907,7889570
173,000628,2018-01-08,-0.016241299303944134,-0.015081206496519561,0.3269003270852863,10247.0,90137.7793031058,697,14146059,7885004,732973,721500,2834531,3012053,2192418,1516752,1684070,1425199,1141602,439645,1023076,331960,492887,437895,4044502,0
174,000630,2018-01-08,0.02768166089965396,0.02422145328719716,0.052556491441787784,17760.0,573898.1885400307,3069,105727222,266603276,1864926,2247107,11063888,14563180,9984947,16714620,10523374,17572703,4527831,9491368,4436907,10935565,6556408,7745362,56768941,187333371
175,000631,2018-01-08,0.013363028953229383,0.026726057906458767,0.09179816216015081,12796.0,100129.5455673618,2412,51609158,58735003,1829895,1829723,10063102,8639384,10339094,10624554,10461672,14067656,7917678,7708543,3452303,5414658,1877264,2759604,5668150,7690881
176,000632,2018-01-08,0.0016051364365969878,0.0016051364365969878,0.30300051931542943,11133.0,54637.94613502971,422,6343453,6211403,376729,343419,1662193,1879761,892064,1104352,1889528,1998221,252968,885650,308000,0,430500,0,531471,0
177,000633,2018-01-08,0.005015045135406071,0.007021063189568633,0.3693618945607193,10040.0,66186.90207983428,728,11010540,12921973,416051,598373,2437200,2851958,2441155,2864835,1913951,2626361,1393177,2673654,934132,905700,470875,401092,1003999,0
178,000635,2018-01-08,0.015709969788519462,0.019939577039274736,0.36628930792847253,21580.0,111263.42574353755,2045,56508271,60145411,1588739,1228451,11822936,8406326,10039076,9773629,13241061,15045540,6082265,4582927,4694140,5508970,414087,3154207,8625967,12445361
179,000636,2018-01-08,0.013761467889908285,-0.005351681957186605,0.2303244657104682,74214.0,445020.0993986627,3232,321076388,275230087,1127594,732265,12651711,10795285,20064611,15438398,37730770,37685562,33090242,31181815,28160232,30050993,25128393,22274159,163122835,127071610
180,000637,2018-01-08,-0.001626016260162677,0.001626016260162677,0.2409463925819273,11685.0,61059.746868577386,651,11757884,7684995,526492,661510,3062125,2352282,2613005,1612402,2161718,1468543,1075144,431402,668561,670368,489104,488488,1161735,0
181,000639,2018-01-08,-0.0031479538300104304,-0.014165792235047214,0.6155453522740991,16920.0,110228.20408746373,959,23373464,9293371,649158,1024322,9475509,2757491,3530720,1699378,1347423,1144394,1184900,1649526,1019238,313320,465000,0,5701516,704940
182,000650,2018-01-08,0.0018518518518517713,-0.0018518518518519933,0.15455158138049843,5380.0,55884.94243745317,1222,9808724,10594770,820563,2470833,2413811,1901438,1109119,1953211,1477654,1866876,928658,941221,681210,373527,0,0,2377709,1087664
183,000651,2018-01-08,-0.0070583350633174335,-0.01328627776624458,0.8029819732409587,486030.0,1594245.6859189356,3599,1573318622,1535194563,24051,48046,1348593,1175652,8352415,6051750,33987221,34071782,56245297,45498410,64936478,56026010,59932902,49494720,1348491665,1342828193
184,000652,2018-01-08,-0.004357298474945481,-0.0065359477124183885,0.14814834417716888,4580.0,49052.05863486943,961,9146552,9145506,1328459,1107869,2576359,2397631,1433546,1506899,1620617,1483595,728935,849161,303696,1343267,459550,457084,695390,0
185,000655,2018-01-08,0.017804154302670572,0.017804154302670572,0.17040622558364035,13530.0,96148.19094507548,1566,28332411,35314545,1351590,1488511,7239986,6447360,6030972,5521902,5034021,5536215,2133999,2328337,2685163,4369630,471965,1375313,3384715,8247277
186,000656,2018-01-08,0.003868471953578423,0.0019342359767891004,0.09654260349501201,29400.0,344091.53900885064,2881,172317170,209586158,1852868,1622192,11162943,11763766,12544041,13194940,20017265,19136452,17896726,23496573,10682610,15452280,10198750,10177629,87961967,114742326
187,000657,2018-01-08,0.015961691939345712,0.016759776536312998,0.35021800932095765,14003.0,72943.91775569995,1280,21947442,25257865,707368,970826,5648379,6571772,4571037,5502046,3725561,4694059,3211367,3329886,1730468,2114152,409500,833276,1943762,1241848
188,000659,2018-01-08,0.008620689655172376,0.01724137931034475,0.1857231942036865,13980.0,146411.41043325467,624,18684455,14377612,660699,451576,3117858,2465809,3008120,1489076,1678654,3184365,900853,1763403,685778,656040,1782852,0,6849641,4367343
189,000661,2018-01-08,-0.001645016733790916,-0.0022689885983323554,4.188862984040747,35100.0,296154.6890533922,1772,135275631,112181360,23258,0,8688538,8154200,7919605,10266148,14656943,16954272,11733334,13122911,7443726,8103497,16713994,3541020,68096233,52039312
190,000662,2018-01-08,0.012195121951219523,0.00880758807588089,0.6438000151453351,2968.0,35364.1696607001,525,4056739,3095205,742476,297267,1184583,722543,921760,600068,771624,570761,436296,552621,0,351945,0,0,0,0
191,000663,2018-01-08,-0.015384615384615219,-0.009890109890109855,0.7799810135085492,16209.0,55301.506534749315,544,10099470,6400181,540915,499198,3132866,1518190,2966702,997821,1708169,2088054,1014630,0,308740,677803,427448,0,0,619115
192,000665,2018-01-08,-0.0009803921568627416,-0.0039215686274508554,0.49081705979904716,10200.0,87049.15974915502,431,11422251,5981354,239580,415518,1687247,1718873,1176513,774641,2307800,2120784,1825001,445038,1522115,0,411684,0,2252311,506500
193,000666,2018-01-08,0.0030456852791880262,0.0020304568527917954,0.5507774973410425,7884.0,72225.43550806711,1279,19055637,14359701,1721975,1190433,5321329,4039593,3577567,2272102,3565724,2738576,1911807,1237528,0,1274772,424885,988750,2532350,617947
194,000667,2018-01-08,0.0029940119760478723,0.008982035928143839,0.06233797895990719,27307.0,412413.7869783545,2899,149371666,201820494,1363310,2094232,8383642,15696427,10139930,17400695,15031297,29434988,10999500,21727193,8072258,18576991,8036707,12465713,87345022,84424255
195,000668,2018-01-08,-0.009043927648578864,-0.003229974160206761,0.8028446086050647,12120.0,44019.532514670536,371,5555632,3436114,440165,334701,1730446,1406964,1089120,899098,1244052,795351,214620,0,376075,0,461154,0,0,0
196,000669,2018-01-08,-0.0014054813773717312,-0.0028109627547435734,0.46546759353602585,8502.0,55814.389622945266,934,13156892,10426990,967512,1301576,4037914,2935307,2479503,1072684,2572638,2019037,970579,1306050,669518,644186,1459228,0,0,1148150
197,000670,2018-01-08,0.0014184397163119478,-0.019858156028368712,0.13059282509700493,24984.0,99015.09635515511,2921,98885782,67451729,1834426,1807034,15751749,13936109,19362273,14531781,20728417,17309584,15066981,9586757,10715532,3068512,5836607,1779180,9589797,5432772
198,000671,2018-01-08,-0.00455062571103515,0.019340159271900026,0.15580374078760842,50904.0,656256.0824738776,3202,332669780,418931218,1130736,1954258,8427359,12370437,13263977,18558811,23319740,24810797,26267992,25168760,13156975,17363145,28446278,22477174,218656723,296227836
199,000672,2018-01-08,0.015396458814472602,0.016166281755196188,0.21905053362241023,134700.0,920550.5367144105,3531,559827629,582530812,439470,404273,9766036,8885316,19824632,21351617,47341050,39866833,47096679,40510064,45887602,42275193,32496742,38908347,356975418,390329169
200,000673,2018-01-08,-0.006010518407212673,-0.005259203606311047,0.432565700410911,18746.0,804655.7518854702,947,27405560,121648900,468551,844087,3801769,4069721,3161561,4598644,5651143,6658044,4792614,2889805,795042,2471178,1377320,1325463,7357560,98791958
201,000676,2018-01-08,-0.008726003490401535,-0.017452006980802848,0.3988798225038898,9024.0,36250.321870735745,825,11463156,4643744,736309,688372,3996435,2523824,2928443,837432,1943643,371900,684650,222216,338926,0,834750,0,0,0
202,000677,2018-01-08,-0.016786570743405393,-0.011990407673860837,0.20833725062983813,4120.0,31611.956375617974,400,4438846,1627084,330675,405863,1487241,919746,796311,301475,1437990,0,0,0,386629,0,0,0,0,0
203,000679,2018-01-08,0.002777777777777768,-0.00694444444444442,0.3399100040976764,6101.5,44979.38496989031,448,5163230,3314945,386243,406113,1554517,1936059,669131,972773,997368,0,866500,0,0,0,0,0,689471,0
204,000680,2018-01-08,0.011583011583011782,0.007722007722007707,0.12248132425372708,15080.0,152869.61236923368,1793,45633776,58258341,1447976,1448931,7258044,8004627,5418273,6209979,6792562,10716210,4686068,5129109,1711139,3044468,3695438,4039327,14624276,19665690
205,000681,2018-01-08,-0.01728653745416442,-0.022001047668936513,0.5348510980140565,9372.5,92652.294793428,1274,25155172,12610078,1899946,1254408,5295766,3005944,3247767,1997138,2728126,3300615,893192,1038693,1803598,755940,941231,0,8345546,1257340
206,000682,2018-01-08,-0.0021141649048627142,-0.008456659619450302,0.21312804121128345,8442.0,39640.548312768915,492,7110194,3392344,640915,523473,2075168,1578107,1735324,488602,1346278,491874,957659,0,354850,310288,0,0,0,0
207,000683,2018-01-08,0.009836065573770592,0.009836065573770592,0.06652979714545966,18083.5,212967.09525560873,2118,63561358,92850604,1426747,1606934,8132421,10357141,7874569,9872741,8131921,16371597,3724133,6415829,5422041,6283597,1793821,3642510,27055705,38300255
208,000685,2018-01-08,0.006730769230769207,0.007692307692307665,0.27282293641959193,9423.0,90901.3228903515,1453,20585514,31453448,982420,1776304,4238738,5265362,2958895,3398293,5570229,4938911,3074379,5020925,688800,2279212,499833,1712121,2572220,7062320
209,000686,2018-01-08,0.013513513513513375,0.015765765765765716,0.19118546791306218,18100.0,233557.88837600467,2159,94704535,115566262,2001570,1607290,8275296,7312956,9851138,8317367,12576994,13931269,6615729,10364516,7945620,8616332,7867089,7790367,39571099,57626165
210,000687,2018-01-08,0.001808318264014508,-0.007233273056057921,0.3256830005713787,10930.0,54791.19432820852,1153,17664591,12802040,1197945,1194245,4820874,4902372,3835037,2972748,3170025,1484226,1331880,1050193,645282,685797,873129,0,1790419,512459
211,000690,2018-01-08,0.01683501683501687,0.004489337822671136,0.19001305328609772,33022.5,271211.78790476953,2202,117981295,93422740,2064712,1142575,13507112,7290638,13909742,11281202,16732099,15443388,8334968,9624064,6988933,6628603,14830242,8372234,41613487,33640036
212,000691,2018-01-08,-0.03731343283582078,-0.026119402985074536,0.3481553477883435,9468.0,87624.9039367592,533,13995089,4096788,438022,582577,2776803,1636415,1613342,617990,1436248,469117,934353,459876,2468108,330813,474000,0,3854213,0
213,000692,2018-01-08,-0.022727272727272707,-0.011363636363636465,0.31906794786002574,7830.0,45027.070991769106,273,3942646,2615911,294610,242614,1107936,876704,540044,666751,1124831,403962,268840,425880,606385,0,0,0,0,0
214,000697,2018-01-08,-0.01559792027729634,-0.019497400346620397,0.615222370996628,22590.0,146378.78982665818,1408,52382175,37117393,641435,1395203,6471177,6605723,6672525,5498695,9078928,7589068,8105400,4076478,2511341,2067675,3590869,4443389,15310500,5441162
215,000698,2018-01-08,-0.0048000000000000265,-0.0048000000000000265,0.19400486640089287,11250.0,67651.79486038792,1038,19542081,13167272,1391099,823308,5541038,3087443,3654581,2488046,3227115,1851631,2504123,1649218,1700403,1048352,0,0,1523722,2219274
216,000700,2018-01-08,0.0,0.0017182130584192379,0.2051046627655449,12243.0,66432.90573793583,805,12945855,10757314,554774,873414,4598628,2759723,2399815,2375986,1786126,1880087,736906,1852706,304720,1015398,887306,0,1677580,0
217,000701,2018-01-08,-0.0029268292682925745,-0.009756097560975618,0.28177784260120536,8088.0,65078.944801223966,1325,15406031,8800475,3239418,977853,3051255,2635538,1843523,1338864,1869140,936250,1283843,947354,303000,0,0,0,3815852,1964616
218,000702,2018-01-08,-0.002781641168289384,-0.002781641168289384,0.2410494312490733,7170.0,51028.50991087366,891,7837816,4113470,2186514,737691,1664842,1677883,1100811,563456,956562,281220,275712,493720,375375,359500,0,0,1278000,0
219,000705,2018-01-08,-0.0035842293906809264,-0.008363201911588791,0.2743256633980324,7479.0,43192.49510258164,931,11752564,4897966,2354126,452035,4462355,1764475,1423081,1046339,1601712,734880,447265,447085,615100,0,0,453152,848925,0
220,000707,2018-01-08,0.016583747927031434,0.016583747927031434,0.19472565475730136,6010.0,59428.76685735075,960,11306705,11213339,1039863,731997,3354533,2261405,2190058,2152519,1937238,2945219,526579,958142,1838434,0,420000,486617,0,1677440
221,000708,2018-01-08,0.013675213675213627,0.015384615384615552,0.36770753749799673,17692.5,114526.02119756376,1012,19427443,31802036,628440,763610,3804913,5563487,2752298,4573333,4395124,7257762,1856407,3870376,1676604,2312328,1281592,843165,3032065,6617975
222,000709,2018-01-08,0.014814814814814836,0.01728395061728394,0.07350126229509969,28840.0,352232.7392184311,3060,161372262,223821609,1971667,1899569,12988820,13541827,14561263,16108969,19202536,22407158,11579068,18870667,8468064,16166682,10431783,18299120,82169061,116527617
223,000710,2018-01-08,-0.021173515162390077,-0.019199712901489363,1.4872417531664952,27285.0,80972.26672138016,1404,38686257,30315591,633695,745510,8011935,7739634,7393436,9573226,8698840,5542218,5131082,3311063,3161179,1385194,919695,446553,4736395,1572193
224,000711,2018-01-08,0.023199999999999887,0.022399999999999975,0.3286496488687236,12590.0,73916.28670587936,1447,24757202,27839521,1590020,751536,6889681,5167990,4464986,4162393,4486455,6732459,4012900,3972395,1046282,2493477,434434,865928,1832444,3693343
225,000712,2018-01-08,-0.012124711316397252,-0.006351039260969915,0.4046705742713016,20304.0,131356.06503445646,1833,58987739,54977292,2024862,944678,7593456,8634276,8397109,8789811,11900641,13076086,4595040,6340942,6956946,3401094,3547273,2644247,13972412,11146158
226,000713,2018-01-08,0.0028776978417266452,-0.0028776978417266452,0.2266731718999566,6291.0,55851.03838102015,941,12914665,8631425,1815778,807736,2223316,2740871,1258365,1279598,2950400,2358480,2197953,654610,657419,349500,0,440630,1811434,0
227,000715,2018-01-08,-0.013306038894575156,-0.013306038894575156,0.47408259573914924,14054.5,62781.12947822308,424,7219588,8195947,313839,579617,2340765,1554422,1559471,1528337,1330701,1758503,275132,1007156,974382,1339008,425298,428904,0,0
228,000716,2018-01-08,0.008756567425569184,0.0,0.17855460989311492,11580.0,69570.02560823219,1023,18495740,13347802,928629,595133,5729099,3028253,3310950,2914255,3034915,2553109,2319674,1483511,1320762,692848,0,0,1851711,2080693
229,000717,2018-01-08,0.02584269662921357,0.026966292134831482,0.1517018357530957,99660.0,527003.9280646935,3449,378631791,497176457,771250,884692,10534259,11920972,19442764,23105210,49704957,46693630,36501608,41610538,28886907,31723156,20473763,34314859,212316283,306923400
230,000718,2018-01-08,0.05212355212355213,0.05212355212355213,0.09128262042731977,41888.0,638357.8897312948,3246,214502205,377406014,1023663,1909015,9860308,15653289,13552517,20761112,20891758,36162523,22084103,27054947,13498229,22443531,8323497,19192985,125268130,234228612
231,000719,2018-01-08,-0.0032119914346894207,-0.005353319057815886,0.34556817459826555,6502.0,37268.26149990554,730,7274869,3731861,1446591,622331,2357355,889589,954649,821478,1458272,696870,236130,0,360297,701593,461575,0,0,0
232,000720,2018-01-08,0.013422818791946511,0.0022371364653246406,0.19300140758071022,8940.0,49445.05500423526,536,6480295,7235179,415815,606609,2283251,2165386,1585202,1347998,1467912,1161343,0,853358,307983,655485,420132,445000,0,0
233,000721,2018-01-08,-0.005253940455341555,-0.005253940455341555,0.2449188421174354,6325.0,40878.2105189188,543,5842279,4270026,492520,630151,1826038,1622840,1388055,1052790,973815,346261,1161851,0,0,0,0,0,0,617984
234,000722,2018-01-08,0.0010881392818280489,-0.005440696409140244,0.40581764666079834,9120.0,28276.614634429912,512,5889050,3620559,618531,567607,2098548,1750489,1808232,818361,1124147,484102,239592,0,0,0,0,0,0,0
235,000723,2018-01-08,0.014814814814814836,0.01185185185185178,0.13071206640416064,20580.0,149709.11856298643,2672,81773002,106562300,1044913,2650261,6253350,16905051,7552173,17019018,11886475,21049491,8468376,13684682,10671387,9755662,6191276,2237471,29705052,23260664
236,000725,2018-01-08,0.003597122302158251,-0.021582733812949506,0.09284656271911418,548533.5,2085267.9419355,3602,2216950763,1975089615,0,0,331996,189668,3580058,3655916,24934087,28927343,50254458,66806440,61261352,88142860,57909058,86538068,2018679754,1700829320
237,000726,2018-01-08,0.0036231884057971175,0.0027173913043478937,0.32938753873111665,11030.0,66678.34718359508,1123,18357809,16624184,613607,1392746,5417815,3869191,2432362,3873647,3672318,3244035,1965505,1717821,1973048,666517,877500,1306227,1405654,554000
238,000727,2018-01-08,0.008000000000000007,0.0,0.06467863547606949,4233.0,50210.25463507495,1508,16986130,11152868,2045828,1123180,5020808,3429116,2333881,1694689,2621621,1588133,2244217,1452250,1066138,383500,906637,921250,747000,560750
239,000728,2018-01-08,0.008071748878923701,0.010762331838565009,0.22019671783018682,35127.0,299653.91379323695,2566,156143573,167768288,1521265,1084526,12462973,10865285,13584780,11748029,21879258,20194905,17120156,17297679,10667757,13015906,5765825,12195407,73141559,81366551
240,000729,2018-01-08,-0.009722222222222299,-0.00694444444444442,0.13422339813457823,23397.0,224323.74489018958,2890,125490485,89346713,1329325,1843427,16860923,13896061,13428951,12270126,26019273,19068727,10649429,10486965,9369961,5252525,5663446,3273846,42169177,23255036
241,000731,2018-01-08,0.0036991368680643344,0.0012330456226881115,0.2173739823340241,17052.0,138078.5227449971,1393,41753516,33910953,1274017,1153022,6919288,5656675,6104281,6325063,9279949,6830910,4212435,6454665,3757846,990193,1271403,1262675,8934297,5237750
242,000732,2018-01-08,0.016000000000000014,0.016000000000000014,1.2010075889262786,12192.0,3935695.3595346725,623,219104929,79051320,1414881,0,4931664,0,3820546,0,4282440,0,2182368,0,3334512,0,1331976,0,197806542,79051320
243,000733,2018-01-08,0.008777852802160702,-0.0013504388926401933,0.42202194411357713,13311.0,117904.53655169846,1231,33647395,14917400,1202927,977724,6091549,4672446,4734878,3412677,4369834,3218439,4723304,1719001,2382738,0,2726351,917113,7415814,0
244,000735,2018-01-08,0.007692307692307665,0.0064102564102563875,0.19519179255034386,15700.0,116096.13484667504,1598,37901681,40305005,1258806,1558103,6902537,8192752,6449176,5368431,7526010,7266748,3773154,4653071,5444768,3066479,2192392,1293600,4354838,8905821
245,000736,2018-01-08,0.029769137302551485,0.018226002430133725,0.4536872975278272,16950.0,86977.04582502239,1322,29966391,31259790,855919,929548,6869659,5770439,6298530,5838637,5931214,6073327,3144763,3105625,1041213,3415685,2771257,1828969,3053836,4297560
246,000737,2018-01-08,-0.010141987829614618,-0.010141987829614618,0.1775774152863835,9800.0,69406.41192556247,771,15655367,7794282,1049983,507326,4127470,2193558,3153300,1933475,2330241,1230658,1842240,465852,1060671,324465,431200,474384,1660262,664564
247,000738,2018-01-08,-0.01273885350318471,-0.013375796178343946,0.4172099713011817,7770.0,83098.8084427049,1416,30722071,16118428,2021207,1043753,5209990,4582830,4091946,2955953,5615654,2791788,6123883,1725400,3229440,1639198,1394568,0,3035383,1379506
248,000739,2018-01-08,0.010670731707317138,0.012195121951219523,0.26440148577585787,9324.0,40290.0727836727,615,5664589,8886810,609392,466894,1880937,2823426,1548902,2421747,1625358,1619867,0,500316,0,1054560,0,0,0,0
249,000750,2018-01-08,0.012024048096192397,0.012024048096192397,0.11089302996737616,12400.0,163939.1544091473,2031,47391357,65057204,1940523,1786226,7814836,7410386,7597700,7035588,8578965,8394297,4583205,8726605,1685488,6430335,1303081,1377644,13887559,23896123
250,000751,2018-01-08,0.020522388059701413,0.02425373134328357,0.09966609442937759,32037.0,207645.3746133872,2905,114453254,139621591,1360630,1380846,14116059,13842979,16901923,19611518,21607347,25909260,14714097,14007210,9533579,10649421,5207344,7633067,31012275,46587290
251,000752,2018-01-08,0.01635687732342017,0.0022304832713755385,0.48279715105172527,13340.0,106616.71005720389,776,15654169,14104022,696722,662775,4132121,2748977,2513483,1854287,2859262,2406516,1809508,708420,712873,687928,877629,2302619,2052571,2732500
252,000753,2018-01-08,-0.0025445292620865922,-0.0050890585241730735,0.165620343591894,7800.0,69796.70934147276,563,9211898,7051155,476962,601755,2691383,1673167,1323394,1159406,1572256,1461821,962570,1046362,659921,691556,474320,417088,1051092,0
253,000755,2018-01-08,-0.025954198473282397,-0.032061068702290085,0.24109656449446865,9256.5,51036.17656862082,738,12608644,4306124,778583,754495,3566753,2167403,2858718,950014,1681855,434212,932290,0,641500,0,0,0,2148945,0
254,000756,2018-01-08,-0.007209805335255948,-0.004325883201153458,0.3779707021123162,13700.0,79457.32013849505,1347,21766657,18220414,799068,1608499,6639582,6733112,3411747,3196830,2986011,1850934,1927045,973111,1859161,642444,888615,411900,3255428,2803584
255,000758,2018-01-08,0.015243902439024515,0.012195121951219523,0.13032917595483864,14007.0,213436.53792844145,2541,57352785,93040140,1924288,2282814,10814871,11130493,9526445,11164821,7981966,11760048,5921166,8347080,4469775,6701117,4096379,3023176,12617895,38630591
256,000759,2018-01-08,0.012552301255229992,-0.004184100418410108,0.219281987664191,19180.0,107406.93109359905,1903,53099464,41342653,1512878,1662788,9173364,10012787,9793937,8590282,10869796,7383152,6366026,5726650,3293712,1119472,3639461,1326478,8450290,5521044
257,000760,2018-01-08,0.0,0.0,0.3026990531774531,4008.0,860945.8095962397,486,39223001,0,1044083,0,2096184,0,1571136,0,1808944,0,479624,0,961252,0,0,0,31261778,0
258,000761,2018-01-08,0.026465028355387554,0.02457466918714557,0.10870572397820413,11924.0,148764.787034592,2376,54476657,79142394,1604724,1888466,7555570,9413637,6558528,8287248,6695323,13356367,5537583,11838865,4025184,3737427,6143423,3122274,16356322,27498110
259,000762,2018-01-08,0.02515723270440251,0.01635220125786163,0.301783727379871,35332.0,161064.4483353766,2779,107936643,131897042,1619324,1391407,12684667,14243617,14360248,18723490,23159218,26385141,11573660,20003356,9652839,13592149,7621878,10656207,27264809,26901675
260,000767,2018-01-08,-0.0033112582781458233,-0.0033112582781458233,0.14891216210259486,6020.0,47371.66013740417,411,4785053,2746092,543445,322177,1404498,1201347,991307,508952,195650,411412,640280,0,355800,302204,0,0,654073,0
261,000768,2018-01-08,-0.007013442431326733,-0.007013442431326733,0.3429937722624738,20376.0,130898.49859493066,2490,75021165,44840062,1749805,1249649,19409644,13292901,8685344,8263554,12027097,8368042,2923964,3049138,5660805,2098527,880504,878121,23684002,7640130
262,000776,2018-01-08,0.03014492753623177,0.029565217391304355,0.3017332846841205,88128.0,750167.2308605661,3271,452904323,538887678,818042,936410,12755754,10552054,21707617,17325156,38199976,34054568,36150681,24104386,35299887,27474367,23427486,18090670,284544880,406350067
263,000777,2018-01-08,0.02974683544303791,0.02215189873417711,0.4710839111644811,15700.0,117382.81439935538,1125,30396269,28757337,1304892,586073,4646331,3988163,5750637,5029376,6149955,4588445,3052198,3136236,2438915,3464498,2274867,2222963,4778474,5741583
264,000778,2018-01-08,0.00723327305605781,0.009041591320072317,0.11086744957441313,19600.0,174701.24187486386,2495,92148316,100081072,2004661,1651353,10153578,8373563,13449975,10877576,15757509,13320308,12411584,9911751,6499911,8873005,3841088,7200191,28030010,39873325
265,000779,2018-01-08,-0.02059659090909094,-0.014204545454545414,0.7459592195134557,13885.0,83756.4317988487,356,9704078,2939429,231489,307977,1951906,1044639,1343541,369004,1758102,645745,1832655,0,324535,0,1295150,0,966700,572064
266,000780,2018-01-08,0.013725490196078383,0.019607843137255054,0.14966551857204374,12420.0,95296.11864589044,1162,19359353,26288351,807136,782875,4195744,5354427,3460569,3779693,3643375,7627499,1991996,4236147,312000,1381749,472290,402226,4476243,2723735
267,000782,2018-01-08,0.0012547051442912682,0.0037641154328733606,0.41729892777403843,10354.5,52101.30077990412,364,5095795,4277459,384480,273865,1577001,1766000,1051523,1296727,609436,940867,741160,0,0,0,0,0,732195,0
268,000783,2018-01-08,0.011306532663316604,0.01633165829145722,0.1615734956485638,24300.0,262310.03773912496,2430,106509529,141655118,1374362,1972037,10734412,11910778,9328390,12082271,14146225,18882255,7995601,13467454,7732400,8630997,3955385,4936475,51242754,69772851
269,000785,2018-01-08,0.015968063872255467,0.003992015968063978,0.596786903317276,13078.0,93361.71317098828,281,6792459,5062098,222278,179185,1231382,1250704,452294,888408,1143492,1604733,1600965,221100,0,917968,492940,0,1649108,0
270,000786,2018-01-08,0.0122529644268774,0.021739130434782705,0.4272489717472854,144815.0,650597.2289513503,3517,491597165,582354195,291932,276952,7880396,8975949,20383939,24823622,52064942,46761260,50206509,44400810,44964407,36812272,30721245,39863622,285083795,380439708
271,000788,2018-01-08,-0.007882882882882969,-0.006756756756756799,0.45322138719060845,10266.0,46847.954414234635,383,6578384,4065734,509822,405798,1893123,1235146,1445936,837397,1758403,892194,530100,695199,0,0,441000,0,0,0
272,000789,2018-01-08,0.005633802816901401,-0.0007042253521126751,0.2404970462945154,133856.0,840618.6009296877,3503,564330112,618657145,502284,532281,9111214,10847810,18205709,18714854,42497805,47835691,37599703,41650819,32996393,40664567,30008662,37195243,393408342,421215880
273,000790,2018-01-08,-0.009722222222222299,-0.011111111111111072,0.19922922086954203,10755.0,85443.06655318865,1307,27307519,17614135,1334082,1224560,6406106,4717114,4894939,3060176,5023185,3068861,4058720,2814162,747528,658586,1273575,0,3569384,2070676
274,000791,2018-01-08,-0.007352941176470673,-0.0085784313725491,0.19854883785600486,16219.0,102737.3186314643,1690,46090243,33742005,1264495,1663740,7774646,8441707,7095766,6506554,11004879,6820825,4722582,3698566,2328564,1767110,2728967,891310,9170344,3952193
275,000792,2018-01-08,0.014804845222072816,0.010767160161507361,0.25227852543310153,153918.0,650150.8079897523,3475,568106562,623482163,619986,376028,9217421,8035911,18884637,14771265,51135411,49482682,49090208,45072969,41125637,35864274,33407233,30551503,364626029,439327531
276,000793,2018-01-08,-0.010999999999999899,-0.010000000000000009,0.2707751244239601,19930.0,194784.2657514077,1364,77559369,37232073,1017551,1384724,6607650,4428886,7828505,5343377,12099332,4987723,9901786,3746242,6612154,3455109,6475295,2342187,27017096,11543825
277,000795,2018-01-08,0.01123595505617958,0.009630818619582593,0.14774232233046852,15774.0,112523.15800799751,1780,38036753,44818978,1364931,1538940,7900335,8936939,6925615,8443512,7636555,8942445,3467995,4053357,2487474,3917236,1286717,2273465,6967131,6713084
278,000796,2018-01-08,0.03506208911614328,0.020452885317750358,0.40603999019885845,14000.0,71695.53744138613,1137,20183996,24016927,771412,1097778,5538397,5520127,3660913,4049021,5284760,6237905,2542191,1869092,1008677,1595236,831246,1378796,546400,2268972
279,000797,2018-01-08,0.019108280254777066,0.02547770700636942,0.25133569005037903,23688.0,171148.8857225225,1916,64223890,70953699,958332,1036750,9090559,9441207,9630794,9993549,13171432,12851842,10922551,4758236,5839433,3509190,5062446,3176585,9548343,26186340
280,000798,2018-01-08,-0.013761467889908396,-0.017201834862385357,0.37537720939351404,8590.0,37898.26438397262,539,7551639,3175532,608417,580618,2742299,1484370,1456488,739797,1482198,370747,424948,0,331659,0,0,0,505630,0
281,000799,2018-01-08,-0.016998191681735997,-0.01446654611211573,0.5107913436161937,32495.0,182903.29507448367,2931,145128789,109751213,1564616,1372882,11592317,17243643,14228552,18206197,21979984,28345200,18160405,14004736,11447800,5425685,8369929,3571116,57785186,21581754
282,000800,2018-01-08,-0.02072072072072073,-0.01621621621621616,0.2346589527985709,30772.0,518264.5590374886,2239,132803346,150732869,929826,1468342,8492621,11208178,10154761,10202582,17131807,17202270,10271558,11999609,10081650,7846520,9831148,11174703,65909975,79630665
283,000801,2018-01-08,-0.00843170320404718,-0.006745362563237767,0.19870106774227406,8330.0,56246.75547763325,891,14618060,9156091,872950,607365,4622590,2241338,2413109,1764225,2788547,1787274,1788680,1494936,667065,665953,935019,0,530100,595000
284,000802,2018-01-08,-0.016370106761565917,-0.016370106761565917,0.35207955894324755,13840.0,104510.50044129131,1593,40925219,26183967,1292148,1675383,6451321,8248096,7001162,6029405,8122203,5923394,4880377,1752839,2878408,613415,862623,1305240,9436977,636195
285,000803,2018-01-08,0.001321585903083733,0.003083700440528636,2.4634258075257054,9060.0,24050.19599390193,84,649135,653312,58956,122772,434471,215602,155708,156248,0,158690,0,0,0,0,0,0,0,0
286,000807,2018-01-08,0.05802707930367501,0.044487427466150864,0.17445976974744226,146590.0,550369.7117544465,3520,462053030,542188315,423713,456332,8403258,9571264,19605190,19062958,52144091,52749785,42980916,52947672,46238318,43328174,35978652,37838161,256278892,326233969
287,000809,2018-01-08,-0.01534526854219953,-0.01534526854219953,0.1810501795384744,16962.0,86671.8090468414,466,15320436,7891277,304489,332712,1736307,2602876,1855086,1102799,4815193,1193572,2320016,560166,3215520,1091405,456225,407511,617600,600236
288,000810,2018-01-08,-0.004166666666666652,-0.00694444444444442,0.2485552229550861,7887.0,46129.41729185719,839,11464451,8284390,873581,1013045,2900983,2817533,2288176,2085141,3155113,1061393,1017867,679050,361899,628228,866832,0,0,0
289,000811,2018-01-08,-0.012376237623762387,-0.00990099009900991,0.33105087825173274,9612.0,199642.02188985105,595,22506440,9288283,649123,415920,2261014,2199080,2258781,1431299,4471691,1183512,1220374,708400,957598,1332086,448560,905186,10239299,1112800
290,000813,2018-01-08,-0.0011312217194570096,-0.007918552036199178,0.23579934525387442,10512.0,63345.63183622867,1408,22204552,16844645,1305338,880610,5167530,8763688,3393749,3346974,5234624,1898747,2390534,720039,337464,0,922499,440755,3452814,793832
291,000815,2018-01-08,-0.01055408970976257,-0.01055408970976257,0.6268967465770029,9066.0,76101.60352494371,584,14399715,4370597,658664,760976,2911503,1713168,2163930,1231960,2008171,448205,1416990,216288,1386511,0,2183280,0,1670666,0
292,000816,2018-01-08,-0.0058651026392961825,-0.0058651026392961825,0.07892028141307422,9464.0,94367.53218273517,1879,35516668,25651465,1738070,1314820,9112349,6372296,4756246,5594737,6936925,4064366,2529359,1275950,1852695,2681901,1261576,0,7329448,4347395
293,000818,2018-01-08,0.01542020046260606,0.010794140323824086,0.3294207704665577,23688.0,141063.9606949229,1551,42105851,55355250,821337,960477,6285471,10245083,6589918,7752298,8076452,11288628,5607102,5793274,4539819,4727067,2204963,4574245,7980789,10014178
294,000819,2018-01-08,-0.013814274750575617,-0.013814274750575617,0.5019980095958806,12900.0,27771.895709780987,673,9816344,4532981,612524,555910,4490982,2631931,2522352,892425,1894936,452715,295550,0,0,0,0,0,0,0
295,000821,2018-01-08,-0.0223107569721116,-0.021513944223107706,0.4118669407198243,12290.0,107346.6000868511,928,23905931,9337794,829608,928457,3852394,4110227,2678728,2153411,4356607,1259090,1370231,271609,1669274,0,1771957,0,7377132,615000
296,000822,2018-01-08,0.02385892116182564,0.026970954356846377,0.1831100338909363,30798.5,188353.08401459976,2776,108632778,124168216,1919486,1369451,15889666,10480689,16732500,15411710,21246348,23438241,14114084,14583732,11617367,13850776,4613545,6021209,22499782,39012408
297,000823,2018-01-08,0.08243727598566308,0.05017921146953408,0.31659508052437624,28820.0,236297.88923173543,1943,94846532,124849685,1149508,940838,9769967,7089235,8271121,8027334,16014094,14968093,9909155,14537601,7350545,8944374,11270605,11936493,31111537,58405717
298,000825,2018-01-08,0.01764705882352957,0.021568627450980538,0.09226704611966284,27918.0,315122.6302702727,3071,131931062,229268160,1440147,2240845,12486088,15778680,11060442,17997933,15097665,23916412,13657009,22986013,5563854,15616690,6683457,11067005,65942400,119664582
299,000826,2018-01-08,-0.004796163069544224,-0.008093525179855954,0.7971165814920761,19895.0,202254.7709386507,1751,68300965,49596584,1763025,1871121,7847238,8200385,10029841,7140978,10579364,6835471,8001464,5150737,5612519,3022707,3024227,1741721,21443287,15633464
300,000828,2018-01-08,-0.0061782877316858276,-0.007943512797881747,0.47384100146729496,14573.0,110193.32049285075,571,18756225,9592985,345734,350425,2530908,2666084,1969723,2088833,3075996,1906261,2296179,1908482,1674242,672900,854707,0,6008736,0
301,000829,2018-01-08,-0.01049317943336825,-0.017838405036726068,0.2684279190935287,9360.0,41758.06634580512,1261,19082921,6636703,3832525,665990,4891722,2470596,3911358,1350583,3052659,784447,1196892,1063837,1280857,301250,916908,0,0,0
302,000830,2018-01-08,0.03835464146748202,0.03779877709838808,0.30423070438259414,109032.0,564273.2448326905,3503,476922847,475797168,811062,431208,12906964,8470826,20534286,19877740,50469499,44603464,38687174,40447446,34001201,35371925,21337683,30183765,298174978,296410794
303,000831,2018-01-08,0.02129402129402136,0.02457002457002444,0.24311623810881075,31037.5,146326.02755191745,2524,89603960,109197655,1383437,1526344,11880738,12750762,12938181,14873381,18466183,23931293,11450046,16129966,8986201,9197955,8143069,6576486,16356105,24211468
304,000833,2018-01-08,-0.004285714285714337,-0.004285714285714337,0.21800208184123326,5576.0,39751.37779141826,1031,12595987,5510170,2544019,724284,3095591,1949265,3670329,1018558,1402907,724803,429426,537460,1035419,0,418296,0,0,555800
305,000835,2018-01-08,-0.007237635705669376,-0.008443908323280902,0.3768912470131821,11536.0,59885.51735536345,483,9862315,4366212,500672,421143,2654751,1582396,2069410,875995,1898103,1486678,1397041,0,0,0,465759,0,876579,0
306,000836,2018-01-08,-0.06021897810218979,-0.04562043795620441,0.09884566677156365,30900.0,404990.12789791345,3099,179110756,199613930,1267821,2080686,9056416,14924387,11528157,18082739,20101513,27803639,16371107,21677367,17156170,12418192,12272166,13179391,91357406,89447529
307,000837,2018-01-08,-0.004784688995215225,-0.006379585326953596,0.24377136911060376,9968.0,55120.59114669977,661,12158369,6062860,751633,618675,3454586,1904653,1978283,1065153,2128900,1219674,1634924,487521,1690051,315509,0,451675,519992,0
308,000838,2018-01-08,0.016393442622950838,0.013114754098360715,0.12691080008105224,21840.0,98243.33522684377,2316,56224712,69135583,1602669,1708882,12435208,10873531,10813814,11169292,14103614,15373699,4702287,9836621,3944656,5746012,2111590,4732037,6510874,9695509
309,000839,2018-01-08,-0.004371584699453646,0.0043715846994534235,0.15704575950844638,61253.0,301304.81436849036,3400,274359315,254225003,1306260,1303246,12381916,16036369,22118304,24098081,38540903,44473957,27833515,25983857,20477801,20011014,14004193,18620121,137696423,103698358
310,000848,2018-01-08,0.0,0.0063357972544877406,0.21359718086892449,8590.5,86898.24342005131,1968,26069966,32702025,3106805,1634498,7537000,7088501,5038353,5348168,5363884,7571986,2097970,3279684,687930,2315989,1458074,443554,779950,5019645
311,000850,2018-01-08,-0.0042918454935623185,-0.0042918454935623185,0.2388048264846307,6944.5,59334.348169356694,380,7393825,3461883,427186,367672,1645753,1364203,893689,480186,1643906,488317,884700,455265,1465235,306240,433356,0,0,0
312,000851,2018-01-08,-0.007891770011273835,-0.01014656144306647,0.34484923166825093,15803.0,121211.96809602203,661,15671256,11797166,429404,759187,3567964,3263074,2731258,1843284,2199703,2499936,761506,775991,0,675368,891547,416575,5089874,1563751
313,000852,2018-01-08,-0.009596928982725461,-0.01055662188099804,0.2518365088803272,14532.0,82223.22361575176,1713,39225656,25182601,1383727,1080730,8952554,7039875,8868101,6235912,8799308,4701497,2652087,2309454,1783210,1420258,0,422010,6786669,1972865
314,000856,2018-01-08,0.01384809064204795,0.0008392782207302663,0.41816141976456467,72215.0,385889.3255147998,3253,285891279,268589723,1098169,973615,10869107,12928756,19779630,21293128,34478250,36674433,34641937,29549715,32153999,20582631,19369296,23101910,133500891,123485535
315,000858,2018-01-08,-0.004722121322193962,-0.006054001695120492,1.381369916395512,271491.0,1009955.2377507125,3576,901353777,942723267,190337,107593,3328398,4014576,12157827,15156463,44119973,48300756,59907992,63588087,58025546,61949269,50252626,61874880,673371078,687731643
316,000859,2018-01-08,-0.006880733944954143,-0.006880733944954143,0.19277664896505606,10850.0,57608.19740760008,511,8236976,6794378,283815,552997,2356794,2544868,1101976,1469990,1684930,1438743,291842,299460,1230578,0,1287041,488320,0,0
317,000860,2018-01-08,0.01463669628855202,0.01515943544171483,0.40591789708651876,11562.0,99100.91113573652,2222,38363728,52943627,2689284,2684928,7052066,9523642,6177884,8040241,8258069,9242497,5786494,3969279,1132443,6922154,909027,2725884,6358461,9835002
318,000861,2018-01-08,0.01273885350318471,0.009554140127388422,0.10814086698929463,5724.0,69277.77568178746,845,10719466,10518087,770589,908779,2620462,2216243,1545131,2009802,2571696,1758751,494855,884350,997806,692348,485707,475082,1233220,1572732
319,000862,2018-01-08,-0.005859375,-0.005859375,0.23163358585622643,5100.0,28719.801379779594,488,4205754,2732813,717880,283465,1761795,924509,754704,727529,650196,520414,0,276896,321179,0,0,0,0,0
320,000863,2018-01-08,0.02226345083487935,0.02226345083487935,0.16834218973650641,11571.0,56535.44525618268,1026,15289531,17786840,785158,1057460,4509097,4218481,3870400,3095103,3357355,6131599,2175182,1768436,0,666786,0,0,592339,848975
321,000868,2018-01-08,0.02411021814006875,0.02066590126291623,0.15256228173269915,53365.0,361644.10315847205,3268,255294402,298207877,1385900,1293682,13195250,14207752,18123764,19844222,32391121,32070352,22381392,24176485,23963876,22387997,20003637,14694008,123849462,169533379
322,000869,2018-01-08,0.0027638190954772934,-0.0002512562814069863,0.8601404671878877,32084.0,153890.94147955457,2142,80255749,76736761,1147077,1283987,11115148,11722133,13237685,10012831,18192015,15496790,7155318,11251863,5018018,7410324,6178054,4928250,18212434,14630583
323,000875,2018-01-08,-0.012499999999999956,-0.007499999999999951,0.1361544356399595,11910.0,88372.68206864681,864,23084160,10394505,771341,759473,4557686,2178203,6431796,2148848,3529197,2082290,1643845,955185,1468754,1115618,1673831,478400,3007710,676488
324,000876,2018-01-08,0.019354838709677358,0.01806451612903226,0.13492404750001677,42241.0,300770.5447639834,3308,175033475,244057797,1278469,1756555,12911797,17096660,22358147,22004897,27693388,28632342,15065092,23585920,15817835,15148468,14119122,16011684,65789625,119821271
325,000877,2018-01-08,-0.004310344827586077,0.008620689655172376,0.20407001722017118,64322.0,428699.9144002739,3238,248873310,267933920,1106879,848774,13322008,11720350,21170628,18091872,40750945,35503393,34690498,29978640,29326798,27315893,16718111,16707665,91787443,127767333
326,000878,2018-01-08,0.03711634546752318,0.03854389721627416,0.25661680946040394,59125.0,439173.9007211426,2985,221973434,309236958,1189369,916087,11219543,12065576,18061975,17722500,29096699,33914326,26820092,26772619,18723388,17504455,17919070,21955742,98943298,178385653
327,000880,2018-01-08,0.00741525423728806,0.005296610169491567,0.4843058694818776,9550.0,29531.284829754764,379,4611904,3355430,438287,447232,1997756,1657262,1249317,750800,683250,500136,243294,0,0,0,0,0,0,0
328,000881,2018-01-08,0.010542168674698926,0.011295180722891596,0.3781016915300071,15846.0,119325.76176611078,1234,30505191,31770945,583509,1299106,5820531,5083131,5180435,4516870,5786763,6564845,2448869,4731342,3247760,1974769,496320,2172594,6941004,5428288
329,000882,2018-01-08,-0.003215434083601254,-0.006430868167202619,0.10398769908362389,4944.0,65370.32338564926,896,13042920,6591746,1185177,639699,3051197,2068023,2066343,1011690,1501985,1088234,1992031,541550,1336567,621000,0,0,1909620,621550
330,000883,2018-01-08,0.0062893081761006275,0.0062893081761006275,0.1228894450709144,7185.0,116346.64437005915,1510,20258476,27646672,896982,2680468,4870882,4841599,1882186,3069994,2143372,4735498,2283596,2655656,719300,1039444,1353173,960999,6108985,7663014
331,000885,2018-01-08,0.02429378531073434,0.035593220338983045,0.3164513330265257,58032.0,228156.0993815213,3134,179613594,191344930,1071455,840521,13708201,13144313,19687158,20557869,40362204,36787962,27788858,24535114,18607546,24179057,13545328,12057935,44842844,59242159
332,000886,2018-01-08,-0.005494505494505475,0.005494505494505475,0.21590638489551178,12257.0,175121.328899906,1138,27589712,32438283,968967,999236,3788147,4722803,4227704,3359901,6866717,3994895,1927288,2648053,2046768,2149849,3480262,404064,4283859,14159482
333,000887,2018-01-08,-0.02032085561497321,-0.02620320855614966,0.42926764460044947,18230.0,172466.69233217166,1899,75405116,38992860,2399832,1097323,10735915,6294159,10858862,5270226,11353475,5949392,8779813,6098291,5023923,4340706,4948997,1883531,21304299,8059232
334,000888,2018-01-08,0.013661202185792476,0.0018214936247722413,0.35995115031939573,10970.0,60908.12069335171,930,15188610,13291104,1159546,1062577,3565545,3573549,2599543,2000772,2982544,2327803,2331820,1765787,1686942,1406066,862670,494550,0,660000
335,000889,2018-01-08,0.01966717095310133,-0.013615733736762614,0.5538990364334926,13070.0,110840.23167802283,569,19043015,10176715,460637,434608,2097212,1835692,1898593,2164247,4489707,2367938,3390645,1972691,2132511,734969,859324,0,3714386,666570
336,000890,2018-01-08,-0.007309941520467822,-0.007309941520467822,0.36061027012103825,6790.0,29597.490582013605,359,4151581,2336196,457010,138242,1532226,1401506,1151469,400888,739676,395560,271200,0,0,0,0,0,0,0
337,000892,2018-01-08,-0.0012919896640826156,0.003875968992248069,0.3971534756786627,7750.0,46308.237480910895,379,5238088,4344931,412026,250261,1050451,1634110,1708685,758587,1558375,962311,202797,211302,305754,0,0,0,0,528360
338,000893,2018-01-08,0.016703786191536896,0.018930957683741534,0.25761885552165337,14624.0,81067.97065622456,1216,20470547,27101146,881152,1362046,6084894,5507456,4050498,4827285,5292570,4746419,936246,3214719,313950,2420740,410290,1753274,2500947,3269207
339,000895,2018-01-08,-0.01075268817204289,-0.01075268817204289,0.5154708074007502,38724.0,258161.00677050784,2933,156700701,147696848,1596404,1270178,12514455,13251518,19662494,21179753,23761606,28371658,11613921,11642528,10676625,8147435,6263436,4634917,70611760,59198861
340,000897,2018-01-08,0.01098901098901095,0.013736263736263687,0.08257472859191867,10360.0,106694.5884325961,1955,31919349,35814077,1986633,1572234,7331655,8624768,5204818,7001665,4942376,7102825,2269061,2160978,2669658,1684310,1887883,887955,5627265,6779342
341,000898,2018-01-08,0.03215926493108734,0.03522205206738116,0.12433522261552939,35601.0,324605.81285273616,2766,160179881,198453417,1229299,1674410,10251576,12302764,15567070,14608465,19826631,25747201,14304940,15665696,14331582,18854059,9286496,15010176,75382287,94590646
342,000899,2018-01-08,-0.00830564784053156,-0.004983388704318803,0.28079225702775695,6000.0,44348.70123165962,459,4869934,4681096,433482,418683,1168524,1309007,782577,1419536,1187335,1284921,506626,248949,361800,0,429590,0,0,0
343,000901,2018-01-08,0.0058091286307053736,0.0012448132780082943,0.6052648847819704,23790.0,97201.73763217662,1585,40941259,40838452,1351456,927120,7081791,7511252,8815224,7096408,11522187,9034435,3943924,5278210,3168796,1019524,1847046,3557405,3210835,6414098
344,000902,2018-01-08,0.007670182166826578,0.0028763183125599667,0.3348952821960895,10380.0,194779.09604664962,970,27724493,32303198,592193,1043962,3202647,2590343,2474519,2820563,2903876,4364189,1853507,2373165,1597895,1883897,1370237,4838277,13729619,12388802
345,000903,2018-01-08,-0.008264462809917328,-0.011019283746556474,0.12427862584023577,7200.0,92120.01881792344,855,17096692,15052285,581430,949653,2877154,2903723,2022638,1882032,3687494,1990395,1920199,2322705,2009273,2006040,2237618,0,1760886,2997737
346,000905,2018-01-08,-0.002673796791443972,-0.0008912655971479166,0.3066402908121188,14625.0,81794.55434153536,1339,25288753,24471163,1069777,975659,7553876,5454534,6050612,5141014,5428609,6273531,2478289,1866990,1314743,324547,877917,449735,514930,3985153
347,000906,2018-01-08,-0.01055408970976257,-0.01319261213720313,0.35011978372502434,11631.0,50843.036653747055,468,8444864,5312366,525062,473846,2091809,1936577,1781973,1086645,1914509,1351931,978123,463367,319600,0,833788,0,0,0
348,000908,2018-01-08,-0.0031847133757962887,-0.006369426751592355,0.2981110763808724,7476.0,69883.58128466996,443,6401645,2908357,381413,488769,1718916,1606241,1222996,813347,576525,0,249600,0,366947,0,0,0,1885248,0
349,000909,2018-01-08,-0.035964912280701755,-0.030701754385964897,0.40615966014484406,11110.0,75996.6786863373,788,14041282,10384952,606773,926523,4268516,2898296,2882575,1936920,2495881,2182895,1174665,759912,678942,0,441200,0,1492730,1680406
350,000910,2018-01-08,0.04589371980676327,0.03582930756843794,0.5521342270134709,31200.0,166832.6548400283,2030,79830198,77846465,1286616,600242,13376702,11157211,9224305,9346944,10207746,13894031,8387555,12489778,8424157,7358957,4425700,4023922,24497417,18975380
351,000911,2018-01-08,-0.007360672975814997,-0.007360672975814997,0.2911662264318578,12220.0,63759.31646857299,1067,20884493,12200070,1025613,1165960,4543595,5029616,3306020,2065146,5233636,1563019,2421991,514601,706050,1041102,1365333,820626,2282255,0
352,000912,2018-01-08,0.034700315457413256,0.03312302839116721,0.15993495145995446,9184.0,70803.59988964182,1574,23408787,25798001,1732515,1297384,5932842,5802315,4233911,4734103,4949463,4699310,1084383,3920958,1713816,2025873,952740,828961,2809117,2489097
353,000913,2018-01-08,-0.00649026460309543,-0.011982026959560743,0.8435305486270065,17730.0,117341.17908616613,564,17338068,10912872,479454,509465,2949714,2199985,2711684,2113841,2386735,1354709,1699769,785344,2143131,321762,1322565,879467,3645016,2748299
354,000915,2018-01-08,-0.010233450591621396,-0.011512631915574056,0.9128099367557243,12552.0,98723.7310198979,1173,28690734,16674184,1362583,1210230,5972021,4160324,4833518,3105317,4412693,2737362,3258441,1654237,1721823,345365,2708195,1318776,4421460,2142573
355,000917,2018-01-08,-0.0078037904124861335,-0.00891861761426982,0.233654644550994,17800.0,193576.00052270497,1474,60956401,41412522,1340107,1350234,6721820,6347079,6893405,5071313,8125841,6364223,5978212,5328148,5833668,3127817,5407040,3074038,20656308,10749670
356,000918,2018-01-08,0.008462623413258097,0.01128349788434413,0.17643381427038238,18811.0,93640.59497180926,1616,38148462,45232655,1072514,1282896,7783408,7297597,6074331,8822949,7407666,8729090,5991548,7160157,4393687,4561760,2142259,2603461,3283049,4774745
357,000919,2018-01-08,-0.003325942350332567,-0.005543237250554167,0.42107115741272205,10332.0,50241.45794385416,458,7523806,4976836,514566,401833,2293300,1599930,1707773,1131877,1601766,1235084,233273,221154,731833,386958,441295,0,0,0
358,000920,2018-01-08,0.0010030090270811698,-0.0020060180541626726,0.37160854964017187,7936.0,38196.900257514775,719,9680459,6409608,616417,800732,3014388,2024000,2936262,1770805,2603514,1255242,509878,228160,0,330669,0,0,0,0
359,000921,2018-01-08,0.0,-0.0006720430107527431,0.2934592572466099,17682.0,97642.98604543177,2574,64991168,41790196,2841732,1119418,17069801,10079615,13622634,6737408,9623568,7860314,5588036,4447516,4486330,2941289,2268051,435105,9491016,8169531
360,000922,2018-01-08,-0.0439952437574318,-0.027348394768133222,0.24687358906023446,16054.0,73367.59606228732,1161,28501493,17389725,1008569,964316,5722778,4813045,5960617,4134811,4679260,3827534,4164527,1900638,2448440,324012,2574235,890493,1943067,534876
361,000923,2018-01-08,-0.015322580645161232,-0.015322580645161232,0.5520969246749079,24430.0,95553.56115148398,2019,54341038,43768807,1652990,1370151,10031874,11185829,11741557,8598211,10019852,9766462,6479585,5658462,4835449,3063596,2415220,436100,7164511,3689996
362,000925,2018-01-08,-0.01221864951768492,-0.014790996784565968,0.5944323399497659,9183.0,68784.49684550006,684,11128933,6983308,519681,1026612,2898975,2326975,2035347,1394230,1889025,1002535,737350,929379,651780,303577,459000,0,1937775,0
363,000927,2018-01-08,0.006578947368421018,0.0,0.13833798204067638,11959.0,83900.45471790305,1088,19255840,22430703,940373,1001399,4715999,4636557,3271430,4371763,3665459,4074917,2707252,3049594,1029560,669412,842745,451319,2083022,4175742
364,000928,2018-01-08,0.04477611940298498,0.040298507462686484,0.14669785764594007,20925.0,143887.4528370325,2091,74336832,66712782,1732248,1439261,8823244,7969941,11736402,9736971,13585157,13313849,9359083,8273257,9307611,5705385,3086937,2177540,16706150,18096578
365,000929,2018-01-08,0.014285714285714235,0.01680672268907557,0.4257740514006751,11830.0,79810.97223521494,783,14785359,12736139,905079,485311,4160680,2536646,2319308,1896965,3580234,1837079,1459419,1564755,1507649,1046689,852990,483205,0,2885489
366,000931,2018-01-08,0.03749999999999987,0.0277777777777779,0.17913645809151793,11632.0,194343.2723845243,1623,25061622,47139273,1758934,1584982,7831059,6466045,6818331,5373189,5078344,2899091,1983628,2079561,1014772,678830,0,900133,576554,27157442
367,000932,2018-01-08,0.03490990990990972,0.0326576576576576,0.16679422596188206,51296.0,296460.64114037674,2840,179423245,207534440,1391823,1347871,10727445,10297182,16777606,18151886,27794164,32126182,19078315,25920772,20267830,16258031,17902905,19475135,65483157,83957381
368,000933,2018-01-08,0.04506232023010548,0.05465004793863848,0.17544516614626413,188783.0,591672.86295297,3545,603460277,657983047,342448,204200,7502075,7469470,18710354,16398817,51705569,53387834,49332238,51842569,48502607,50046601,50765768,51178181,376599218,427455375
369,000935,2018-01-08,0.014230979748221184,0.011494252873563315,0.34031600439325865,40546.0,132997.0643512257,2885,116981402,120515683,1436910,1230540,14307483,13635355,19039915,20595038,28653204,29099779,17670983,16683273,9455936,9587040,10664345,6587576,15752626,23097082
370,000936,2018-01-08,-0.005934718100890191,-0.010385756676557945,0.19633833282479105,13360.0,96915.94896232369,1179,29244923,17962971,1072707,1016310,6130164,4686149,4534961,3849013,6049654,3444530,2598035,1384169,2081939,1079334,924447,920981,5853016,1582485
371,000937,2018-01-08,0.021035598705501535,0.03398058252427183,0.11626957375388186,25000.0,336729.697938524,2837,111186789,187026827,1884843,1617588,9623169,13042628,11624842,16125785,13816203,21887444,12067697,17453225,12927561,21915589,4240656,8536796,45001818,86447772
372,000938,2018-01-08,-0.014961185603387217,-0.023288637967536885,1.4391075560834237,49105.0,300214.9356516272,2425,175484120,128578129,826901,1223324,10976012,11590560,14947270,15686048,27483433,22843558,18396234,17033823,13889524,9199013,9569997,7680478,79394749,43321325
373,000948,2018-01-08,0.012392755004766443,0.0038131553860818457,0.4663091304186325,9423.0,48215.88600733408,506,7621533,5554297,279971,345701,1882381,1654186,1839557,1083855,1774088,2202331,735852,268224,627604,0,482080,0,0,0
374,000949,2018-01-08,0.017621145374449254,0.013215859030836885,0.14828817592079405,9120.0,55885.885980196,938,12500263,13856710,935851,884433,4114360,3911490,1916100,2638331,1939945,2906687,479040,2582702,995869,0,2119098,933067,0,0
375,000951,2018-01-08,0.014188422247445986,0.009080590238365494,0.3797221251208532,25994.0,94939.85103231514,2157,55852886,52474420,1055793,1104910,16545763,9634627,12545185,10367733,10872309,10709425,4978858,7203058,2714144,4403128,1324263,2255432,5816571,6796107
376,000952,2018-01-08,0.0020026702269693164,0.001335113484646211,0.4583430974540779,14870.0,114407.34406875176,1068,24079128,23457794,1419948,531599,5131025,4670427,3727389,4053784,3165903,3237462,1992450,3273538,1823169,1699108,914104,903900,5905140,5087976
377,000953,2018-01-08,-0.021197007481296715,-0.018703241895261735,0.27617929602540847,11805.0,47699.08609463918,843,13882789,8108135,816490,791851,4639620,3032709,3392524,1758615,2182741,1728184,502294,487392,1271603,309384,494550,0,582967,0
378,000955,2018-01-08,-0.018731988472622585,-0.02017291066282434,0.21162395708613327,3387.5,65660.45189597625,1078,16407907,9138296,471042,1455562,2724194,1815678,3279574,1624844,4664218,1562584,1354818,886742,1040053,368530,1305954,0,1568054,1424356
379,000957,2018-01-08,0.008810572687224738,0.004405286343612369,0.2556887224747156,16142.0,98007.99602112225,1972,50567705,45259905,1115935,1767032,8508280,8751016,8419465,7600851,11021993,11760540,6433285,4856016,2954686,2761887,4493925,2210063,7620136,5552500
380,000958,2018-01-08,-0.001848428835489746,-0.001848428835489746,0.12852746038802323,10820.0,69788.97715390786,1775,37074493,22504554,1789716,1356250,8717020,6251734,6220102,5439360,6640635,4562071,4154640,2294462,3116893,1535431,1790779,432817,4644708,632429
381,000959,2018-01-08,0.013223140495867813,0.014876033057851235,0.13523460569350543,9255.0,69628.43938580046,2007,24097313,30225098,1151881,2794308,9804703,7111892,3888487,4458635,2663479,5675371,743798,2617631,959779,5665051,1402252,1294924,3482934,607286
382,000960,2018-01-08,0.023484848484848442,0.027272727272727337,0.24778503372268848,33550.0,227047.54833398815,2841,111434301,177298855,1361062,1065194,10527061,17728868,13706294,18375887,23482212,27506199,10689835,19188380,10155709,12955745,8345720,7675182,33166408,72803400
383,000961,2018-01-08,0.026647966339411022,0.026647966339411022,0.12237459854339494,60756.0,557797.8798330373,3407,273758865,392687508,677465,1685840,9425536,16830313,14783008,25457630,28057828,43589045,24413200,31776363,23553040,35560491,17911689,21949934,154937099,215837892
384,000962,2018-01-08,0.011695906432748426,0.010526315789473717,0.2795606959736616,11115.0,69064.49097700078,935,15124434,16798673,774544,1215150,3567117,4599823,2965492,2755197,2431500,3848223,1938426,864922,1057298,1662663,427500,1299095,1962557,553600
385,000963,2018-01-08,0.01580817051509764,0.014564831261101308,1.2171325223287006,28642.5,226019.12439511056,2144,84526517,109545379,856323,1047706,9102539,12449712,10357859,10736466,16077864,13636859,10294262,11652431,5925537,7219041,4935266,7021180,26976867,45781984
386,000965,2018-01-08,0.0066225165562914245,0.008278145695364225,0.14688937149432643,17487.0,85737.55382301222,1693,34215534,40941717,1444883,1200888,8295020,8378412,6483461,7924636,7619749,8490580,4822423,4083550,1380250,3153554,1776939,1295133,2392809,6414964
387,000966,2018-01-08,0.0,0.0025188916876572875,0.16760110946708767,7200.0,100496.08617007101,561,9802649,8396861,534855,940177,1828185,1237482,1121037,819990,1592208,789956,711328,705859,710630,322003,0,1783862,3304406,1797532
388,000967,2018-01-08,0.0094736842105263,0.011578947368420911,0.2694701488185206,19000.0,94359.40711033231,1243,30881932,28516511,1053812,1125693,7545925,4950339,4329873,4782928,4730388,4917405,4325653,4251686,2487442,2055972,3301441,2842841,3107398,3589647
389,000968,2018-01-08,0.03396226415094339,0.017610062893081757,0.37541743129067157,17798.0,87631.11726290462,1795,38240752,46069998,1350871,1549773,7775131,11462555,6367023,9333735,7648123,9416869,4996002,3804510,3238522,3737831,2218435,2256864,4646645,4507861
390,000969,2018-01-08,0.015765765765765716,0.012387387387387427,0.23765052478534623,8920.0,67952.6215633607,1397,22110008,28070351,1294413,1490330,4008499,5220628,3706415,4858895,5737213,8679593,4744352,3264621,747588,2002727,1871528,1398356,0,1155201
391,000970,2018-01-08,0.03109540636042407,0.024028268551236742,0.27062682478973366,43050.0,221984.59692911882,2735,122876870,173143113,1322248,1074366,14351389,12480724,17817300,16331961,26249356,28163669,19328803,18784150,10395407,14216967,9029386,9382711,24382981,72708565
392,000972,2018-01-08,-0.004640371229698292,-0.004640371229698292,0.2167347287293798,8600.0,88901.94675705243,395,6010086,6864886,343253,377624,1726317,1113161,978637,243774,761421,1648438,683068,1079745,306590,317088,438600,461600,772200,1623456
393,000973,2018-01-08,0.008116883116883189,0.008116883116883189,0.1951159413047341,8099.0,47787.12517501032,997,13346895,11215614,1028362,996839,3389875,3573338,3182463,2780662,2756177,2365665,1691218,658443,679800,0,0,840667,619000,0
394,000975,2018-01-08,0.01080691642651277,0.012968299711815456,0.35017157469779064,5632.0,136770.25745229307,1572,29984748,41807676,1796753,1749634,3692269,4200398,2753139,3969695,4461705,4909593,4676184,9032856,1279251,3470042,1280177,2621015,10045270,11854443
395,000976,2018-01-08,-0.01318944844124692,-0.016786570743405393,0.29053640978455786,11515.0,82288.76904008235,824,19904460,10208742,834492,699762,3693383,3279314,3698964,1984295,4142619,2680133,1921788,0,2393793,331669,465192,432430,2754229,801139
