,code,date,pchange_whole,pchange,change_std,amount_median,amount_std,length,sumsell,sumbuy,sell_vol_0,buy_vol_0,sell_vol_1,buy_vol_1,sell_vol_2,buy_vol_2,sell_vol_3,buy_vol_3,sell_vol_4,buy_vol_4,sell_vol_5,buy_vol_5,sell_vol_6,buy_vol_6,sell_vol_7,buy_vol_7
0,000001,2018-04-09,0.020370370370370372,0.020370370370370372,0.18212366351598647,118663.0,673377.0544646173,3522,493538990,513605990,710237,532304,11099251,11279451,21680344,21194282,51343050,46466661,41761943,36822189,45832691,42023748,32587979,34081531,288523495,321205824
1,000002,2018-04-09,-0.03302752293577982,-0.04587155963302758,0.5569956172355526,124644.0,766336.6818974509,3449,611768636,532909714,511495,733691,9722507,10659684,17731370,20935039,34902729,45406579,37018546,42687538,35297979,39039761,25858133,27346758,450725877,346100664
2,000004,2018-04-09,0.02589731940027251,0.012721490231712762,1.5895842618746663,8920.0,18511.659831615427,191,1507338,1122860,209083,191579,989160,594716,309095,231755,0,104810,0,0,0,0,0,0,0,0
3,000005,2018-04-09,0.0053475935828875,-0.002673796791443861,0.1290694616985526,6888.0,65519.35133981776,841,9962174,7836305,1980150,676527,2238725,2259510,988433,1686554,1560448,1495749,729390,444000,365652,311967,0,446028,2099376,515970
4,000006,2018-04-09,0.0070028011204483764,0.0070028011204483764,0.17503535902081538,15067.5,107059.21161082348,1666,42063029,44094525,1120064,1688608,6869130,7600874,6636602,6934751,7290848,7900707,7092407,5651988,2804010,3616240,3122057,3131134,7127911,7570223
5,000007,2018-04-09,-0.021052631578947434,-0.014035087719298178,0.6132369184708165,14090.0,98593.92391725606,540,17940571,8172836,426492,512792,1806532,2090097,2739357,2201144,3149332,2155578,2343192,775372,1443444,0,1310592,437853,4721630,0
6,000008,2018-04-09,-0.010432190760059634,-0.0044709388971684305,0.1977254894158506,6680.0,70848.72000297038,1152,14655752,14590605,1256872,919209,4264086,3457270,2500508,2513357,2447421,2325314,904876,1837375,301484,0,1857101,969855,1123404,2568225
7,000009,2018-04-09,0.01437699680511173,0.007987220447284393,0.14434890459372937,17388.0,212493.13527394287,1884,71601847,67323460,1684366,1432903,8548470,6913230,7263367,7430089,11526195,12386708,7920182,5715075,5700905,4707977,5514116,3680681,23444246,25056797
8,000010,2018-04-09,-0.0023148148148149916,-0.006944444444444531,0.16904431887888405,4280.0,33513.719433191414,653,4995887,4988397,516153,777670,1609092,1853254,1473120,1183272,629434,512001,427288,273050,340800,389150,0,0,0,0
9,000011,2018-04-09,0.005252790544977071,0.011818778726198298,0.4306542133328187,15210.0,70352.08013243467,1251,25424706,23582254,938214,1122783,6190306,5851772,5704484,5478816,5010683,4119499,3174793,3526146,994133,1363350,970318,435580,2441775,1684308
10,000012,2018-04-09,-0.014666666666666717,-0.016000000000000014,0.18818087388423624,8079.5,107231.97425616752,1590,34658158,24340198,1567952,1500705,5212650,5655342,5096796,3854810,4135006,4004329,3932135,2653106,3307769,1737187,419868,1727352,10985982,3207367
11,000014,2018-04-09,0.036206896551724155,0.04137931034482767,0.28056798822445084,21348.0,94713.26573616543,1713,41658291,43039200,1241279,1010371,10264540,7916168,7503951,7096686,10527630,7927190,5067886,3609371,2093923,3092968,2270149,2175193,2688933,10211253
12,000016,2018-04-09,-0.010000000000000009,0.0071428571428571175,0.1519184083701046,16908.0,159288.8503434566,2128,58354310,70046296,1356034,1841634,6362160,10749402,8527719,9826252,11119004,14253893,8700858,8046747,5911073,6025190,3624713,2179130,12752749,17124048
13,000017,2018-04-09,0.001808318264014508,0.010849909584086825,0.26618207490749973,7672.0,37580.746876989615,431,4877560,3286471,430313,424026,2072672,1275180,932718,860301,676475,479656,247191,247308,0,0,0,0,518191,0
14,000018,2018-04-09,0.0016393442622952836,0.004918032786885185,0.19136454385257026,13497.0,66812.49718605439,1016,16775384,17797850,993479,717206,4285617,5362834,2671782,4306051,2280399,3341181,1905493,1082062,2077992,1004484,1326784,1345632,1233838,638400
15,000019,2018-04-09,-0.11172413793103442,-0.08551724137931038,0.26606739381352734,56631.0,685526.1005957137,2985,199136371,253862486,745571,1176751,9930177,15178224,16576839,21020256,25663163,31380936,21314990,29247070,19896526,23190594,16253756,21863451,88755349,110805204
16,000020,2018-04-09,-0.0054421768707483276,0.010204081632653184,0.3906256099852654,15620.0,82246.48896372112,1419,29869226,27566446,1087817,1150958,6638122,6640867,5448761,4764406,6166032,6673736,3608068,4643297,2239671,985685,0,941820,4680755,1765677
17,000021,2018-04-09,0.005959475566150063,0.004767580452920139,0.18371494385825662,16980.0,125294.68520567456,2088,55437734,51295606,1674358,1498701,10129432,10168026,8743889,9167733,10368086,12327924,5990779,3985061,3545784,5770259,4406351,2775754,10579055,5602148
18,000023,2018-04-09,0.04526748971193406,0.05820105820105814,0.5805471114568362,12232.5,62573.10676826584,860,11873590,16749857,874335,610163,3558586,3359902,2539045,3047889,2568549,5109533,939060,1791164,399156,1820649,400199,417367,594660,593190
19,000025,2018-04-09,0.00925421883505706,0.012792596624931818,0.8090699735366301,22356.0,88741.77686839673,2064,54324844,57027309,1537761,1145762,10126779,9902509,9744812,10816893,14705887,15830349,7437140,6959242,5019028,3663652,2628625,3461119,3124812,5247783
20,000026,2018-04-09,0.0009310986964619072,0.0009310986964619072,0.4220445693326542,12756.0,48065.8615748041,647,10255190,8120880,357462,591437,2602349,3204778,3397195,1772522,2012903,1163772,1009956,712285,350130,676086,0,0,525195,0
21,000027,2018-04-09,0.013675213675213627,0.011965811965811923,0.17115123749972153,13478.0,107823.61007426161,1169,24392062,31758166,739537,1178851,4260931,4291545,3537261,6510599,6542524,6162510,2991991,3251514,1047094,2943021,1299100,0,3973624,7420126
22,000028,2018-04-09,0.030789825970549023,0.03229585006693436,1.5802457729251,30650.0,180272.69076228712,1431,55926845,53411188,982993,798026,10793382,5884517,7702134,5036305,6906185,7707787,4113032,7167149,3603476,5974259,3743254,2093797,18082389,18749348
23,000030,2018-04-09,0.0028571428571428914,0.0014285714285713347,0.21626075093869393,3507.5,27734.395198985585,1048,5909786,5731640,1562065,710657,2183010,2203104,502698,851512,1166713,894991,495300,416624,0,654752,0,0,0,0
24,000032,2018-04-09,0.023783783783783763,0.021621621621621623,0.29633485423920786,9315.0,56065.358281264154,976,11230444,12238198,945050,1196231,4181955,3973098,3447661,2322169,1703910,1339289,951868,751150,0,1393561,0,0,0,1262700
25,000036,2018-04-09,0.01703163017031617,0.014598540145985384,0.24718288115310835,14357.5,92051.6647445583,1106,19171204,22140016,756698,930895,5488347,5216545,3626285,3504688,3943598,5000701,2556968,2836784,1316712,1082910,460096,412500,1022500,3154993
26,000037,2018-04-09,-0.008823529411764675,0.0,0.29624422608490686,8866.0,38651.43706722831,527,6945618,5219020,439127,559729,1945516,1819448,1595959,1322880,2172955,1213473,792061,0,0,303490,0,0,0,0
27,000039,2018-04-09,0.01055245189323406,0.008690254500310468,0.3582687334138282,22680.0,105821.98528792734,2023,45289908,61658410,1282679,2194192,8506366,12380310,8808867,12666266,9346497,11150322,4073468,8099606,3270404,5745064,2207235,2282508,7794392,7140142
28,000040,2018-04-09,-0.0121212121212122,-0.01904761904761909,0.33880151774238004,5690.0,157078.53963558996,1168,23406445,15468112,1270282,985822,2840412,4361887,1863801,1697202,2280207,2387754,1294565,1558156,2343932,315252,429400,1287026,11083846,2875013
29,000042,2018-04-09,0.008275862068965356,0.008965517241379395,0.716598837139001,5804.0,24959.82209026367,409,2365373,2972244,500101,569355,1006830,1356486,424037,230477,434405,611476,0,204450,0,0,0,0,0,0
30,000043,2018-04-09,0.0077605321507761005,0.008869179600886845,0.4499767000668407,9966.0,78034.353064039,401,8303403,6632337,243779,455572,1733812,1334069,1935811,1261014,1535169,1253262,876105,0,1365233,1042400,0,0,613494,1286020
31,000045,2018-04-09,0.003516998827667095,0.01992966002344665,0.23219063423041048,13504.0,52193.556554796014,1351,19910486,21060978,1153796,1501558,6077930,6676823,4565588,5531724,4941049,4383089,964957,712167,717951,634261,884015,943666,605200,677690
32,000048,2018-04-09,0.015301902398676681,0.012406947890818865,1.1733153583859197,7312.5,28618.473048255673,424,3191999,3658928,243170,810629,1233522,1692050,757222,529255,958085,116544,0,510450,0,0,0,0,0,0
33,000049,2018-04-09,-0.006402439024390083,-0.0060975609756096505,0.7907092981940126,16295.0,64291.943372572525,1721,33702079,28224946,1704680,2002304,8085564,8775391,6094293,6903430,7358672,4265925,3844771,2377664,4137540,2306710,415509,911283,2061050,682239
34,000050,2018-04-09,-0.006389776357827448,-0.0031948881789137795,0.33541116516984054,29830.0,141427.40275811506,2179,78240564,72875150,980358,1447681,13936405,10141054,12122742,9960206,17086841,14678698,8485827,7178249,4747249,7388588,6401177,7655283,14479965,14425391
35,000055,2018-04-09,-0.011379800853485111,-0.009957325746799417,0.19334659629621104,13920.0,133838.43575396383,1323,33271444,23617153,970017,1488267,4940610,6815440,3866405,5074348,7305704,4493189,2701427,1792813,2097589,676712,1282022,464980,10107670,2811404
36,000058,2018-04-09,0.10301109350237714,0.10301109350237714,0.16750275716813823,13920.0,294373.3361769225,1423,72323437,16066120,1791170,507528,9008557,2873251,8134946,2595258,5748556,3009176,5387530,1136592,5122470,2315148,3079800,474360,34050408,3154807
37,000059,2018-04-09,0.006637168141592875,0.006637168141592875,0.2656137819311498,20838.0,149560.59162535262,1158,38019238,38854867,1011310,1038049,4808410,5724075,4509591,5791200,8047651,8079700,4109682,4313805,4081027,3235750,1786298,3204507,9665269,7467781
38,000060,2018-04-09,0.004237288135593209,0.004237288135593209,0.2129146403907092,19120.0,104577.93599973006,1967,59913980,47650181,1961007,1448712,9840527,8245722,11025162,8112569,13806217,11264550,7695548,4993508,5677842,2750734,1356460,3962360,8551217,6872026
39,000061,2018-04-09,-0.021419009370816644,-0.016064257028112428,0.20636680019165227,14680.0,106920.99589890592,1311,32732522,26635855,1144637,1174836,6179627,4735976,5351455,4968704,6729638,4777444,3468597,2950468,2866417,2487202,1768424,1761584,5223727,3779641
40,000062,2018-04-09,0.02751322751322771,0.0365079365079366,0.6103505246955083,9555.0,88050.72202306766,959,13449354,21643830,614498,1440730,2581296,4316577,1791655,2929208,2328908,4336384,2284238,2733776,689526,2447473,451949,893980,2707284,2545702
41,000063,2018-04-09,0.012162162162162149,0.014527027027027017,0.5067348569709416,123690.0,653862.0521850648,3413,471669921,507856869,571980,626083,11440029,8938155,22283086,19148451,46971549,36463977,41739527,41602167,44596759,37347415,31293105,35363008,272773886,328367613
42,000065,2018-04-09,-0.009535160905840279,-0.00476758045292025,0.46699110508236324,16710.0,72792.55552811465,1291,29625839,21665376,825327,1266482,7284211,6407714,6523906,4655834,6409250,5295969,2260517,1918004,2100151,650307,851078,872020,3371399,599046
43,000066,2018-04-09,0.021818181818181737,0.020606060606060517,0.1457561249890662,60294.5,380828.1120976514,3214,224553652,318485835,1357886,1108469,13343426,12044898,19577472,19708274,33270906,37512660,26512905,31542649,20014512,20583682,17847294,19707251,92629251,176277952
44,000068,2018-04-09,0.011111111111111072,0.008888888888888946,0.17029769748566725,5720.0,55582.73846176938,699,7697684,9132137,768464,458046,2649287,2201114,1683755,1716214,1510132,1726830,725232,255750,360814,360000,0,829541,0,1584642
45,000069,2018-04-09,0.0037878787878788955,0.0012626262626262985,0.17691815477830033,11102.0,179467.44837376746,2007,68519944,56350735,1444842,1793580,6933211,7462789,5613751,7703058,10300869,10283740,7179512,5325974,5479925,3625314,417384,1876977,31150450,18279303
46,000070,2018-04-09,0.0064446831364122215,0.007518796992481258,0.26533179438723675,13875.0,72768.9205310578,1232,23698566,19604980,1130960,1020880,5998872,5152879,6325870,3924750,3909397,4183922,2212449,926670,1364193,1403929,0,1244970,2756825,1746980
47,000078,2018-04-09,-0.008291873963515717,-0.004975124378109541,0.14310450886191745,12060.0,101984.50373447192,1779,46225500,26876492,1284399,1191330,8551615,5355896,6978928,3802150,11672272,5872782,3907477,3667568,3617349,2112817,1356751,422100,8856709,4451849
48,000088,2018-04-09,0.05614973262032086,0.050802139037433136,0.18443616257887668,15340.0,155506.82466539613,1649,48217922,61529113,1507500,1144416,6761302,5954938,6437177,6058501,11169544,8037429,5822909,7969243,3363852,6471312,4110857,2607356,9044781,23285918
49,000089,2018-04-09,-0.01375000000000004,-0.01749999999999996,0.1861400746724094,14148.0,91116.96305337206,1849,41121506,26419756,1496700,1671560,14376958,6348099,5295671,5157203,3325933,4804085,4604350,2437146,2141941,2128033,871977,1315618,9007976,2558012
50,000090,2018-04-09,0.0031914893617019935,0.012765957446808418,0.2766057912287977,9430.0,81246.56139206697,1155,18970321,22288070,1151242,1179962,4561435,4006708,4557287,2490809,4172516,4692951,957629,2646186,2034242,1017810,443944,1802431,1092026,4451213
51,000096,2018-04-09,0.015767634854771728,0.016597510373443924,0.5832578903803294,2456.0,20367.32482899806,426,1834575,2955320,494084,208997,1045337,1468981,114119,678572,181035,598770,0,0,0,0,0,0,0,0
52,000099,2018-04-09,0.03850509626274068,0.02491506228765572,0.20158722683447539,20769.0,131303.99398274175,1921,52981577,60070486,1786278,1639584,8240737,8816462,11362718,9236318,11139499,12885317,6842372,4827597,4823741,4410281,2759383,4961261,6026849,13293666
53,000100,2018-04-09,-0.005847953216374324,-0.00877192982456132,0.06682056160933743,16562.0,273178.6355396658,2646,118730749,120953688,2185109,1248330,10958494,8529720,9503711,9419565,16190308,22841362,6985572,9006290,5011713,20809698,4444547,4531914,63451295,44566809
54,000150,2018-04-09,0.014747191011235783,0.014396067415730407,1.2506375525610334,14340.0,34620.585927535896,518,5555349,6195357,381384,689271,1819103,3384489,1242954,1072800,1357524,559869,754384,488928,0,0,0,0,0,0
55,000151,2018-04-09,-0.02699662542182224,-0.012935883014623228,0.3193264307889755,45370.0,347216.8790101675,3108,221679880,186095541,1356437,1074039,13734196,13554378,19087729,19660131,27654907,26497781,21104270,18175891,16624513,14070792,10186572,9437175,111931256,83625354
56,000153,2018-04-09,-0.017797552836484987,-0.023359288097886677,0.19897065826336235,17530.0,214021.06326902588,2054,97238576,68550008,1159039,2097362,5426059,11277678,6592462,9496157,9841522,8828202,11084850,4761619,16105456,4730735,10572575,4032339,36456613,23325916
57,000155,2018-04-09,0.0,-0.002865329512894088,0.18578598208050193,18738.0,117543.76882446252,1413,40773455,35399411,1077037,974584,6100960,6255218,6378657,7065793,8710090,7260043,5031086,5336439,3419978,3030448,1272603,1727465,8783044,3749421
58,000157,2018-04-09,-0.009546539379474916,-0.007159904534606243,0.10129179282831373,8340.0,159077.8791600055,1718,54023637,23221126,1216706,1714057,5915359,5508133,10775155,3229958,9342857,3746298,3341486,1844677,3098688,1741390,2137728,1722210,18195658,3714403
59,000158,2018-04-09,0.005102040816326481,0.012755102040816313,0.20202228355019577,8701.0,64397.857169812254,1509,16735150,24280649,1341532,1476628,5004072,5777871,3736082,7454827,3236406,4164187,1471945,1869376,669768,1377766,1275345,0,0,2159994
60,000159,2018-04-09,-0.011013215859030812,-0.011013215859030812,0.16701316161349314,4014.0,28913.15404036671,739,6569694,3690941,897563,515996,2104647,2046902,1828086,650196,892405,228533,517034,249314,329959,0,0,0,0,0
61,000166,2018-04-09,-0.004089979550102152,0.002044989775051187,0.12456933448675213,7840.0,66891.53197165692,1544,25621990,19250273,2032072,1175412,6089923,4302843,4930350,2996279,6591220,4152665,1879824,1378336,1586879,1762673,440100,880737,2071622,2601328
62,000301,2018-04-09,-0.022321428571428492,-0.011904761904761862,0.195244720586437,13923.0,82336.90328117598,1185,29059504,21339027,1086591,1099885,5748994,4159330,4888125,3714068,7837905,4988007,2308338,2858053,3061320,2383302,1370217,0,2758014,2136382
63,000333,2018-04-09,-0.030429030429030446,-0.03118503118503113,0.8886677340663838,201396.0,860296.1158200816,3551,807753345,739595223,114095,129235,4226041,6652862,15656649,21180160,45677650,50412998,49036502,70106841,39620343,55079232,29889053,46397621,623533012,489636274
64,000338,2018-04-09,-0.004667444574095736,-0.002333722287047757,0.15190182427515125,32604.0,238559.5717862066,3190,185687168,140451667,1406471,1629774,16932838,13525509,18137200,13835142,31924239,22763094,24170680,15994076,15010809,9996459,13850051,10691844,64254880,52015769
65,000400,2018-04-09,0.02383134738771764,0.021998166819431786,0.2507484253223486,12056.0,116388.53078011282,1895,43848264,39791975,1705209,1144864,11306739,6458327,7143422,5936287,9793725,5933898,4554862,4966913,2443517,2090058,890124,2279793,6010666,10981835
66,000401,2018-04-09,0.0029985007496251548,0.005247376311844132,0.27805151054770116,27000.0,204301.3091338719,2303,102249517,101833295,1065312,1520921,11134234,10929715,11172679,11148827,16145552,19011003,13629607,11677432,6868080,7491253,9487054,3504319,32746999,36549825
67,000402,2018-04-09,-0.0031847133757960666,-0.002123142250530785,0.24238518356999597,16082.0,73849.00685413158,1511,46015423,19778448,913148,1567403,9469301,5610785,5157697,3204952,20118457,4556543,4980613,2197866,1694004,1341281,956074,0,2726129,1299618
68,000403,2018-04-09,0.019601328903654514,0.022591362126245906,2.0823446843031443,17440.5,80812.24567988314,208,3655527,6924759,157467,159318,709995,874165,766913,1427294,849936,1336513,244720,1906669,306100,1220800,0,0,620396,0
69,000404,2018-04-09,-0.0018382352941177516,0.0018382352941175295,0.21364294232073253,9282.0,59097.24664174555,648,9500001,10662857,353022,761278,1691572,2315959,2727235,2368098,3526063,1946243,1202109,1899322,0,302400,0,0,0,1069557
70,000407,2018-04-09,-0.006837606837606813,-0.008547008547008517,0.207884137713257,5805.0,53046.89422759705,792,9648260,8892388,646388,517065,2255274,3263529,1908199,1706099,2030549,2334799,1107021,291160,0,779736,0,0,1700829,0
71,000408,2018-04-09,0.0060240963855420215,0.0066265060240964235,0.4534754052192729,21534.5,82519.09879842067,1340,30691934,30895707,965035,666681,7255463,5855969,8753670,5557860,7100813,8521955,2569226,1637738,2144290,2035800,1314137,1910268,589300,4709436
72,000409,2018-04-09,-0.01754385964912286,-0.010526315789473717,0.2169762530599477,11280.0,55633.83615126232,690,11435312,7342068,535387,604651,3218409,2758046,2535509,1661470,2517682,733409,1144218,448141,648579,693461,0,442890,835528,0
73,000410,2018-04-09,0.006517690875232907,0.004655493482309092,0.21483078276214224,24002.0,117752.24178718141,2502,74602199,75985610,1477929,1564107,12166548,12426070,13669558,13361583,16453640,17681932,8362966,6834584,6280965,5747188,4511067,6700698,11679526,11669448
74,000411,2018-04-09,0.033720930232558066,0.027131782945736482,0.5873854450356694,10620.0,125304.17735444986,1934,57535463,46930734,2652494,412733,7241239,4215718,7906288,6184650,12888705,9383512,8638372,9534620,4133246,4436213,2786940,424104,11288179,12339184
75,000413,2018-04-09,0.0040431266846361336,0.0013477088948787852,0.1422206367960863,17892.0,139401.062200458,2728,85643637,75967660,1656938,3014891,10675177,12702185,13746473,13672991,14674474,13794916,11503061,8121361,6375799,5483501,3635795,3166789,23375920,16011026
76,000416,2018-04-09,-0.027972027972028024,-0.012237762237762184,0.2191053952231848,7632.5,89757.42372013208,682,14228705,6588740,568252,654267,2092791,2645351,1871063,1720312,2624053,972530,1010595,281680,1712421,314600,0,0,4349530,0
77,000417,2018-04-09,-0.016064257028112428,-0.004016064257028051,0.23654289998756148,6714.0,30604.52828113143,999,9154146,6520609,1148078,991755,4192913,2928848,1535163,1145405,1519274,741101,0,713500,351168,0,407550,0,0,0
78,000418,2018-04-09,-0.02220879286901345,-0.023870675328599433,1.4120183847909358,13096.0,101696.63845888813,2200,59006341,24430484,4398897,603058,14550846,6165177,9674456,5299988,6556679,3351858,5840036,1802585,2315098,1034447,2638509,1375853,13031820,4797518
79,000419,2018-04-09,-0.003597122302158251,-0.0053956834532372655,0.25992164856212724,5550.0,60752.177381675916,457,6604481,3433177,459752,267523,1592013,1439057,1061633,940077,814954,573955,0,212565,0,0,416207,0,2259922,0
80,000420,2018-04-09,0.0035842293906809264,0.0035842293906809264,0.13824218591809456,5600.0,53374.193272355005,407,4588696,3536771,395944,437615,1407200,902449,888681,477634,1204651,454660,0,533053,692220,0,0,0,0,731360
81,000421,2018-04-09,-0.005639097744360999,-0.007518796992481258,0.25852506550913823,5280.0,21719.31329931568,423,3028511,2337651,494810,410865,1346138,897387,712621,529110,474942,500289,0,0,0,0,0,0,0,0
82,000422,2018-04-09,-0.01650165016501648,-0.009900990099009799,0.09975142223612665,6000.0,68187.40476067827,925,12844115,11811990,524600,1270207,2479239,2926256,1940756,2160902,2381767,1893152,2091912,1003992,1703419,345644,848445,902144,873977,1309693
83,000423,2018-04-09,0.007115135834411257,0.001455368693402237,1.3441791411906434,37113.0,200138.3907120852,2116,119147803,86005748,962642,972249,9223675,10819082,13653944,10536483,19010620,16926536,17862311,10449272,12611318,6255989,8473910,5307545,37349383,24738592
84,000425,2018-04-09,-0.005154639175257714,-0.002577319587628857,0.07964206935501025,13806.0,154866.4262324625,2390,74273456,47792253,1783950,1437379,11378255,9245605,9609934,7677149,13328466,6814882,8951334,5623464,3755621,3767666,2660845,3136542,22805051,10089566
85,000426,2018-04-09,0.0,0.0,0.22379054068265386,19440.0,158139.49922453036,1873,49433073,69887829,1063051,1890473,6930437,9405176,6540503,8584924,9732219,10950828,6183605,4780063,6206046,7484318,4126453,4178393,8650759,22613654
86,000428,2018-04-09,-0.0051948051948051965,0.0025974025974024872,0.208614319393601,5031.0,76509.65154747387,340,4354587,4332803,198355,514814,1170383,1048882,429544,591108,1209529,826133,236076,238848,0,650134,0,462884,1110700,0
87,000429,2018-04-09,0.014157014157014203,0.011583011583011782,0.2774340321704825,7015.5,55254.79667265765,784,8836435,9100620,1220200,623186,1975559,3573500,1542200,1231717,1780032,1668113,789982,909212,753688,0,0,462162,774774,632730
88,000430,2018-04-09,-0.013301088270858408,-0.013301088270858408,0.3525123731490009,9047.5,51875.47985246513,550,7609095,5896934,508221,752315,2126598,2127586,1188410,1205904,786713,1080383,1187490,245999,1001233,0,810430,484747,0,0
89,000488,2018-04-09,0.005438066465256686,0.009063444108761143,0.35095128871107534,20148.0,170879.45463080815,2226,76409937,65411891,1724731,1048253,12222311,9449649,16049976,8596154,9926698,9953204,4630698,4535376,9855322,4808704,6667503,5596270,15332698,21424281
90,000498,2018-04-09,0.024793388429752206,0.03305785123966953,0.21060277841215416,9608.0,101324.28740537287,828,10150048,11242949,830794,708710,3811289,3698610,1683927,1435609,2381716,1862392,955839,502176,0,336936,486483,0,0,2698516
91,000501,2018-04-09,0.0,0.0013559322033898091,0.3747099002007882,7405.0,47303.519671407776,1551,12547098,13429820,1167880,1818300,6711009,4822495,1706264,1863566,1445936,1174776,912899,1074281,0,1019362,0,446400,603110,1210640
92,000502,2018-04-09,0.007847533632286963,0.01681614349775784,0.5128736714602016,4495.0,43817.10360606506,302,2519643,2438864,391577,204822,1078174,562511,408988,359360,125160,537899,0,774272,0,0,0,0,515744,0
93,000503,2018-04-09,0.007268464243845196,0.006565064478311955,0.839954920360648,77868.0,472065.5906441351,2579,229591974,324177341,969096,1080492,7655114,10136804,11079482,17540839,21781279,29744023,28688108,28916234,18274939,20629405,19214214,23238907,121929742,192890637
94,000504,2018-04-09,0.0,0.002081598667776907,1.1355714658440073,12000.0,225919.27886898734,447,12388915,16191470,429758,355330,2102702,1845723,919907,1357766,1337581,1107563,0,2151290,345100,1015868,479200,476800,6774667,7881130
95,000505,2018-04-09,0.013579049466537318,0.02133850630455858,0.1897671541912083,40622.0,273107.34986099915,2975,166378551,149523106,1063362,1200137,12871777,13198138,17193923,19166116,26560818,28090368,22995975,16697558,10867422,11096484,7229129,7592030,67596145,52482275
96,000507,2018-04-09,0.07104413347685679,0.07642626480086134,0.1714057600348219,46800.0,597441.0663099873,2947,194593512,259879479,1492979,1437457,12173249,12527330,14681879,18865908,26335541,31566000,22433052,23774562,19453355,22046362,12616971,12198091,85406486,137463769
97,000509,2018-04-09,-0.029490616621983934,-0.024128686327077764,0.08903198515958345,11144.5,104789.40859365683,1764,32489911,34529215,1321802,1762006,6206646,7863620,6406172,5698242,6584233,6740603,5184714,4206227,1685542,979922,1728218,464546,3372584,6814049
98,000510,2018-04-09,-0.016975308641975384,-0.0092592592592593,0.24277727164802748,5128.0,49197.64510240412,713,7861791,7289850,605220,980521,1572157,2136257,1818692,1213472,2314027,965330,525495,719462,1026200,761208,0,0,0,513600
99,000513,2018-04-09,0.009059233449477455,0.00961672473867603,1.46444009417902,43434.0,168543.68398355733,2403,100638020,108517628,1698128,971932,11178807,10108347,16211911,19931905,22202263,21426559,11751778,14594813,7750349,6187755,5667097,4949366,24177687,30346951
100,000514,2018-04-09,0.014925373134328401,0.0194029850746269,0.18904143893615782,13560.0,87085.19262653711,1257,21854120,31296236,960657,1079780,5390486,5559177,3905049,4867574,3069753,6447663,2694609,4059082,1685078,2875188,469200,3527062,3679288,2880710
101,000517,2018-04-09,-0.0024875621890546595,0.0,0.09518554827817807,10773.0,89807.8533275328,1791,34973736,31871703,1668463,1489474,7773369,7092547,5603976,6170021,7471841,4033138,3540995,3243314,2488644,2356610,1866862,421941,4559586,7064658
102,000518,2018-04-09,-0.0016447368421051989,0.00164473684210531,0.21509517598916883,6070.0,24409.56157011993,799,6210986,6037523,783290,803815,2473474,2924225,1792660,1600603,921568,708880,239994,0,0,0,0,0,0,0
103,000519,2018-04-09,-0.014301430143014215,-0.018701870187018743,0.17916521383141445,25368.0,117299.8965457532,2579,84263312,78538530,1711572,1962782,11917269,12637967,11743604,15799156,15912955,18502643,12525333,11184948,5121849,8247212,6040206,3591195,19290524,6612627
104,000520,2018-04-09,0.03134796238244508,0.025078369905956244,0.10504548384791532,6898.5,62189.27080145484,924,10587881,14500086,718918,1213285,2448189,3606385,2393282,2902667,2119043,2569690,1479085,1600438,1002392,648496,426972,414400,0,1544725
105,000521,2018-04-09,0.0,-0.002409638554217053,0.14604093597311657,4944.0,43522.82324382474,808,10405732,5149015,1182699,368243,3179956,1587974,2157734,1002841,1855293,695940,925359,497981,1104691,996036,0,0,0,0
106,000523,2018-04-09,0.0013089005235602524,0.003926701570680757,0.324399224365021,12568.0,57031.63285129058,554,9026188,7665981,600063,446902,2381904,2529432,2038575,2052623,2077214,1927362,0,227856,338850,0,861332,481806,728250,0
107,000524,2018-04-09,-0.004081632653061273,-0.003061224489796066,0.3956405705736005,3904.0,20225.35459644385,613,2596885,3561067,548568,914571,1179898,1679806,613357,357313,255062,351188,0,258189,0,0,0,0,0,0
108,000525,2018-04-09,-0.008219178082191747,0.004109589041095818,0.6557063858199609,21660.0,132079.77248952596,1115,38348497,28494024,688503,769579,6249896,4395293,3761018,4776430,7688155,6720668,5187030,2609123,4170857,2116108,2739949,865970,7863089,6240853
109,000528,2018-04-09,-0.009922822491730932,0.004410143329658167,0.1983918236941729,18340.0,127048.65747763167,2093,67141074,47216122,1762140,1398956,10024411,8736244,9514537,8072598,12895856,11031885,5667705,5596629,5044973,1977238,4482608,5390180,17748844,5012392
110,000529,2018-04-09,-0.009661835748792202,-0.004830917874396157,0.2798350747247433,12240.0,37281.00008188056,492,7266230,5426997,314755,484183,1937722,2515946,1486439,1634878,2727743,791990,499071,0,300500,0,0,0,0,0
111,000530,2018-04-09,0.004040404040403844,0.0060606060606061,0.1555220958566318,9395.5,59493.37267862386,1014,13954321,14129081,806279,1403479,3880232,4317717,3111156,2937963,2360490,2052283,1484370,1447021,960372,762492,0,490000,1351422,718126
112,000531,2018-04-09,-0.004347826086956608,0.0,0.33054309793991976,3430.0,50730.01410719945,435,3467645,3414768,459891,327752,1111018,907051,1060955,398118,323385,375558,512396,206100,0,0,0,419757,0,780432
113,000532,2018-04-09,0.021196063588190706,0.02195306585919754,0.2768851381570078,23931.0,150982.5414436647,2280,61885339,62888654,1328295,1425831,12142173,11695997,10522792,11955071,14229043,14070669,7112906,9264638,6073714,2451141,1779846,2727915,8696570,9297392
114,000533,2018-04-09,0.0,0.0,0.18545586144204196,6336.0,412867.40174620436,1440,0,49628480,0,3479872,0,8149504,0,5563712,0,3469312,0,1817728,0,1027136,0,498432,0,25622784
115,000536,2018-04-09,0.0,-0.0024875621890546595,0.13551117289617676,4433.0,49493.972826516205,881,7259897,11990239,618596,1005147,1585178,4364876,1544853,2204117,2090268,1642655,734813,968399,686189,741845,0,404000,0,659200
116,000537,2018-04-09,0.009448818897637823,0.012598425196850505,0.2848677615914174,21131.0,175695.7047323023,1991,64077954,76883483,1273234,973492,9548106,7609696,8614573,9704794,11378820,11161991,7629153,6623963,2796262,5333236,3968036,7243683,18869770,28232628
117,000538,2018-04-09,0.0031289111389236623,0.005840634125990896,2.306502792245655,19270.0,235344.64909415596,1728,56595314,66607860,2242833,3016732,6354491,9752275,5375546,9056151,8400467,10838530,7252986,4981261,5153741,3942897,3224363,4676978,18590887,20343036
118,000539,2018-04-09,0.0022471910112358273,0.004494382022471877,0.19849582476947336,2846.5,42671.4470868109,502,4386028,4388942,375897,345358,806683,1950523,808114,720864,768300,645365,1199620,417023,0,309809,427414,0,0,0
119,000541,2018-04-09,0.0011764705882353343,-0.0023529411764705577,0.2516521673051074,5118.0,102468.60122712703,1141,10611223,16967344,1845737,1073875,3020667,3291404,2333913,2171596,1950741,1812303,456856,705810,1003309,686358,0,866835,0,6359163
120,000543,2018-04-09,0.0064102564102563875,0.00427350427350448,0.16854203868337478,10879.0,72988.59653212433,771,13685835,13005022,538016,957062,4169815,3609840,1628304,2392527,3375645,2022584,1205256,1930618,722954,0,448541,849141,1597304,1243250
121,000544,2018-04-09,-0.014883061658398256,-0.013465627214741316,0.5522686233309446,13910.0,44622.88665716856,652,10192857,8005128,722820,680542,3327028,2900582,2680380,1809471,1855629,1902119,408735,712414,645465,0,0,0,552800,0
122,000545,2018-04-09,0.002375296912114022,0.004750593824228044,0.15344186577804306,7174.0,68732.04066929586,753,8451860,10928080,580820,1112588,2305029,3143254,1184265,1520967,1710718,1764875,1516389,1155827,307840,0,846799,437216,0,1793353
123,000546,2018-04-09,0.060810810810810745,0.04391891891891886,0.3775386219788013,14970.0,81245.35692308888,1539,24288181,36680298,1268816,1383327,9503501,6859503,3718977,5160864,4367257,5832373,2705583,4140916,1260926,4971581,447000,2762128,1016121,5569606
124,000547,2018-04-09,0.04370629370629375,0.04195804195804209,0.20381712633087815,64773.0,253323.30562287456,3158,181776533,250290186,1072395,766162,13135815,12619456,19754338,22942581,36471445,46276619,23864379,33083018,15708550,23475294,12070509,14342842,59699102,96784214
125,000548,2018-04-09,0.0,0.00164473684210531,0.274467239039785,8178.5,33659.52840370662,490,5269144,3964633,576540,489795,1696125,1809619,1558197,612257,993905,684323,444377,0,0,368639,0,0,0,0
126,000550,2018-04-09,0.006298110566830051,0.004898530440867743,0.47664843250105543,13000.5,42388.530525978924,898,12186078,12430125,720754,898608,3690610,5408292,2374545,2531877,3006402,2473885,1986813,1117463,0,0,406954,0,0,0
127,000551,2018-04-09,-0.007012622720897643,-0.0014025245441794398,0.300923224853141,4272.0,33612.72317609483,561,4604256,3999752,536179,647001,1705552,1360923,968048,629301,1083609,349338,0,657689,310868,355500,0,0,0,0
128,000552,2018-04-09,0.002915451895043608,0.008746355685131046,0.08605128618296576,2415.0,37936.644166367805,1597,6501244,11923688,857284,2142598,1200459,4736337,1114711,1549857,1142054,902355,774800,933937,723936,726184,0,410228,688000,522192
129,000553,2018-04-09,0.000726216412490821,0.002178649237472907,0.433933629773,13720.0,37676.39328635935,1007,13189650,10256326,931557,841810,4443347,5558535,3470591,1900689,2424668,1388342,1050447,206550,0,360400,869040,0,0,0
130,000554,2018-04-09,0.00727802037845704,0.010189228529839944,0.2385918216958874,11056.0,73423.45187382252,829,12913473,14792969,698519,787834,3480667,3891218,2344564,2554362,2192678,2601605,1039748,1209986,0,1308966,1704025,1746998,1453272,692000
131,000555,2018-04-09,-0.03125,-0.02423469387755095,0.28591424998401094,36408.0,217861.4321894625,3014,169825715,131223459,1517635,1559648,13743690,14466133,15305032,16207363,26664121,27898877,18432096,13247656,19670821,11988680,16644976,9072957,57847344,36782145
132,000557,2018-04-09,0.006880733944953921,0.004587155963302614,0.1733276804780406,6146.0,34619.046957481696,633,4743459,5111714,684167,745923,2011792,1892743,759310,798369,1288190,788231,0,0,0,0,0,886448,0,0
133,000558,2018-04-09,-0.020930232558139528,-0.018604651162790753,0.12316803310204634,10600.0,83151.31513480516,1221,30342503,18184167,746266,1596064,4023157,5360132,3036737,3757569,4996881,3391456,6448845,1631956,3833814,945225,6416803,421000,840000,1080765
134,000559,2018-04-09,0.0034965034965033226,0.005827505827505908,0.22749323243237776,9405.0,91446.84869621911,1423,27816936,19212447,1607576,1380555,6005170,5015172,4144442,4757808,6025369,2826562,3745106,708135,1087108,334968,1314360,471900,3887805,3717347
135,000560,2018-04-09,0.0962288686605981,0.0962288686605981,0.2060374699181928,23296.0,296527.13028118457,1395,45368134,73444996,1372518,578618,6747814,5048843,5830796,7649255,6177176,9308757,5193000,6995020,2386789,5557414,6571567,4869491,11088474,33437598
136,000561,2018-04-09,0.054521276595744794,0.05053191489361719,0.20034373183259488,13124.0,75654.83358000357,1411,20133924,27995297,1445656,1213237,6080675,7117982,5336215,5000674,3145262,4874446,1833421,2122410,301038,2141477,1482687,1254213,508970,4270858
137,000563,2018-04-09,-0.0025706940874036244,-0.005141388174807249,0.11638347854589963,5453.0,61384.18467007831,1120,14623289,10759956,740123,1139037,3583488,3157827,1853813,2249441,4010903,3139401,978539,237122,750440,0,915833,837128,1790150,0
138,000565,2018-04-09,-0.010590015128593033,-0.004538577912254205,0.2638971415618245,13080.0,44662.497179090846,627,10213168,6783170,586455,557724,3226280,2511615,2606033,2093212,1720325,1620619,506779,0,679796,0,887500,0,0,0
139,000567,2018-04-09,-0.0007145409074669207,0.0035727045373348254,0.601388440901382,39690.0,335606.3373295114,2170,92659462,149178357,755856,1123997,7384519,12366223,10202608,16544913,14976659,22667110,10436454,15989094,10259487,15895784,5286809,5919618,33357070,58671618
140,000568,2018-04-09,0.010543657331136824,0.005930807248764491,1.0886019546897683,61080.0,225842.71377748685,3121,177130825,190550735,460514,1196340,13854244,15338066,17269781,25368970,32649358,39872155,19923036,27738218,18560523,23702811,11051384,8874403,63361985,48459772
141,000570,2018-04-09,-0.009765625,-0.003906250000000111,0.29785351028324214,10160.0,49646.01081732157,295,4064762,3760492,145201,322571,1241132,1203958,1060715,750408,1363714,349455,254000,255500,0,0,0,878600,0,0
142,000571,2018-04-09,0.046125461254612476,0.04981549815498165,0.10952140785051537,23288.0,381453.56088670733,2461,123038028,95652400,1620796,1659611,10967113,10783996,11891220,13341119,14671213,15263316,13318674,9465852,8695468,6608894,4330373,1327270,57543171,37202342
143,000572,2018-04-09,0.05714285714285716,0.05714285714285716,0.09879786685220585,17760.0,302594.7291981107,1813,98305480,40610254,2304525,714022,13105838,3247888,11615490,3185717,17891046,3424190,7470758,2387285,5360536,2802320,4601024,0,35956263,24848832
144,000573,2018-04-09,-0.0021645021645021467,-0.008658008658008698,0.1641760659698091,6870.0,50455.15265635986,793,9366540,7987740,689430,800097,2495494,3159435,1828973,1090564,1781651,1017067,1574214,515437,996778,727452,0,0,0,677688
145,000576,2018-04-09,0.053340238218539726,0.037286380113930706,0.6817084909750557,39230.0,321822.03736503347,806,15826548,79851390,409228,439703,2135333,3940166,2092001,6175836,3999793,10017462,814575,9760295,353167,8228432,2526911,3958968,3495540,37330528
146,000581,2018-04-09,0.0030448020878643955,0.0004349717268379294,0.4618461715165039,23150.0,128958.1800298291,2481,72920698,70398560,1557994,1721005,12645269,10883592,17443509,11854980,15791465,13681855,10096922,5495119,4833473,5497638,2668409,4364379,7883657,16899992
147,000582,2018-04-09,0.07158836689038028,0.07158836689038028,0.18587642721137765,25839.0,332295.03084078693,2318,88454088,96197466,1795770,1389862,12377312,10039150,13236486,11487165,14454528,14375234,11283748,8520565,5881581,7133079,3609381,5882379,25815282,37370032
148,000585,2018-04-09,-0.024734982332155542,-0.010600706713780994,0.08036660642466381,6347.0,52913.400902573885,1247,15798345,11653775,1572442,848108,5809101,2974454,2947454,2264359,3120415,928646,1158277,773798,636256,718687,0,932745,554400,2212978
149,000586,2018-04-09,-0.007137758743754441,0.007851534618129818,0.4704088314118695,7125.0,206019.95816906693,896,14817710,17174020,754012,1043883,3122837,1991243,3390146,2392415,3403965,1815490,1722350,1285593,915200,619606,823200,412200,686000,7613590
150,000587,2018-04-09,0.001388888888888884,-0.001388888888888884,0.20804348941113618,17925.0,129722.6100581944,1198,23166225,45305630,923811,1147608,5271167,5661699,3874246,5054567,3941838,7100369,2664556,3837852,2050997,4379855,2129520,9646370,2310090,8477310
151,000589,2018-04-09,0.004950495049504955,0.004950495049504955,0.1864438483716067,4823.0,43347.944721037566,469,4182548,3757157,287150,621611,1445568,1354493,442644,856542,575405,639499,487624,285012,400000,0,0,0,544157,0
152,000590,2018-04-09,-0.016516516516516533,-0.0037537537537537524,0.4174028052760152,12960.0,50007.81516759305,1021,14440878,13202302,1089231,700240,5504895,3980296,3459072,2565374,2540556,2097638,509802,2112642,1337322,394200,0,820444,0,531468
153,000591,2018-04-09,0.039337474120082705,0.04140786749482395,0.10925083994025579,13664.0,81660.1518473404,1961,27175039,44701825,1432838,1662569,5753664,12793057,4817731,6798357,6851221,8103686,3451519,3713997,366530,3283825,4501536,2236620,0,6109714
154,000592,2018-04-09,0.03738317757009346,0.03738317757009346,0.10464809464705513,14176.0,466328.79682362516,1687,44465522,59639976,1371116,1340750,7103826,6715883,6385639,5440335,7833342,7439488,8677799,5277414,4535247,3719255,2302059,2699528,6256494,27007323
155,000595,2018-04-09,0.037694013303769314,0.017738359201773912,0.17422088859212934,9200.0,42811.75817828207,670,7258640,9038963,788855,584201,2845405,3067845,1210396,1703679,1453095,1518202,638889,1546835,322000,618201,0,0,0,0
156,000596,2018-04-09,0.01853707414829664,0.016867067468269825,1.255785126607253,12160.0,91938.07928629975,2278,35224547,43328106,2937925,581368,9028865,11032286,4827485,9426921,6428998,5086435,3826276,3303842,3235839,2682328,1826015,3071913,3113144,8143013
157,000597,2018-04-09,0.031600407747196524,0.029561671763506547,0.2538840455347713,10851.5,55886.88120949457,1494,17114520,27286537,1089083,1722178,5204895,7436424,3520232,5621423,3763347,6262562,1144342,1744047,1375597,3405263,0,406020,1017024,688620
158,000598,2018-04-09,-0.0060975609756097615,0.0,0.1681757588329156,9800.0,72502.89213830378,856,14548416,12142530,805961,1045368,3519795,3198539,2570287,1826175,2569096,2202252,1603734,702621,1823383,306875,431200,1363938,1224960,1496762
159,000599,2018-04-09,0.006745362563237878,0.001686340640809636,0.252023263162082,11940.0,35835.06665371155,553,8416557,4678303,411792,488862,3420652,1833310,1901966,1192771,1871609,522608,810538,640752,0,0,0,0,0,0
160,000600,2018-04-09,-0.0014925373134327957,0.0014925373134329067,0.1753691377789953,13240.0,73878.60091464237,1461,29371178,25048844,1385332,1298408,6247792,6050708,5423606,5490746,5449604,3804622,4497076,3965670,2389071,1679070,880380,1316420,3098317,1443200
161,000601,2018-04-09,0.007496251874062887,-0.010494752623688153,0.23350908379447013,3340.0,75121.87942487883,816,11742299,5074310,1154683,496758,1922933,2094604,1609321,1105414,479121,1045534,515709,0,397320,332000,0,0,5663212,0
162,000603,2018-04-09,0.028028933092224095,0.018987341772151778,0.35249231936738923,13434.0,50803.88262303139,984,14485683,18055723,789895,664545,4216376,4598720,3347236,4615424,4122739,4115921,1672237,2606711,337200,1007202,0,447200,0,0
163,000605,2018-04-09,0.012696800406297504,0.011173184357541777,0.39150453438598654,25766.0,122780.97509018837,2533,74125027,76541282,1749412,1708710,12381525,12769141,13881818,14143761,16005694,18721195,11065382,10132258,5814807,4180607,3039858,1299471,10186531,13586139
164,000607,2018-04-09,-0.01592920353982319,-0.0070796460176991705,0.16797197032725333,6226.0,46870.63624741479,1133,14049695,10460167,1507263,654661,4924349,3360835,3049698,2093935,2430884,1890016,1302821,926251,396200,0,438480,885429,0,649040
165,000608,2018-04-09,0.021874999999999867,0.028124999999999956,0.3461714824535069,11135.0,89160.14877367961,341,5614782,7613947,323396,291454,1063442,1133665,1196048,1115450,747611,1160943,481201,531664,1382534,2275726,420550,450045,0,655000
166,000609,2018-04-09,0.011248593925759165,0.004499437570303577,0.43502546916210183,7088.0,37844.126353626954,417,3885540,3831682,531392,332435,1572043,1568020,540660,273332,499366,864373,742079,423958,0,369564,0,0,0,0
167,000610,2018-04-09,-0.01090188305252715,-0.014866204162537255,0.44266713742579455,7936.0,43186.54688301562,519,6666119,3628075,552763,625786,2160467,1751385,1514968,436620,1028158,586250,478162,228034,306280,0,0,0,625321,0
168,000611,2018-04-09,-0.004010695187165791,-0.012032085561497374,0.37700148795099897,11632.0,43047.3575899117,393,6191785,3776432,373535,254450,1828996,1898106,1538641,878372,809962,486504,1016412,259000,624239,0,0,0,0,0
169,000612,2018-04-09,0.005797101449275477,0.005797101449275477,0.17665650628535648,4872.0,29596.1772426193,1529,10699833,10491108,2207119,1469470,4421597,3672995,2254344,2052793,1503713,1810280,0,727950,313060,304290,0,453330,0,0
170,000613,2018-04-09,0.05453149001536106,0.05453149001536106,0.3040632940080887,94785.0,1269169.6103867833,1849,356740933,271315237,1368125,104230,7037716,2420724,9798064,5704296,19999087,16320282,23189608,19646464,12294967,14174381,17816595,17620721,265236771,195324139
171,000615,2018-04-09,-0.023060796645702153,-0.016771488469601525,0.20214760081841235,23300.0,115108.54327064424,2230,75543500,61431690,1611706,1677182,10201014,11707171,10370760,9874365,17134273,13685166,10329299,8046297,7910294,5965669,4873708,3157998,13112446,7317842
172,000617,2018-04-09,0.09822119102861548,0.028615622583139988,0.4567990643220662,6680.0,50825.65683404523,802,8786947,10551097,895050,600175,2878301,2463796,2671505,1674036,1785378,2318210,556713,1310391,0,678380,0,941909,0,564200
173,000619,2018-04-09,-0.006993006993007089,-0.008391608391608463,0.3100933373398101,9178.0,34153.24363280926,531,6542437,5154420,371319,713096,1826764,2694437,2189781,1014691,1783743,478724,0,253472,370830,0,0,0,0,0
174,000620,2018-04-09,0.0066334991708125735,0.0066334991708125735,0.2382669519275793,6040.0,52867.107930341976,640,6267660,6670982,909124,681185,2345851,1206176,1215540,679633,1328630,1937154,468515,769934,0,0,0,486400,0,910500
175,000622,2018-04-09,0.020979020979021046,0.004662004662004504,0.23849624913153594,5136.0,24764.99572658838,323,1898929,2424947,249666,196833,1072430,1430148,576833,505260,0,292706,0,0,0,0,0,0,0,0
176,000623,2018-04-09,-0.007751937984496138,-0.00726744186046524,0.48512249643100563,20585.0,151592.02496450456,1810,64670234,49412779,988930,935989,8634749,8327558,8290791,7950614,12783985,12101876,9859373,4473572,2872036,2422967,3115832,924890,18124538,12275313
177,000625,2018-04-09,-0.004500450045004434,-0.0018001800180017513,0.2607935949219313,18802.0,102710.81157418618,1815,46808182,43784666,1387513,1238613,10002923,7305171,8299365,6331910,11899099,10126687,6339433,4974028,2837398,4769489,1700487,976306,4341964,8062462
178,000626,2018-04-09,0.023402340234023322,0.017101710171017137,0.3643885715851438,9552.5,68448.6760756316,930,13433609,13639189,652650,862006,2776213,4415301,2199930,2553094,2682227,2648774,1629429,850077,0,392232,1340140,1400266,2153020,517439
179,000627,2018-04-09,-0.003963011889035695,0.0,0.18517022946357944,5271.0,143318.7503785702,1673,30816563,20296140,1766250,1034733,6025718,4217254,4687052,3381926,4695501,2232005,4325167,2250717,1020445,1387214,880804,873472,7415626,4918819
180,000628,2018-04-09,-0.025555555555555554,-0.023333333333333428,0.2698778138946767,10536.0,40887.09601337292,1113,16205246,11255514,1211783,1266920,6142838,4241840,3320756,2526650,3352900,2359257,1542757,206879,0,653968,0,0,634212,0
181,000630,2018-04-09,0.003875968992248069,0.003875968992248069,0.05947088962412229,5200.0,204358.98339489044,1905,36857555,37264850,1307845,1707450,5188405,5962609,5621692,3834392,3632213,4403747,3650435,2072071,2777860,607483,445221,1322416,14233884,17354682
182,000631,2018-04-09,-0.0024937655860348684,-0.004987531172069737,0.15227932195243585,7980.0,30385.09079572254,694,7143111,5571532,497859,1119878,3212699,2991406,808027,1132170,2065557,328078,228169,0,330800,0,0,0,0,0
183,000632,2018-04-09,0.010238907849829282,0.011945392491467421,0.23029530447911864,8700.0,47566.83820419107,649,6620116,10321396,802710,435675,2121305,2800212,1540190,2892889,1045179,2800423,520732,1031729,0,360468,0,0,590000,0
184,000633,2018-04-09,0.013496932515337345,0.012269938650306678,0.37168676083105695,10686.0,42959.80055017447,480,6971425,6292748,547703,209972,2219058,2141005,2316477,1925259,931434,960854,635742,659795,321011,395863,0,0,0,0
185,000635,2018-04-09,0.04611650485436902,0.04530744336569592,0.36507689526603554,14880.0,70904.11357014622,1147,23515738,18807835,873529,889535,5673244,5389464,4266980,3259200,6810383,4926076,1439095,1405824,1683838,392600,1313309,874286,1455360,1670850
186,000636,2018-04-09,0.025675675675675524,0.02297297297297307,0.26275747311787695,77418.0,440816.67607245606,3179,288476690,337526308,854526,1021818,12307696,10393440,19585993,17774333,37740070,34839388,29715325,28704180,26800565,33584397,19387508,27939080,142085007,183269672
187,000637,2018-04-09,0.011406844106463865,0.0076045627376426506,0.24271697087901067,10500.0,39329.65978824733,469,6277848,4346493,470536,307016,2225136,1789882,1676810,998713,743389,1010871,761827,240011,0,0,400150,0,0,0
188,000638,2018-04-09,0.015028901734103872,0.015028901734103872,0.29870303419511796,10356.0,34107.01838254829,839,9740001,9116392,989030,833913,3576789,4011074,2811362,2429058,1953758,1358204,0,484143,0,0,409062,0,0,0
189,000639,2018-04-09,-0.010410287813839458,-0.007960808328230207,0.4964098933411903,13152.0,103281.26319486699,1083,30427480,16245627,1010134,943906,4151297,4545617,3495474,3420943,5585485,3199023,4583655,1912974,2366005,1732952,4469217,490212,4766213,0
190,000650,2018-04-09,-0.0019493177387913674,-0.0038986354775827348,0.15413259539828153,10140.0,72715.30840078172,1109,21715520,14579187,916226,799989,3969607,4026219,4219647,3016403,5699185,4161612,2635406,1391647,668272,0,433372,413817,3173805,769500
191,000651,2018-04-09,-0.019935691318327953,-0.019078242229367603,0.7825175945809756,170570.0,975790.9550127066,3556,882816137,714202691,501598,271823,6808377,6201613,18102320,20163676,47692931,51096014,46980888,50657245,39464852,42139225,28231140,29530574,695034031,514142521
192,000652,2018-04-09,-0.013544018058690654,-0.013544018058690654,0.11972288686379405,5720.0,83837.18122912344,1373,23034103,15244273,1258243,1413918,3749830,4452834,1913368,3314158,3016433,3330988,1445494,1219605,3117636,664131,1285658,848639,7247441,0
193,000655,2018-04-09,0.009596928982725572,0.009596928982725572,0.13470450359542138,12446.5,111038.02678202114,1500,28985226,35484161,1190830,1224257,5982158,6098699,5116213,5624293,6445490,5963055,3133430,4591340,1383280,2049579,2191946,1646749,3541879,8286189
194,000656,2018-04-09,-0.001776198934280604,0.005328596802842034,0.1573344937609917,13110.0,146627.5751451332,1282,35019991,41075871,1013063,945583,5148547,6032315,2932792,3835545,6498605,3217666,7843211,5402348,3078461,2460260,1314988,2185317,7190324,16996837
195,000657,2018-04-09,0.05277044854881274,0.05364995602462641,0.23927457374102515,17647.5,103489.30630274166,2262,46764121,59131854,1927331,1376369,11269451,10236542,10846059,10225683,8116115,13656767,4243926,5814367,4107577,6580916,840823,3145119,5412839,8096091
196,000659,2018-04-09,0.008086253369272267,0.008086253369272267,0.157881468936555,15931.5,88737.50367351228,552,10703563,13185868,355952,442056,2668990,2431399,2163748,2068907,2651846,2867945,1190952,1230524,346875,1452267,0,0,1325200,2692770
197,000661,2018-04-09,0.026145710928319632,0.024265569917743868,3.6982178616515196,68956.0,345555.4294468835,2120,139856914,220970163,2263,0,8059556,9999383,12166026,14862598,21671923,29092974,11751116,19629704,11189642,16129429,7222617,11628239,67793771,119627836
198,000662,2018-04-09,-0.022900763358778553,-0.02442748091603053,0.29216014255124906,12715.0,86809.93492910863,2014,45551104,37123201,1512854,1533394,7041533,8588329,8135830,7676729,10574990,6539669,6825308,2484621,2407643,3223919,4887617,1390498,4165329,5686042
199,000663,2018-04-09,0.033766233766233666,0.011255411255411074,0.299291379361185,13848.0,79875.64999517096,1490,26840948,26177606,1447962,1003575,8264640,6621652,6111896,5488705,6178555,5592337,2149054,1240990,664398,981536,857607,1383658,1166836,3865153
200,000665,2018-04-09,0.015968063872255467,0.019960079840319445,0.34686530829515816,15067.5,80359.36037155772,834,14387653,19693366,363615,696065,2751018,3848644,3445949,4465245,3129486,3992610,1465416,2079947,652405,663540,1282944,1338129,1296820,2609186
201,000667,2018-04-09,-0.0034482758620688614,0.0,0.10151733219720409,5780.0,90082.40743032498,818,9255260,7183942,1253378,938323,1723115,2462711,1254437,1099792,1344418,607904,0,660775,0,684507,433500,0,3246412,729930
202,000668,2018-04-09,-0.015576323987538832,-0.010903426791277315,0.8131051320752837,3836.0,31828.902713516283,249,1826851,1786686,85838,370347,368309,661047,544378,236122,559997,519170,268329,0,0,0,0,0,0,0
203,000669,2018-04-09,-0.004321521175453813,0.0008643042350906516,0.35757530476263694,6954.0,48383.44426810013,1047,13393448,9826639,1623047,739429,3867600,3390360,2493583,1566915,2693538,2238051,2018520,218673,0,356095,0,1317116,697160,0
204,000670,2018-04-09,0.03980099502487544,0.02487562189054726,0.10344832398912766,46575.0,188974.02047024248,3413,149305149,168316466,1216698,1372709,15977721,17262718,22309638,26223793,34179682,40720717,22477706,29885106,16296326,16363945,6586979,8822471,30260399,27665007
205,000671,2018-04-09,0.00654450261780104,0.010471204188481575,0.17797977617850091,28749.0,116445.53626803869,1845,47197588,70417031,1381948,712616,6998685,4415669,8465544,21071726,13207835,22116597,5258449,2807826,3795785,5247678,3110076,3473949,4979266,10570970
206,000672,2018-04-09,-0.007569386038687953,0.0,0.22484010982750585,41174.0,228943.42084423715,2800,138833189,146935013,1047152,1363993,12195944,14742678,15643517,20994931,24555819,27011491,16264675,19843080,10613738,11474949,12050653,11219425,46461691,40284466
207,000673,2018-04-09,0.026700572155117452,0.026064844246662444,0.47055060936738,30172.0,236849.06695562156,1119,31563386,92023325,558066,921619,2951570,6428451,5561434,5145049,9244938,10075233,2929225,4018267,2377855,8326760,1727364,5256754,6212934,51851192
208,000676,2018-04-09,0.06015037593984962,0.08345864661654123,0.2920705360975765,30448.0,371368.069017091,2081,114326229,138025966,1350443,1091276,8414324,7449676,9123544,9420474,16600965,15732597,13371118,15122314,9818938,13526359,10543574,10174956,45103323,65508314
209,000677,2018-04-09,0.02795031055900621,0.021739130434782483,0.12038526964189121,5491.0,50403.573803148734,717,9303402,8319729,668002,484415,2300164,1924308,1418176,2145428,2102679,2860328,909020,905250,987650,0,406556,0,511155,0
210,000678,2018-04-09,0.04213938411669371,0.017828200972447306,0.27329150609723846,13640.0,52552.72314750915,509,7774888,8837781,486920,413903,1787118,2251990,1922895,2490948,2221591,2289827,696964,835593,659400,0,0,0,0,555520
211,000679,2018-04-09,-0.004870129870129913,0.0,0.3057275016233466,4860.0,22877.207073247733,406,2629318,2449853,375680,589948,1237718,1142781,532836,199018,235284,518106,247800,0,0,0,0,0,0,0
212,000680,2018-04-09,0.002336448598130758,0.002336448598130758,0.1360234039095028,4270.0,49345.4818582495,992,8511133,8861819,829309,1366812,1895786,3400160,1660271,1836103,471067,968733,212000,218280,1462343,642170,1269877,429561,710480,0
213,000681,2018-04-09,-0.008276899924755443,-0.008276899924755443,0.5884547724006466,29018.0,128380.05235148834,2047,92772168,64295930,996784,1228009,6959119,8216251,9395497,9445223,19123979,17925393,28838859,8282276,7162881,5152230,6216011,5834709,14079038,8211839
214,000682,2018-04-09,0.004566210045662267,0.0,0.160714169135565,4350.0,36031.162665642114,743,6596347,5172682,792205,509975,2517267,1750944,1516302,1171692,1321975,826512,448598,0,0,385442,0,0,0,528117
215,000683,2018-04-09,0.022556390977443552,0.022556390977443552,0.062295506699329636,5400.0,137352.35293384854,1843,24941076,38636869,1441098,1551562,5191568,6338078,3030482,3303588,3461990,5460646,2136137,2330515,655977,1050126,1374539,3427704,7649285,15174650
216,000685,2018-04-09,-0.012770137524557912,-0.00982318271119842,0.2769638066468884,18162.0,192762.5473327579,1351,33875202,43965299,596638,1200396,4590731,6829404,4260610,6372181,9155216,7950628,5775051,6481018,2915396,4010813,2271894,1829087,4309666,9291772
217,000686,2018-04-09,0.0064102564102563875,0.00512820512820511,0.22143272199726227,12512.0,101015.69902283287,1241,28653592,27145448,1205236,1293384,4642360,4950484,4268659,4756340,5776094,6431978,4396657,2901834,2949967,2047641,1657791,482728,3756828,4281059
218,000687,2018-04-09,0.00678952473326877,0.016488845780795236,0.2682367226384267,15502.5,71638.87186706591,1480,28904555,30582184,1084251,943986,6287195,6923800,6737703,6964422,6041983,6882954,4015692,3764157,3343005,2040007,891763,463468,502963,2599390
219,000688,2018-04-09,-0.029865125240847834,-0.016377649325626242,0.23809706621573376,22330.0,114169.2529886025,1907,53148823,67598564,1661437,791917,9367786,6603152,9423008,8410001,12515874,14615534,7714218,7814104,6179252,8532278,2704165,8016351,3583083,12815227
220,000690,2018-04-09,-0.018541409147095123,-0.011124845488257096,0.21560053241468485,10426.0,92100.96887016915,1409,30731164,22330226,2079503,1356718,6444990,5018141,5691976,3775190,5572979,4289780,2796400,1743301,1355779,1305820,1699280,983950,5090257,3857326
221,000691,2018-04-09,0.031561461794020085,0.02823920265780755,0.25694544319723767,10489.0,57051.814709633065,549,5781741,8527917,400033,578722,2749569,1971009,1621129,1476727,1011010,1487476,0,261617,0,1055201,0,411995,0,1285170
222,000692,2018-04-09,-0.007058823529411784,0.0023529411764704466,0.13471121056752947,4664.0,55550.061971367286,998,12250014,8143394,1075506,824974,3577555,2512236,1897381,1984844,1894080,1419527,1599474,0,305868,339001,911050,424692,989100,638120
223,000693,2018-04-09,0.0,0.0,0.7977730112162945,2030.0,58521.89237087706,71,0,1455540,0,127269,0,191590,0,197684,0,315481,0,255228,0,368288,0,0,0,0
224,000695,2018-04-09,-0.030214424951267138,-0.020467836257309857,0.45066299182247815,9970.0,44472.01014367794,518,8232335,3341909,596651,433915,2564551,1594955,2213208,969429,1187156,343610,299700,0,398400,0,972669,0,0,0
225,000697,2018-04-09,-0.008163265306122436,-0.011224489795918502,0.5766942093281885,21378.5,97035.62419749686,1156,30957852,27375888,726299,915233,5344066,4738431,7178207,6489367,8755827,5696680,3459453,3335889,2001894,1022594,445284,1374273,3046822,3803421
226,000698,2018-04-09,-0.011111111111111183,-0.011111111111111183,0.2589837274594474,10670.0,59072.80455134535,434,6536730,5441882,387595,419916,1750228,1669464,1488882,1208337,1751608,621551,807350,256854,351067,0,0,0,0,1265760
227,000700,2018-04-09,-0.002016129032258007,0.002016129032258007,0.26634710563650754,10468.5,66937.84862718414,346,6242872,5204913,371215,343914,1961357,1290818,1033542,802242,770301,1821617,205010,247500,305786,698822,492030,0,1103631,0
228,000701,2018-04-09,-0.011458333333333237,0.027083333333333348,0.21944042885718404,19690.0,87437.12217984626,1916,43989026,38979250,1858892,1430698,10762983,9679682,9103120,9028589,9229353,6724253,6395983,5579536,3009246,1481936,400191,2532889,3229258,2521667
229,000702,2018-04-09,-0.02259036144578308,-0.013554216867469826,0.24952752882046497,13050.0,55761.0029471657,708,13040890,9674038,656974,600651,3801133,2997960,2125563,2268257,2758765,2546283,1234168,1260887,2055483,0,408804,0,0,0
230,000703,2018-04-09,-0.03397829164700339,-0.05096743747050503,0.3722325613109141,56889.0,410108.3551152057,3253,351816216,241528739,1146021,557317,18858726,9613263,18944120,16457700,37517395,30422887,31363496,18738607,21678442,14695327,21025601,13669583,201282415,137374055
231,000705,2018-04-09,0.003811944091486774,0.003811944091486774,0.3170191037120651,11895.0,39356.09500426877,616,8531892,6019685,639996,559721,3289073,2552282,2278966,1287246,1014542,723040,990155,499896,319160,397500,0,0,0,0
232,000707,2018-04-09,-0.01253132832080206,-0.010025062656641603,0.13696089659910904,5425.0,51511.551715826216,850,8132171,10896080,479565,1382555,2462075,2755004,1729342,2115361,2043188,2578350,626499,1004681,0,388000,0,0,791502,672129
233,000708,2018-04-09,-0.0019762845849802257,-0.0009881422924901129,0.3625205773080661,8080.0,48394.24961518519,779,10304163,9097431,339491,1061510,2975102,2649505,1627396,2257849,2750454,2522085,1308882,241482,661010,365000,0,0,641828,0
234,000709,2018-04-09,-0.0029850746268657025,0.0029850746268655914,0.0792460335180393,8387.5,226581.3395645589,1798,54214204,46686650,1526242,1142725,6619226,6125821,5530839,3760925,7105549,5392135,4300058,3807625,2044818,2133954,1301026,925402,25786446,23398063
235,000710,2018-04-09,-0.0005373455131649774,-0.013612753000179056,1.2877570337568458,27100.0,135679.42000918472,1883,63896041,67617751,1107872,903978,8598325,8725454,11169053,8882962,12736506,10747443,9088887,10127483,5751875,4849224,3944476,4388305,11499047,18992902
236,000712,2018-04-09,0.004669779853235578,0.007338225483655814,0.4112414310445583,15110.0,123108.16316225313,1329,28602286,41142944,482548,1584341,5272325,5909814,4996353,6783657,7194355,7411693,3782919,7373611,2729335,2831300,1823370,419502,2321081,8829026
237,000713,2018-04-09,-0.008053691275167862,0.0,0.15994664049186696,23006.5,158029.52390402916,2178,69914326,74849829,1239053,1919893,9135714,10064240,10191743,10602821,15062686,18245408,8597906,8670972,7031366,6044940,4491044,4872624,14164814,14428931
238,000715,2018-04-09,0.013033175355450455,0.004739336492891155,0.41076912084080625,1700.0,17262.2671486208,422,1879851,1594089,385959,452489,921524,632867,350127,230456,222241,278277,0,0,0,0,0,0,0,0
239,000716,2018-04-09,-0.011278195488721887,-0.005639097744360999,0.23139849781883745,7406.0,36785.54384276773,528,6304939,4343033,541968,409216,1908513,2258522,1046334,1093258,1407370,582037,754374,0,646380,0,0,0,0,0
240,000717,2018-04-09,0.018771331058020424,0.018771331058020424,0.12542106547797988,24354.0,171327.19399401956,2188,69464291,103603625,1216345,1448212,8377106,10688849,9651818,11768615,13839723,20009874,8085941,11926830,6910887,7968239,5506538,4997828,15875933,34795178
241,000718,2018-04-09,0.002512562814070307,0.002512562814070307,0.12769092522125697,4411.0,38516.68920190879,973,9063771,7743326,1032872,1217411,3007487,3120518,1154879,1448566,1255141,1164590,1497067,418519,1116325,373722,0,0,0,0
242,000719,2018-04-09,-0.0225653206650831,-0.020190023752969077,0.24212501368856432,8260.0,52683.94632527171,1211,17220900,9020772,1229019,842693,6464895,3308753,2654042,1968650,3668555,865690,1407571,0,0,645232,444675,0,1352143,1389754
243,000720,2018-04-09,0.002421307506053294,0.007263922518159882,0.17672283695773355,7046.0,42494.751525804844,546,8027919,3594192,618943,489841,2939069,1513118,1752322,539092,1377386,752303,761100,299838,0,0,0,0,579099,0
244,000721,2018-04-09,-0.02148437500000011,-0.015625,0.19738278695484301,7560.0,63125.12732197821,673,10793618,5627744,666367,626109,2697594,2009794,2172998,1467599,1256601,1082965,929253,441277,0,0,1000000,0,2070805,0
245,000722,2018-04-09,-0.01520467836257322,-0.009356725146198785,0.3774183403434574,6804.0,56424.47697528807,514,7659850,4577933,493643,480403,1806542,1426210,1341342,1517847,1059216,306877,404868,517184,337200,329412,2217039,0,0,0
246,000725,2018-04-09,0.0,-0.0039215686274508554,0.08530090049341095,204571.5,1460294.6961803436,3594,910037755,1137524496,85445,141556,7188555,7305820,18541884,21314633,48321047,55665258,47858203,52222481,42213917,53954480,33809585,47625232,712019119,899295036
247,000726,2018-04-09,-0.0009756097560975618,-0.0029268292682925745,0.3750960354954877,4104.0,43201.659912037154,746,8095834,4643722,1188266,379402,1952023,1647247,1039472,957679,1952932,1244056,897861,415338,339660,0,0,0,725620,0
248,000727,2018-04-09,0.0042918454935620964,0.0,0.061940291062537685,7755.0,71276.13453463913,1429,22337532,18276556,1060754,1127069,6795503,4810457,2887276,2342638,4757556,2864855,2544333,1509172,962057,1083849,2300326,944700,1029727,3593816
249,000728,2018-04-09,0.004419889502762286,0.004419889502762286,0.23368328224329615,15461.5,117982.53511866994,1500,40106372,37824267,1486504,1027411,6275582,5937279,7546012,6766414,7828786,6261814,4250225,4814505,2768247,3386809,3142804,1407360,6808212,8222675
250,000729,2018-04-09,-0.003942181340341633,0.005256241787122251,0.1941363870243506,9919.0,77467.20171894044,1539,26651401,24081847,1404294,1999239,6359693,5151348,4618918,3667133,5506921,5034806,2315797,3747276,1669075,3443646,1422979,441014,3353724,597385
251,000731,2018-04-09,0.017931034482758568,0.015172413793103523,0.27449832100385524,13104.0,78216.35635685634,697,9891248,14338246,572419,840944,3101522,3236293,1473552,2823041,2085715,2032226,447496,2026331,735630,1081964,920816,0,554098,2297447
252,000732,2018-04-09,0.007677543186180413,0.0057581573896352545,0.4998944136682852,47223.0,217711.0114906804,2718,134838457,163095023,812185,981495,12134755,12257267,16626878,16543398,29629252,29366900,20314735,18016080,12382518,15142112,8482947,13762748,34455187,57025023
253,000733,2018-04-09,0.011045655375552244,0.008100147275404979,0.321846810416476,19040.0,88686.5227951415,1782,46639629,34891929,1603053,976911,9240372,8233165,9090450,6838604,9855899,8016415,4918205,4011166,2304752,1059483,2585265,935993,7041633,4820192
254,000735,2018-04-09,-0.05866425992779789,-0.03429602888086647,0.19388595844733458,95368.0,516067.6463808469,3285,359352000,378737054,617850,975308,9119840,10678032,16208681,19547127,33342710,41557121,29607930,39145118,27623941,39211680,22881275,30205130,219949773,197417538
255,000736,2018-04-09,0.05759162303664911,0.04816753926701556,0.5443972789247609,20070.0,85013.61545698695,1234,27802497,30228841,868925,763780,5890433,5856899,6670023,6104899,6591825,7433896,2502027,3019262,3539264,1824665,0,1403454,1740000,3821986
256,000737,2018-04-09,0.002680965147453085,-0.00536193029490617,0.19780861348770076,7460.0,26708.237414858562,355,4004554,2167119,375878,274266,1768533,995230,1350263,503562,247180,394061,262700,0,0,0,0,0,0,0
257,000738,2018-04-09,-0.004076878276062956,-0.016889924286546454,0.31794339395103016,50760.0,267605.1870976124,2921,171940714,174146177,1045830,1058540,10926123,13824808,17621199,20739424,33392581,29871414,26653285,23387132,13701022,17159766,13764674,7025191,54836000,61079902
258,000739,2018-04-09,-0.0015243902439023849,0.0060975609756097615,0.21329703005550088,11135.0,52507.4299376274,948,16757786,13224846,1517726,476089,3527779,2675517,4062983,4148673,5172168,3620245,1421884,750638,1055246,691723,0,861961,0,0
259,000750,2018-04-09,0.002331002331002363,0.002331002331002363,0.1254371997582094,6013.0,91430.54613678342,1172,20570813,13974144,1230753,965503,4059717,3357810,3748934,2034411,2276089,2095090,1752631,1411954,384193,682266,1295563,407453,5822933,3019657
260,000751,2018-04-09,0.006787330316742057,0.00452488687782826,0.14608754405108543,9489.5,48399.64109446473,916,11336231,12162265,947799,799094,3654898,4974114,1747997,2078125,2395757,1727957,1221364,1171913,1368416,986742,0,424320,0,0
261,000752,2018-04-09,0.0014388489208632116,0.009352517985611541,0.5697498713433555,11248.0,65328.88411197546,595,7770288,10441705,346005,772404,1960805,2723700,1933539,1658096,1702520,2150070,1407419,469367,0,387710,420000,862678,0,1417680
262,000753,2018-04-09,0.008902077151335286,0.008902077151335286,0.15689865802347885,7414.0,42370.27661693972,461,6513545,4305722,474136,408576,1757238,1546126,1139202,1087306,2291708,962814,509739,0,341522,300900,0,0,0,0
263,000755,2018-04-09,0.009478672985781866,0.00789889415481837,0.32566370006760986,12141.0,49835.28351310458,377,5588710,5160758,230818,330286,1392309,1702522,1398590,1426299,1320680,1123136,734637,254080,0,324435,0,0,511676,0
264,000756,2018-04-09,0.0015974440894568342,0.0023961661341853624,0.33332320438824786,15751.5,76987.90963354979,1412,35359747,17834646,1192132,871613,8985100,5523178,4549318,3286878,8187405,3873240,4554417,945899,2184862,1730063,830295,456820,4876218,1146955
265,000758,2018-04-09,0.024778761061946764,0.023008849557522026,0.15302451378156454,11600.0,90824.08270183757,1365,24903406,33699920,1093866,1392424,4930010,6016061,3555170,4626006,5381853,5532300,3960234,2939015,2495602,4810806,1774585,1816422,1712086,6566886
266,000759,2018-04-09,0.00990099009900991,0.00990099009900991,0.258485168376095,12928.0,84220.46385215153,977,18375815,17320909,964894,968035,4708165,4306179,4122672,2979634,2595229,2851342,655816,2206149,1148874,1006672,1410907,440360,2769258,2562538
267,000760,2018-04-09,0.017094017094017033,0.019230769230769162,0.17229059078898207,4780.0,34712.10958308401,739,5786212,6933399,560804,836309,2973687,2553253,1191205,1212908,520531,979071,238044,954898,301941,396960,0,0,0,0
268,000761,2018-04-09,0.011520737327188835,0.011520737327188835,0.1153317931218744,5292.0,61597.66039786648,1419,12180710,18400955,863082,2368569,2747175,5025683,1901238,1564624,2027572,3610101,1503658,1575931,342070,1007686,0,2212360,2795915,1036001
269,000762,2018-04-09,-0.006001500375093727,0.0015003750937734317,0.34727568261752306,16092.0,98915.55338163732,1474,38546613,33566379,921624,1168699,6876261,6760503,5873394,6839320,7462028,7890169,5185839,3247203,2823848,3122150,1326747,0,8076872,4538335
270,000767,2018-04-09,-0.011194029850746356,-0.007462686567164201,0.1376367717049573,4539.0,65615.90490918934,379,5711509,2005858,308213,367575,1160392,897541,787788,263262,1446755,477480,0,0,0,0,0,0,2008361,0
271,000768,2018-04-09,0.017808958445763468,0.016189962223421395,0.33745346556704636,71402.0,362692.131827641,3022,251269035,302290612,1275619,1047071,9835735,10329246,14389622,18690487,31073420,38218488,22858345,29878374,21893687,23449275,18286905,20712891,131655702,159964780
272,000776,2018-04-09,-0.0018404907975461127,-0.0024539877300613355,0.32527863494243553,35673.0,222152.83506276345,2512,140191881,114480646,1840433,1183381,9938529,10588081,14052500,13905434,27046059,19500322,22081158,13637521,18134294,8982336,9295634,9403770,37803274,37279801
273,000777,2018-04-09,0.0007278020378456151,-0.005822416302765698,0.3778330227465018,10928.0,73509.33676988253,1323,27270075,17768356,2119032,1077561,5447073,5251828,3973011,3657693,6361975,3397256,3129954,1896058,1026720,1051628,1285544,928424,3926766,507908
274,000778,2018-04-09,-0.002109704641350185,-0.002109704641350185,0.1242048474695579,13300.0,85380.4981808368,1459,25692231,29662836,1105010,1562751,5499849,8377274,5190028,6068561,5164935,4080834,3098736,1726832,1266085,1468040,886564,1349032,3481024,5029512
275,000780,2018-04-09,0.03469387755102038,0.03469387755102038,0.19167967025743815,15120.0,68306.27184912986,653,8692565,14961311,404634,588657,2391257,3661460,1819548,3641651,2650275,2796779,1061801,1805484,365050,370500,0,498960,0,1597820
276,000782,2018-04-09,0.010510510510510551,0.009009009009008917,0.35064607037106044,10736.0,36421.643859950964,360,3655499,4624746,428869,304855,1530103,1594007,1148147,1043443,548380,1149213,0,533228,0,0,0,0,0,0
277,000783,2018-04-09,0.002797202797202747,0.002797202797202747,0.18602118568010753,5019.0,87920.16609769863,1479,25667831,21575817,1333516,1250080,4361212,3869077,3480317,4374680,3650336,2493782,2574327,2702445,3239186,1064381,1805924,1260144,5223013,4561228
278,000785,2018-04-09,0.0031813361611878754,0.0010604453870626251,0.31007943354230494,5700.0,34546.53456857744,925,7719334,8521347,506489,1935488,2379594,3717030,1542418,1300486,1338650,822928,1952183,745415,0,0,0,0,0,0
279,000786,2018-04-09,0.009595327492699202,0.010846891948268711,0.4557518429453872,36450.0,172650.23175452836,2769,113994310,122196169,1042399,2096351,15914060,14053560,15778917,15518688,20434462,21771082,14821460,14048620,11554280,8717487,6282435,8357420,28166297,37632961
280,000788,2018-04-09,0.01104294478527601,0.01595092024539868,0.16646913345740103,25792.0,376341.06909580674,2403,82252562,148018910,926181,2568790,6901280,11890996,9268462,15388111,15622294,20110545,10331752,16163916,6203006,11823588,4360414,8990502,28639173,61082462
281,000789,2018-04-09,0.030988274706867713,0.0259631490787271,0.2075492507489085,68600.0,282330.1883044671,3315,245887219,280856106,1104299,856723,14908847,10450371,22401412,20472120,44218169,37612397,31897895,33597494,24882202,25801003,20463567,20129815,86010828,131936183
282,000790,2018-04-09,0.0648936170212766,0.06382978723404253,0.22483581502096753,60060.0,1327699.3878502576,1753,450976405,215442380,1332650,13696,9335998,547923,8500977,1355896,18416831,8428030,20800956,7706731,17097924,10673324,16381269,9772725,359109800,176944055
283,000791,2018-04-09,-0.02235469448584204,-0.020864381520119157,0.19697006274094073,9870.0,51203.42148047417,1162,16597291,14824651,847911,1501451,4379242,5474443,3680758,2608056,4225842,2450276,1405018,1783147,1405520,393984,0,0,653000,613294
284,000792,2018-04-09,-0.011552346570397165,-0.0043321299638989785,0.272696358007562,44464.0,318577.3682920238,2582,210363109,152189236,1275682,1172775,11262858,9389459,15594577,10681454,24090895,22743407,23077449,19206123,14422300,16138281,13666767,9934955,106972581,62922782
285,000795,2018-04-09,0.0462633451957295,0.04448398576512447,0.12606955573973067,18228.0,124108.29975086739,1993,52100519,73528042,1384654,1595740,7904164,8652875,7521351,8981820,11307577,14650814,7706747,9206168,5420835,6684083,2217152,6338337,8638039,17418205
286,000797,2018-04-09,-0.0035087719298246833,-0.0011695906432750425,0.3400046581464558,11205.0,71927.65243845693,632,11108137,8453088,621243,630614,2231593,3247794,2601644,1955796,1235590,1795018,1215365,0,1008862,387816,417520,436050,1776320,0
287,000798,2018-04-09,0.0012150668286754485,0.004860267314702238,0.4363014978479903,5789.0,30082.340265306546,355,3005792,2890341,249862,492540,1661555,949964,625101,673407,469274,332830,0,441600,0,0,0,0,0,0
288,000799,2018-04-09,0.020850708924103456,0.010425354462051617,0.4980366810318696,23950.0,123559.69852538871,2320,74211210,65165226,2552797,939351,11468896,9546996,11508516,10906160,17529077,15773668,13137739,7092968,5045290,3629491,5397714,3313801,7571181,13962791
289,000800,2018-04-09,-0.007804878048780495,-0.005853658536585371,0.25557788070180193,20480.0,142743.8562365457,1609,59603606,54026748,840613,977246,7212196,6724622,7502556,6642076,13247700,10850473,5567307,8684819,4651193,5886177,3882537,828093,16699504,13433242
290,000801,2018-04-09,0.03834808259587019,0.01179941002949847,0.13474498333230375,28959.0,150314.52831948063,2542,88923387,102500842,1371031,1533175,11623387,12656172,12047413,14809539,17965401,20282061,12049522,14598083,9048580,8552598,5009689,9466087,19808364,20603127
291,000802,2018-04-09,0.006092254134029584,0.007832898172323688,0.37383795126632646,5795.0,50679.386366574945,945,11398468,8979678,1125539,529346,3611037,3122360,1791793,1795200,1959509,1706170,1300991,904592,336924,333210,0,0,1272675,588800
292,000803,2018-04-09,0.001007556675062915,-0.011083123425692842,1.6393909789759833,17681.0,78694.60227916292,146,1605634,4401469,82374,119557,367116,618027,637912,699761,238440,907096,279792,761400,0,369428,0,926200,0,0
293,000806,2018-04-09,-0.03298153034300788,-0.0316622691292876,0.1602156958335936,21838.5,119579.57766316095,2244,73383403,54768512,1522637,1586771,11228821,10042002,12901839,8793255,15931432,10632649,9996060,7255570,6166491,8039508,4146986,2593022,11489137,5825735
294,000807,2018-04-09,0.032258064516129004,0.030913978494623517,0.14219473007675063,36432.0,281130.0594298582,2743,132242910,203776180,1213796,2000728,10191411,12982615,13331162,16261289,20810660,21843809,17372688,15316110,12757244,18430279,9681989,15046442,46883960,101894908
295,000809,2018-04-09,0.02915451895043719,0.02915451895043719,0.14624788308138045,15086.0,73361.61263426772,550,7834681,12057649,361765,399902,3347454,2673270,921469,1466553,2692883,2312939,511110,1883439,0,1283050,0,431147,0,1607349
296,000810,2018-04-09,0.035545023696682554,0.02251184834123232,0.1896223449108134,17370.0,82905.53095001937,1984,42642098,46740580,1443640,1665325,8791749,9664584,9279547,7970120,11377814,9816674,3815713,8207016,2878836,3092757,1867106,2671293,3187693,3652811
297,000811,2018-04-09,0.008620689655172376,0.00287356321839094,0.2802970028518406,6940.0,88414.04453241151,616,10500602,7397522,710579,605798,1971314,1336101,2104221,1233350,3091387,1668082,488222,436012,751335,383600,851544,0,532000,1734579
298,000813,2018-04-09,-0.014909478168264156,-0.00425985090521841,0.23338293281216582,20108.0,196606.26275183534,1621,67737170,45895286,1107413,1422616,7804897,6699856,7210499,6805637,12100209,7811892,4577515,5770863,3551793,5485751,3703802,4009484,27681042,7889187
299,000815,2018-04-09,-0.007346938775510181,-0.007346938775510181,0.4284817616404046,12035.0,59723.26541474049,818,14217106,11541554,857766,528572,3749989,2806007,2710179,1383176,4061158,2854309,2182814,2573248,0,378000,0,410742,655200,607500
300,000816,2018-04-09,-0.014285714285714235,-0.011428571428571455,0.06554350151383384,23115.0,180242.216472192,2879,110513027,91314125,1806656,1849080,13150628,12368733,13523502,14189787,22049943,19264576,13448569,11366101,12585890,5849289,6635193,8364815,27312646,18061744
301,000818,2018-04-09,0.03780864197530853,0.02777777777777768,0.269396361976821,30659.0,226793.44499587957,2318,85716685,127618664,1248988,1326214,8887882,10158896,14363704,15122922,14923395,19893594,11496097,13016280,3602141,11155703,3270728,7885856,27923750,49059199
302,000819,2018-04-09,-0.021929824561403466,-0.013157894736842146,0.32516137789351146,11320.0,50132.8867450945,1230,19646974,15678671,1077794,1025285,6243860,5264650,4430529,2979129,5320164,3253933,1926208,499515,648419,1018701,0,404560,0,1232898
303,000820,2018-04-09,-0.012041284403669805,-0.0034403669724771824,0.3348701671027455,34680.0,151677.08896356588,2717,108118679,96634889,1248195,1314255,13458946,13482292,18238558,16106503,22246443,20905450,16282544,10987130,11347145,7904859,6256532,6268047,19040316,19666353
304,000821,2018-04-09,0.013536379018612488,0.0,0.4269259965970252,11870.0,58636.412040452495,766,12473558,11226281,833104,587851,4106770,2887605,2608073,2771444,3129064,1408470,1487911,1546473,308636,677893,0,408825,0,937720
305,000822,2018-04-09,0.05466666666666664,0.045333333333333226,0.16277393883612434,23475.0,126620.72635417602,2128,46351550,77530814,1668985,1246865,9167775,11098949,8440266,13182234,12501296,18683282,5254925,8918045,2882503,5293970,2650262,4918361,3785538,14189108
306,000823,2018-04-09,0.006382978723404209,0.012765957446808418,0.2071538777462746,10395.0,126584.91751902348,2062,42613274,39979255,2193607,1138678,8356103,7546552,7096995,6490974,9824781,6503971,5188026,4769091,2728276,2863541,2283400,2667575,4942086,7998873
307,000825,2018-04-09,0.014625228519195677,0.014625228519195677,0.1040144479836236,17174.0,185893.12307091747,2779,91977975,119320264,1594272,3807767,8416815,10830553,9862469,13214677,21346751,19422373,10736051,11247670,7917210,8741272,6008065,3535198,26096342,48520754
308,000826,2018-04-09,-0.002739726027397249,-0.009246575342465757,0.7493638729153319,23208.0,171146.12865860923,1518,51932226,48481485,1062216,1091973,7765765,6974198,7913631,6844270,9406069,9428996,6400057,4891581,4446624,3823047,1267821,2244370,13670043,13183050
309,000828,2018-04-09,0.0,-0.0019267822736032114,0.40576745622933114,10290.0,58017.05525278608,654,8279837,8032724,481158,567739,2588490,3407259,1347029,1361231,1193472,1486623,206628,869312,0,340560,0,0,2463060,0
310,000829,2018-04-09,-0.005592841163310824,0.0011185682326622093,0.332480738448204,8880.0,118085.63388530356,723,16172916,6997765,710821,944952,2379468,2475862,2471664,1214886,2996662,1385162,1017611,976903,690996,0,1767010,0,4138684,0
311,000830,2018-04-09,-0.03684210526315801,-0.03040935672514633,0.2950646185199661,69347.0,438978.34871806455,3367,352392461,292069982,931043,916540,14933671,11481024,22501680,20089375,39798690,33149673,29935817,31261164,27595636,28001636,21830393,24625373,194865531,142545197
312,000831,2018-04-09,0.09090909090909083,0.07407407407407396,0.21467781862004395,58512.0,791365.3236860406,3073,402638388,320530000,987409,1264115,11003124,12387283,13587342,15350242,31716440,32815659,23076697,21794798,24552042,22181082,18154560,15707234,279560774,199029587
313,000833,2018-04-09,0.0049423393739702615,0.006589785831960571,0.2545901652443375,6130.0,44061.03507922636,568,6727586,4778163,587875,343808,2132697,1988495,1426508,1431072,1489486,398415,438016,203885,0,0,0,412488,653004,0
314,000835,2018-04-09,0.008534850640113723,0.008534850640113723,0.3174030851309508,7050.0,33344.74557115563,490,4427132,5638710,419998,573098,1707764,1573668,712681,1524160,1346589,1967784,240100,0,0,0,0,0,0,0
315,000836,2018-04-09,0.006479481641468832,0.006479481641468832,0.11837789964023543,9360.0,69798.49423320546,1534,25832568,22790966,1304501,1118026,6356695,6463268,5167235,4426609,5705149,3955461,3588718,1637547,714835,1348131,923752,0,2071683,3841924
316,000837,2018-04-09,0.016393442622950838,0.01821493624772308,0.1871362742352342,11020.0,58829.62334019264,861,11542916,12323951,666938,856829,3075831,4052048,1940141,3552367,2544681,1632202,910092,433864,763999,1028590,496650,0,1144584,768051
317,000838,2018-04-09,-0.005976095617529764,-0.003984063745019806,0.17221255073239516,8000.0,53331.09070939356,850,10823097,10109575,944948,1069195,2297984,3860860,2460286,2202300,1815334,980781,1127083,735398,649688,725961,977093,0,550681,535080
318,000839,2018-04-09,-0.008583690987124526,-0.007153075822603716,0.1449631134479789,20760.0,237451.28691592775,2330,80930460,89788893,1468895,1785541,10868588,10853489,9461602,9709176,14266850,12972378,8124261,11461047,5599733,4750456,4371472,5272266,26769059,32984540
319,000848,2018-04-09,-0.002132196162047073,-0.004264392324093924,0.3093752269176093,9270.0,46528.98851726677,919,11418028,10906403,968800,1130104,3339995,3769578,2976456,2109912,1883586,1633359,898984,1958530,349613,304920,490113,0,510481,0
320,000850,2018-04-09,0.007042253521126751,0.0046948356807512415,0.16961020500103216,5123.0,75566.45358928226,631,8670973,7820982,865296,369902,1963825,1835447,1600723,1106996,574084,1372640,1705003,518748,1072997,725250,889045,0,0,1891999
321,000851,2018-04-09,0.03325415676959609,0.02375296912114,0.196247476422746,17280.0,139308.58620165227,1844,42244274,57582565,1518424,1552454,6932877,9448263,8092565,8526837,7738179,11395183,4566096,8019187,2793385,3101399,491320,3947984,10111428,11591258
322,000852,2018-04-09,0.07638190954773894,0.10653266331658306,0.17958592834575474,48313.5,628932.5489096505,3094,310940835,257919530,1649622,1502996,12024222,11132264,15628277,14988155,30642515,30273311,28130355,24880236,23720784,15556477,16754631,17076147,182390429,142509944
323,000856,2018-04-09,0.011158342189160564,0.016471838469712896,0.4166616805389216,20691.0,128898.16441621445,2041,55121085,49730551,1539459,2064208,10667915,9653474,9619629,9760983,14047121,11018386,6322435,5057006,4012024,3781211,0,1831099,8912502,6564184
324,000858,2018-04-09,-0.002003147803691485,-0.007011017312920198,1.1916662940197384,146013.0,906021.475321498,3441,710973589,575392822,676360,271423,10542943,7025990,22952387,15505784,60862770,35380583,48397597,35438944,40249404,33689388,26862276,26140466,500429852,421940244
325,000859,2018-04-09,-0.00536193029490617,-0.00536193029490617,0.1773176171039849,4810.0,31607.851913998114,442,4242135,3296026,385125,338616,1434950,1591089,1311340,624195,1110720,222300,0,519826,0,0,0,0,0,0
326,000860,2018-04-09,0.04330357142857144,0.0558035714285714,0.39873609622554085,30264.0,201253.07110182242,3160,112818095,173644874,1722113,2669551,12817614,19860611,12299807,18273085,19877091,23751766,14647913,19252733,6151489,18380564,6279453,9237331,39022615,62219233
327,000861,2018-04-09,-0.007017543859649145,-0.010526315789473717,0.12453749292992553,2820.0,49028.53748723165,524,5495348,2978768,321702,483677,1320226,1263593,1039496,306337,874032,497450,743052,427711,0,0,0,0,1196840,0
328,000862,2018-04-09,0.007352941176470562,0.014705882352941124,0.09079668539287143,10764.0,204396.73975235692,2034,47625502,37795402,1713164,1785522,8730964,8274488,5407003,5541345,9164220,6162518,5783659,2473126,4884849,1620269,3139716,871639,8801927,11066495
329,000863,2018-04-09,-0.01276595744680864,-0.008510638297872353,0.22297684499322537,4665.0,50991.18754639814,444,4770800,3438799,710380,265524,1387597,736789,486552,852733,859706,139800,908037,472809,0,0,418528,409614,0,561530
330,000868,2018-04-09,0.02898550724637672,0.025764895330112836,0.13552050368215074,18241.0,169229.78212319937,2105,59429101,60351850,1599646,1572273,9991546,8954799,9156908,9780969,10841385,12197871,6051135,5544183,7056869,3562774,1628062,3179315,13103550,15559666
331,000869,2018-04-09,-0.01667949704901206,-0.022324865280985318,1.2270724416128347,22926.0,196963.3842012972,1009,47346290,25783779,518764,623061,5446532,4490681,4741786,4461861,7547965,5478280,4023709,2030103,3096276,1384491,2311690,405384,19659568,6909918
332,000875,2018-04-09,-0.012618296529968487,-0.012618296529968487,0.10122109837020608,9300.0,185346.14776038402,983,25840815,18594574,697427,1330264,2527021,4700419,1560661,2742454,3364235,3740450,1484003,3970540,622716,2110447,1805197,0,13779555,0
333,000876,2018-04-09,-0.016551724137931045,-0.015172413793103523,0.15391245727039174,19359.0,187280.54613099972,2222,99484711,50961778,1003506,1535301,14022626,9237481,10568593,8685143,10929337,7367199,7871444,3394301,8399440,3947520,6221257,3843340,40468508,12951493
334,000877,2018-04-09,0.005893909626719207,0.009823182711198308,0.19040491096201473,11330.0,131325.09449546927,2863,56064818,66221378,3345445,1418890,12360448,10670434,9784028,10665227,9939142,8929798,4909618,7174143,4458500,7710834,3080772,1764790,8186865,17887262
335,000878,2018-04-09,0.012669683257918507,0.010859728506787292,0.2878206765987429,14521.0,90478.37491310496,1474,29704634,35143622,817288,1299786,5612689,7449921,5861693,5622680,6730716,6496360,4308104,4401807,1301996,1734024,1922295,2638623,3149853,5500421
336,000880,2018-04-09,0.017297297297297343,0.019459459459459483,0.44680624588287043,9345.0,45900.22332289555,428,4104872,5704079,391318,686466,1332125,2005630,1213958,1787814,1167471,270989,0,213180,0,0,0,0,0,740000
337,000881,2018-04-09,-0.010526315789473717,-0.00877192982456132,0.33652878320905383,12375.0,71362.36501354449,1150,22503270,17337744,786682,736972,3516624,5998181,3583707,4104311,6609182,2990470,2129792,1151241,1032271,686515,2233042,446880,2611970,1223174
338,000882,2018-04-09,-0.024242424242424176,-0.018181818181818077,0.06574103947152227,15228.0,104610.59160307767,2544,72042229,48962152,2138961,1836591,12421313,8743055,12003939,8923262,14352514,11339356,10342923,5291625,4752012,2856366,4545628,1340475,11484939,8631422
339,000883,2018-04-09,0.002336448598130758,0.0,0.12695259825462732,7284.5,62390.22345968149,1138,14568092,12670946,1282214,713104,5701205,2444390,3205557,1549423,1875958,2099538,526925,1215406,317847,2081725,975546,473000,682840,2094360
340,000885,2018-04-09,0.01627118644067793,0.015593220338983027,0.3681077067423322,14975.0,64747.20012812687,1606,25044818,31270306,1268684,1535876,7603953,7099793,5184244,5784920,5917796,6446916,2709684,4439613,632565,1582461,453288,3115655,1274604,1265072
341,000886,2018-04-09,0.0076045627376426506,0.015209125475285079,0.1420776977295402,73710.0,681466.0124140881,3101,291153213,383658608,733885,1495706,8953568,12890425,12123854,20005829,25362002,42417474,28054182,34257738,26991067,26522356,18525746,27715857,170408909,218353223
342,000887,2018-04-09,-0.014730878186968721,-0.015297450424929138,0.43471885734255034,19140.0,167810.6559724221,1649,71652208,48219620,1151738,1150422,7359117,7152794,7104063,6257238,14029966,9348789,9388523,5989200,5213847,4726974,4298409,4025806,23106545,9568397
343,000888,2018-04-09,-0.0031249999999999334,-0.0031249999999999334,0.31503866992902085,5760.0,37365.41831016145,928,11145858,5917316,1544064,697026,3666595,2359802,2305271,1426663,1802795,543520,1827133,490160,0,0,0,400145,0,0
344,000889,2018-04-09,-0.014883061658398256,-0.005669737774627981,0.5747183648868388,8379.0,74358.74939542249,602,8565321,8805187,1028436,520016,2208564,1559660,890725,1969982,1094548,972109,221200,1577545,353250,699956,1388070,492788,1380528,1013131
345,000892,2018-04-09,0.014267185473411104,0.012970168612191912,0.2744668570618914,4686.0,45606.64277933635,789,6761169,6854241,416767,1394792,1605070,2361328,1170848,1178761,1113908,696864,967430,1222496,311200,0,488727,0,687219,0
346,000893,2018-04-09,0.012173913043478368,0.01565217391304352,0.14254860121379181,20545.0,204758.1384233607,1631,50487895,64925895,753383,1428042,5000169,7754671,7554279,8836927,11909938,9908384,6605713,7393357,4889282,6481647,3601374,3525923,10173757,19596944
347,000895,2018-04-09,-0.004705882352941226,-0.00039215686274518546,0.5072767164069211,30228.0,132434.32612549898,2531,87380089,76310783,1572560,811633,10869101,12694797,12061816,13094969,22368516,20176311,10789977,8730492,5642644,5668489,4499333,1752684,19576142,13381408
348,000897,2018-04-09,0.0,-0.006451612903225823,0.10185570213787525,4960.0,41294.683169636024,929,9345155,7065779,1140258,798344,1886118,2741530,1806651,1507215,1644886,946323,1508625,762367,1358617,310000,0,0,0,0
349,000898,2018-04-09,0.00670016750418756,0.0,0.13569434246967907,9584.0,170286.89286522928,1939,50715685,50149074,2175412,924525,7113829,6445818,4610708,6961306,7854297,8459040,6529889,5874812,2075858,2430651,1883321,3200798,18472371,15852124
350,000899,2018-04-09,-0.0020366598778003286,-0.0020366598778003286,0.26289068216200573,2937.0,42444.366867481694,348,4010262,2106328,435168,182116,1394107,762405,660042,426867,529696,734940,502250,0,0,0,488999,0,0,0
351,000901,2018-04-09,0.029769959404600588,0.020748759585024645,0.4346671725252457,54648.0,180452.6441186699,2605,135684148,152771302,814681,1088856,9450983,10500872,19274099,17768484,28834342,30052352,18286520,24166013,14486594,16273945,11019622,12360103,33517307,40560677
352,000902,2018-04-09,-0.011247443762781084,-0.012269938650306678,0.3148696578697584,9700.0,87559.64314025606,965,23156924,13135202,789998,1245428,3858720,3080345,3593534,2389260,4560341,2477839,1767071,1257170,2474746,334476,3217009,1373824,2895505,976860
353,000903,2018-04-09,0.0,0.0,0.124255564209086,9030.0,63897.986144482544,595,9449247,6451902,318036,757389,2077508,2506838,1709254,1142787,933511,1537359,1717790,507529,341334,0,492562,0,1859252,0
354,000905,2018-04-09,0.07187499999999991,0.06666666666666665,0.26146345012153865,17604.0,160805.0192802783,1349,26670758,50135020,1213316,1401949,6258936,5499232,5545631,7490858,4216502,6784828,3952440,5188303,1060168,3419640,2199146,2279911,2224619,18070299
355,000906,2018-04-09,0.012771392081736943,0.0025542784163472554,0.3468953919216783,7125.0,49813.85742223106,509,7371708,5402440,508312,283324,2296885,1525946,2023431,668468,1793663,827685,441017,659783,308400,980934,0,456300,0,0
356,000908,2018-04-09,-0.06101190476190477,-0.050595238095238027,0.1385774463344481,17569.5,1094998.659439078,2360,149203232,87132327,909614,2398730,8275276,10741045,9373236,10564180,10922608,14501573,9052760,7648521,5697845,8615807,5296020,3953183,99675873,28709288
357,000909,2018-04-09,-0.006042296072507614,-0.004028197381671594,0.36351129543585153,12863.5,43725.44882246406,746,11343371,9631890,790949,1004001,3224236,3829307,3311406,2357082,1899687,1415924,1735781,266848,381312,758728,0,0,0,0
358,000910,2018-04-09,-0.0030030030030029353,-0.0015015015015015232,0.6533070368214579,9925.0,110680.16694484388,935,21403907,16513657,1483045,532843,3283667,2716559,2403981,2263108,7179237,2692857,3896072,1897561,1415065,757000,500000,1375324,1242840,4278405
359,000911,2018-04-09,0.0079155672823219,0.003957783641161061,0.24747893010023062,9919.0,45802.37519897019,939,13818190,10541187,988344,1029530,3507133,3547976,3767783,2452908,3956580,2081745,733170,244724,379708,308000,485472,876304,0,0
360,000913,2018-04-09,0.03446115288220564,0.01065162907268169,0.704896853591709,13627.0,97741.82243309931,512,6442250,15632745,579817,545194,2205076,2591067,854209,2110469,1073815,1677359,1356509,2221476,372824,1286312,0,1929462,0,3271406
361,000915,2018-04-09,-0.022399999999999975,-0.014399999999999968,0.6006564333492737,24620.0,96066.3480791676,1733,55320432,36429547,1568607,935361,11289591,7705545,9657126,6751859,11383456,8444547,10647717,4318995,2649610,3135513,1864355,988867,6259970,4148860
362,000917,2018-04-09,0.0013440860215052641,0.004032258064516014,0.23861804557393682,17832.0,107928.50554600905,972,27139383,27380208,735554,955959,4153954,4241840,3425565,3846687,5765715,5840211,2913079,4007753,3356235,2500383,3089493,2736421,3699788,3250954
363,000918,2018-04-09,-0.007102272727272707,-0.0014204545454544748,0.25700688827777013,13940.0,75772.82926337609,750,14382079,10061593,790407,602499,3148463,3887669,2389641,2094876,2096217,1560638,1344689,1261460,666135,654451,1297667,0,2648860,0
364,000919,2018-04-09,0.03274853801169586,0.028070175438596356,0.23608340312612913,16672.5,87804.1416628957,1312,25839019,30012881,1276307,1183154,6631834,6134687,5404039,5028210,4935870,5553367,2182839,3070506,2003430,3165583,1812936,1812350,1591764,4065024
365,000920,2018-04-09,-0.011111111111111072,-0.0033333333333332993,0.2711969945854263,17147.5,71698.91939490437,1102,22931967,18996013,913541,980877,5372325,5011662,5690686,3704141,4966382,4667965,2983079,1937279,2064842,757900,400512,0,540600,1936189
366,000921,2018-04-09,0.0,0.0009082652134422275,0.2484336665012555,21052.0,113221.5001560064,1965,54460926,34647596,1055581,1567363,15207643,7918982,12637390,6426065,7901507,6702106,4013933,3232295,2409469,2121737,1334574,959352,9900829,5719696
367,000922,2018-04-09,0.04199475065616798,0.013123359580052396,0.30475968909289824,14630.0,80301.83841526574,625,12151479,11323054,538227,660699,2499175,3011259,2819747,3064238,2626309,1688663,695704,803280,689128,1080105,441960,499110,1841229,515700
368,000923,2018-04-09,0.009803921568627638,0.014215686274509975,0.5837630372327751,12378.0,55846.437229646435,1221,17121944,17206925,742590,1283515,5737592,7014100,3816591,3103695,4215458,2772841,882423,682752,653420,651230,0,0,1073870,1698792
369,000925,2018-04-09,-0.008899676375404453,-0.012944983818770184,0.39275400655043996,12130.0,53134.01234263298,991,15185876,12260605,1240713,906583,4478300,3947512,2226010,3025270,3637064,2494272,1628972,638884,375100,736908,405240,0,1194477,511176
370,000926,2018-04-09,0.004314994606256839,0.0,0.2517465944716496,8356.5,71056.67322035848,1356,26065011,14486171,1456637,1287319,4588346,4583396,9025969,3670136,2882251,2540295,436616,1093525,2464397,304325,465000,420384,4745795,586791
371,000927,2018-04-09,0.004950495049504955,0.007425742574257432,0.1426151027690582,7695.0,66247.4514844255,803,12264433,9031470,1083689,505175,3392695,2115357,2235791,1864340,2049389,1160755,723203,1103483,1660268,313504,0,408000,1119398,1560856
372,000928,2018-04-09,0.0038387715930903177,0.0038387715930903177,0.16316743304724746,6812.0,71301.82792879999,1020,12679005,14634767,668675,1282596,2784906,3638117,2585616,3516145,2505609,2187088,1587545,1306676,618540,701432,0,453087,1928114,1549626
373,000929,2018-04-09,-0.0034522439585730202,0.0011507479861909697,0.34575727666072015,8650.0,26854.298017040033,631,5250378,6070982,605937,723758,2463961,2857984,1648639,1246359,531841,786383,0,456498,0,0,0,0,0,0
374,000931,2018-04-09,-0.009302325581395432,-0.007751937984496138,0.21336879547772325,12820.0,87414.15348276004,914,19912780,10625556,761912,810587,4071926,3752666,3964242,2305234,3713481,2457250,2885218,520272,1429898,0,489668,0,2596435,779547
375,000932,2018-04-09,0.017127799736495364,0.013175230566534912,0.1445589440620351,27960.0,352780.8801787727,2764,142422631,188957410,1919322,2223207,11008977,10660159,12185916,12858338,18149906,21429765,15556374,14991507,14941416,15446286,7423985,13911735,61236735,97436413
376,000933,2018-04-09,0.027210884353741527,0.027210884353741527,0.15249508275817816,34500.0,283773.43241198914,2327,107129446,143303188,1379964,1362204,12270160,9542006,13309122,11214322,18201687,18296540,17033145,11361121,11420345,10766403,7060523,11609328,26454500,69151264
377,000935,2018-04-09,-0.021704605611434613,-0.023822128110111085,0.38099184725011714,27449.5,126067.21044422964,2462,84432530,80678191,1574061,1454582,12508479,11889301,11885380,12085999,15342490,18668127,13246251,10002677,7303436,7866752,4901837,5920833,17670596,12789920
378,000936,2018-04-09,-0.002624671916010568,-0.022309711286089273,0.14486309822774854,28272.0,167316.67009432212,2773,104853568,100741710,1785179,1769898,13659929,12305176,16393074,14524778,22984814,18363798,14377359,12394098,11915377,10129946,4931175,5858866,18806661,25395150
379,000937,2018-04-09,0.00203252032520318,0.00203252032520318,0.13548941520178234,9880.0,49865.61871309918,1321,16030416,19834917,877718,1694901,4924741,6241677,3153364,3194051,6532175,4138327,542418,2174056,0,308750,0,1419814,0,663341
380,000938,2018-04-09,-0.011531909317258449,-0.0020967107849561017,1.3663350372506609,98137.0,615516.0110639551,3123,403072323,391215099,506569,809841,8932079,9621241,24041805,19085105,38220229,40161405,29458495,29510617,27831874,26740759,28494519,25422662,245586753,239863469
381,000948,2018-04-09,-0.005469462169553352,0.0,0.3472033397016797,15400.0,156267.62937826972,1000,31247729,19724372,584631,882099,3730568,5219539,2774909,4713488,4886811,3527034,1457849,1618940,638060,2551192,0,477420,17174901,734660
382,000949,2018-04-09,-0.002564102564102555,0.0,0.21883559742090414,7820.0,52081.474898458706,317,4689625,3646164,322795,271640,1114168,1089059,1916428,382024,881299,316840,454935,734601,0,352800,0,499200,0,0
383,000951,2018-04-09,-0.007032348804500765,-0.007032348804500765,0.3819921495632588,12681.0,59384.755622671255,1386,25356917,15541251,1506444,1032487,7281636,4574981,7453318,3224091,4481688,3062881,2006019,1701431,623230,0,0,451968,2004582,1493412
384,000952,2018-04-09,0.009421265141319024,0.014804845222072816,0.42493406875901174,10482.5,72573.44813383001,1224,17308194,21334936,1485219,820252,4651654,4779357,2426608,3553564,3755363,3805481,1539681,2048870,2326469,1631776,446700,1698786,676500,2996850
385,000953,2018-04-09,-0.01564380264741283,-0.00962695547533099,0.31816184140702414,12352.5,68313.056986543,682,10937089,9856101,547049,911863,2982404,3357500,2266927,1494610,2178011,1283768,504179,430475,1487865,0,442390,845951,528264,1531934
386,000955,2018-04-09,0.0,0.0,0.16637215597615754,66750.0,2737760.8946169983,2315,424400918,256093654,1196027,680284,10300581,6661680,15841737,11754555,29682735,24913828,19435555,17885996,13543349,17063271,12285893,16750836,322115041,160383204
387,000957,2018-04-09,0.02924634420697414,0.02699662542182235,0.2227629708364845,15266.0,74583.44621154181,1594,30426370,33870721,1466261,1633469,7499131,7528313,6772768,5831506,7412937,7216582,3670967,5655519,2711306,1760514,893000,1323899,0,2920919
388,000958,2018-04-09,0.002309468822170757,0.006928406466512715,0.13841671204167563,8730.0,55575.656047147684,980,14324357,12460517,845502,1177348,4330226,3583489,2814718,1568397,2748335,3465135,1690117,493089,709230,1672511,0,0,1186229,500548
389,000959,2018-04-09,-0.00849256900212314,-0.00849256900212314,0.11917231052915647,5664.0,36545.07589360066,1569,17615134,10980622,1739861,925373,7284756,4969462,3355345,2207918,4344632,920124,563640,495733,326900,0,0,900412,0,561600
390,000960,2018-04-09,0.013076923076922986,0.009230769230769154,0.2774098671701683,14514.5,199869.00216201966,2202,67759121,81746732,825659,3401854,6504965,8993519,8012254,9905105,11196810,12041822,10800330,7433730,5685048,6737020,4959863,3921566,19774192,29312116
391,000961,2018-04-09,-0.009575923392612817,-0.0068399452804377425,0.17012508816909827,15993.0,160920.68914441564,1850,74668471,56326198,1170439,1114306,6296637,6562454,6831970,7894059,11483846,10294069,12260979,7479035,8877229,5267652,6244712,3893038,21502659,13821585
392,000963,2018-04-09,0.011202389843166571,0.01015683345780416,1.1715134984210112,61786.0,194528.12213537926,3276,181966602,216922546,1721524,252557,14613070,14490723,19326489,21647984,37702992,45141198,30675586,30232600,20595859,19671415,14676433,13343916,42654649,72142153
393,000965,2018-04-09,0.03046594982078843,0.034050179211469356,0.1326020063082337,21423.0,137917.15456364868,1775,43065671,66711693,1177477,1184004,7080479,9498158,8309726,7932530,9354688,11009888,7198133,8731104,4122242,2416872,2180117,3723183,3642809,22215954
394,000966,2018-04-09,-0.005847953216374324,0.0,0.14838980630922569,6840.0,58709.301569584866,531,8937478,4711184,735638,299363,2486770,1212466,1665466,795005,2151112,1191397,0,722463,730226,0,440572,490490,727694,0
395,000967,2018-04-09,0.0,0.003831417624521105,0.37338893712047255,14148.0,57178.07475453333,439,7164640,6637684,493972,334707,1710233,2516541,1613759,1238252,847981,1276623,1008200,244188,630762,1027373,859733,0,0,0
396,000968,2018-04-09,0.00406504065040636,0.005691056910569037,0.40161646583317984,7440.0,54613.29291595756,939,10465961,9763635,1263501,1007925,2856856,2958456,2752949,1766488,1562882,1806481,890213,450609,394320,352444,0,432432,745240,988800
397,000969,2018-04-09,0.051813471502590636,0.04663212435233155,0.19878465831096698,13574.5,82263.31897784633,1510,25035894,39125034,1153182,2047097,5711877,7108659,4479796,6017158,6147349,8542129,2886415,5444435,1057039,4164573,2312241,1289271,1287995,4511712
398,000970,2018-04-09,0.03415883859948754,0.029888983774551736,0.25405848556181243,29812.5,210143.26857435273,2126,91312043,116255920,1093889,1220346,8171049,11028634,8932799,9110950,18244221,17227474,12682715,11536967,11110362,10766784,7103332,8539225,23973676,46825540
399,000972,2018-04-09,0.05750000000000011,0.030000000000000027,0.16650438931825884,11536.0,80926.63932855432,577,8142296,12872195,569027,545085,2129832,2914831,1487751,1875109,2275934,2177458,483833,1850220,361269,656654,834650,0,0,2852838
400,000973,2018-04-09,0.006036217303823088,0.0,0.17048249907644328,9950.0,57107.749003466786,850,14362531,12043013,839300,1107211,4246471,3579201,3555077,2024497,1983471,2744258,1619684,1697916,668136,390930,1450392,499000,0,0
401,000975,2018-04-09,0.005301524188204176,0.01060304837640813,0.35072601753501886,21518.0,168370.09474718577,1853,59645502,68816020,1165530,993011,6982169,8830749,9848626,9728029,12750551,10406578,5563128,6171494,5758415,5598024,2665996,4019911,14911087,23068224
