,code,date,pchange_whole,pchange,change_std,amount_median,amount_std,length,sumsell,sumbuy,sell_vol_0,buy_vol_0,sell_vol_1,buy_vol_1,sell_vol_2,buy_vol_2,sell_vol_3,buy_vol_3,sell_vol_4,buy_vol_4,sell_vol_5,buy_vol_5,sell_vol_6,buy_vol_6,sell_vol_7,buy_vol_7
0,000001,2017-10-19,-0.0008591065292096189,0.0017182130584192379,0.21040887513995493,56112.0,514840.80708813644,3063,324821772,261161311,1166100,1071861,12227152,12348252,17577217,22044753,31510239,30148568,23914696,20443178,19699283,15377089,19271155,12300332,199455930,147427278
1,000002,2017-10-19,-0.014750378214826054,-0.007942511346444858,0.48615574611631657,42160.0,315426.0653549688,2959,199548403,186560053,1387240,1015803,14437175,11792996,19022359,15351925,28216601,22302633,24529542,18115666,16012577,16555985,12958150,8444127,82984759,92980918
2,000004,2017-10-19,-0.007942811755361379,-0.007942811755361379,1.352117725228889,12490.0,42030.23914075813,346,5500197,3325620,439525,250052,2228842,1039546,1417718,594920,583663,918680,451209,522422,379240,0,0,0,0,0
3,000005,2017-10-19,-0.014256619144602856,-0.010183299389001976,0.14026796488907714,7290.0,46482.35316861571,1227,15743153,10807779,1113797,1668005,5534313,3980565,3108092,1649406,2633240,1047204,943494,2152380,750484,310219,967981,0,691752,0
4,000008,2017-10-19,-0.017372421281216077,-0.019543973941368198,0.2711865586685074,9988.0,110144.6711721895,1154,38456520,14119763,1533654,1023883,5705608,2805996,5358934,2211258,5763498,1830882,3279562,1205692,3949885,1383735,3496752,923566,9368627,2734751
5,000009,2017-10-19,-0.02579132473622492,-0.016412661195779443,0.18438030209909972,20124.0,153449.73034664258,2142,74836171,74248064,1242787,1910559,8800236,10363185,8494968,9990604,11670086,14620173,9300435,8304591,3459142,6556966,7049542,8359649,24818975,14142337
6,000010,2017-10-19,0.09359605911330049,0.09359605911330049,0.17784204050687988,13986.0,876153.4518479588,1176,132207958,96484730,2204526,0,6665642,0,7442550,80990,8100459,673090,6890322,1291849,5187835,2527729,6330531,3614939,89386093,88296133
7,000011,2017-10-19,-0.02432575356953992,-0.015335801163405605,0.4760220734355791,19538.5,76958.85707925836,1578,39623303,33639037,928244,1558653,7322913,8496667,9478475,7673841,11737848,7528738,3070892,4061866,2670312,1403095,892660,1842041,3521959,1074136
8,000012,2017-10-19,-0.020706455542022106,-0.013398294762484886,0.20825134312294663,10595.0,88110.37946655697,1555,32291937,26018094,1006165,2052527,6001948,6415495,5808185,4782904,6836726,4321399,4290378,2929016,1736762,730483,2136615,1711583,4475158,3074687
9,000014,2017-10-19,-0.022424242424242458,-0.016363636363636358,0.6559333714001077,16134.5,61306.17036632767,632,14788264,7377888,406118,827129,3356382,2586725,3581528,1129453,3392943,1601169,2043150,504340,331895,319572,0,409500,1676248,0
10,000016,2017-10-19,-0.024137931034482696,-0.02758620689655178,0.14848974041928256,13668.0,137168.797092435,1528,41863682,28388212,1128208,1197694,6421094,5989320,8023226,5976374,6794999,6696577,5085557,1897936,1088205,325414,2734570,460000,10587823,5844897
11,000017,2017-10-19,-0.01953124999999989,-0.00651041666666663,0.26998040134546275,7650.0,38992.05498609829,809,8376596,7165100,994894,850067,3375377,2461291,1318278,1937984,1426180,757862,491987,672452,769880,0,0,485444,0,0
12,000018,2017-10-19,-0.04968152866242037,-0.042038216560509545,0.1749338895078128,18700.0,126203.52897076942,2017,75287124,45131177,1275053,2152410,8628810,8960134,9333307,8820074,14957497,9024395,7848527,5987696,7408235,4959639,3081698,464118,22753997,4762711
13,000020,2017-10-19,-0.0047120418848167755,-0.003141361256544628,0.8688885807740265,17208.0,59444.628823194194,483,9427600,7986942,352629,405591,2099647,1974781,2512110,2312645,2253859,1199366,1398105,682633,333750,1411926,477500,0,0,0
14,000021,2017-10-19,-0.030042918454935785,-0.02145922746781126,0.2125163920577343,14544.0,89048.42297174693,1925,46304899,32896517,1194941,2031512,8143156,10648440,7099823,6937172,9230605,6372485,3795676,3569410,4176195,0,4543329,901611,8121174,2435887
15,000022,2017-10-19,-0.02711198428290762,-0.023575638506876162,0.6796719239529148,19896.0,119069.19367338147,1403,41712310,31580738,604782,1684960,5102233,8117745,6450781,6597857,6903466,6223034,5974850,2896606,5205344,1079172,2234857,1289023,9235997,3692341
16,000025,2017-10-19,-0.003601170380373553,-0.007877560207067313,0.9696399377361072,26478.0,92122.37229533201,2101,61106532,55034411,1512183,1905358,12213846,9410128,12374121,9103197,14029555,13067215,9012727,6219519,3160379,5734252,3845024,4080578,4958697,5514164
17,000026,2017-10-19,0.009113504556752305,0.01657000828500399,0.3098662229322461,13205.5,81963.08560389403,1518,22151178,36502972,772727,1366014,6315864,6973505,4417089,6922574,4772877,8175783,2739769,5228227,1278572,2682689,0,916157,1854280,4238023
18,000027,2017-10-19,-0.0031055900621118626,0.0,0.21622007151217928,6440.0,135955.90033104047,887,18197245,12358962,792958,898502,3140419,2111798,2453855,1656421,2395176,1579086,657493,1977691,986438,0,1293866,0,6477040,4135464
19,000028,2017-10-19,0.007746377851097552,0.007459474967723478,2.172588987132334,21027.0,125083.4492848073,1029,30995758,24964446,993982,768458,7055765,4707252,3647730,3704969,5426655,4932547,1682913,1987417,2087481,1456936,1321673,851959,8779559,6554908
20,000030,2017-10-19,-0.011627906976744096,-0.008139534883720989,0.224960490129215,4255.0,64672.60680307662,1463,18111867,15402570,813648,1530086,4760030,2885257,3512327,4813816,3222390,3541855,1550926,674303,1292488,963634,1326903,427704,1633155,565915
21,000032,2017-10-19,-0.03404592240696769,-0.025336500395882866,0.42305954429324977,13332.0,73964.39464033324,891,20361555,12942792,649177,817839,4913885,3154321,3726972,2094219,5393746,3657185,1200457,774724,2410742,0,427350,849334,1639226,1595170
22,000036,2017-10-19,-0.0251572327044024,-0.01991614255765195,0.22499719589036782,22632.0,151918.65943317997,1799,66406377,58157770,1298413,1663254,7760905,7772916,10353986,8166777,15221212,11396755,6785584,7959369,5080612,6031135,3611304,3281380,16294361,11886184
23,000037,2017-10-19,-0.029612756264236872,-0.02505694760820032,0.40684683748717376,8740.0,61405.93322015365,465,9071554,4162320,504516,512435,2191863,1217316,1619089,976572,2436078,906985,206400,226512,0,322500,854444,0,1259164,0
24,000039,2017-10-19,-0.011413043478260776,-0.011956521739130421,0.4049903867385111,12726.0,205682.77068206287,2065,60997401,43301868,2478798,2007775,7823896,10260638,7736544,7036005,9345967,6924373,6579820,3997150,4754842,2384274,1395897,1369108,20881637,9322545
25,000040,2017-10-19,-0.023028611304954594,-0.011863224005582707,0.46986141220318695,18720.0,286875.43925840233,931,37777730,35469869,467354,807279,3606358,4444663,4106804,4030386,4720676,4836433,3791443,3438091,2704198,1332249,864600,1251660,17516297,15329108
26,000042,2017-10-19,-0.0072202166064982976,-0.0006016847172082285,0.9136560975807388,3314.0,18378.742856231314,330,1528640,1099400,615235,171145,731212,308724,79583,177800,102610,441731,0,0,0,0,0,0,0,0
27,000043,2017-10-19,0.0010010010010010895,0.005005005005005003,0.5187692379845165,15000.0,62433.57012156551,370,6677727,6414977,252459,435592,1864823,1988494,1769570,1165460,1188775,1082073,1228116,0,373984,308924,0,839834,0,594600
28,000045,2017-10-19,-0.03294746215494215,-0.027604630454140744,0.3195967147664303,14351.0,98112.93011677699,1235,33933525,17253994,672047,993112,5446516,6088463,6007969,4140493,5948064,3143676,2391113,1085463,3131930,309319,1356239,909272,8979647,584196
29,000046,2017-10-19,-0.002457002457002644,-0.004914004914005066,0.3881406723627781,6512.0,97620.81357412763,439,9976758,5099943,331589,363598,2141100,760717,1478506,407809,2380006,837351,778971,437146,360450,640590,0,486599,2506136,1166133
30,000048,2017-10-19,-0.014814814814814836,-0.01440329218107006,1.2958103700862604,4880.0,46761.934802150405,351,5031989,1748725,466292,344500,1302195,858275,400266,426300,1031218,119650,930488,0,0,0,901530,0,0,0
31,000049,2017-10-19,-0.0004031445273129375,0.007055029227978293,1.3847464203872744,19896.0,166536.37464737517,1283,34062513,40033642,1072705,1780076,5761317,6833080,5423890,6511868,5660256,6229648,4448777,3856982,2059095,2493895,0,1816113,9636473,10511980
32,000050,2017-10-19,-0.04059040590405916,-0.031160311603116053,0.4377391449674177,84000.0,521776.0265767459,3106,421969372,257204408,693802,958027,9370041,11781444,16268256,20228717,34429760,35177229,39265904,30141262,31796287,24965306,25411171,22285882,264734151,111666541
33,000055,2017-10-19,-0.037135278514588865,-0.02785145888594165,0.19588505097446526,11212.5,95131.88656017273,1484,35935458,26623460,700864,2082691,5074546,6838403,4909959,4316279,6874547,5278487,5863251,2624019,3747752,2221177,2079311,0,6685228,3262404
34,000056,2017-10-19,-0.014548238897396759,-0.004594180704441064,0.5049920956557855,11772.0,71710.96903758473,669,11587789,9991233,748530,435029,3109707,2349627,2134087,1793270,2000221,1248027,1717952,1506257,730158,369012,497134,414636,650000,1875375
35,000058,2017-10-19,0.005050505050504972,0.0037878787878788955,0.23090564933478225,11835.0,62884.6700953128,1177,18871647,18367069,1088978,1428592,5021598,5565482,3841933,3639694,4128732,3705097,1589496,1594348,911945,1067112,885135,0,1403830,1366744
36,000059,2017-10-19,-0.01945525291828787,-0.01459143968871579,0.23998389611261617,22319.0,117007.24768424402,1836,67123023,50865440,565311,1266062,6923528,9482825,9276054,9021611,12777545,11169825,8404301,6823874,5407994,4344112,5273851,3496278,18494439,5260853
37,000060,2017-10-19,-0.01826086956521744,-0.013043478260869601,0.23481180007278984,22930.0,183316.95893414618,2402,93063397,74922081,1043257,1633345,12713635,11231831,9980916,8798081,15933620,14404787,9031406,5672952,4996563,5038285,5795571,4852656,33568429,23290144
38,000061,2017-10-19,-0.010112359550561778,-0.003370786516854074,0.3286131188729454,8830.0,84458.80078110931,733,12926298,11630359,858465,763813,3184071,2310133,3063483,1265933,3011982,2153596,976517,648853,302750,727140,917930,444000,611100,3316891
39,000062,2017-10-19,-0.02111024237685688,-0.015637216575449475,0.7902888554751585,15138.0,157057.58794544518,1047,21535883,24545795,575962,951446,4404411,4693744,4383887,3675410,3898938,3751895,4609632,1678565,1332427,3190524,0,1329934,2330626,5274277
40,000063,2017-10-19,-0.043800539083557966,-0.02695417789757415,0.4960080950554152,373971.0,2189522.438395892,3585,1596308152,1587508819,123458,138050,3280343,4101629,9164558,14417191,32429850,38756666,37842419,47181363,42364532,54095484,50904363,55589952,1420198629,1373228484
41,000065,2017-10-19,-0.0016326530612245094,-0.005714285714285783,0.5485120611829127,29862.0,108244.37483439752,1996,72132092,56856231,1180696,1171167,10974711,10095827,12491461,11194663,17433091,8455862,13496188,9571165,4834607,6154447,3123177,3184004,8598161,7029096
42,000066,2017-10-19,-0.034360189573459654,-0.026066350710900354,0.17285048687608326,23779.0,190748.879085028,2387,115835726,64184606,1732068,1928571,10473510,12060666,13109693,11264168,16415622,11287561,15128246,6806257,8358536,2757436,11062493,4407873,39555558,13672074
43,000068,2017-10-19,-0.009022556390977488,0.0,0.2065257807671527,5368.0,63806.15783930812,1037,12597230,9883222,729461,1131774,3252057,3087353,2283746,2032976,3187831,2139832,1277890,711242,0,0,407645,0,1458600,780045
44,000069,2017-10-19,0.0071428571428571175,0.013095238095238049,0.17632150052540108,15209.0,219907.62392526286,2272,77190011,93668845,1706720,1614269,8026497,8586801,9408905,11541586,7176715,10044041,5681663,8548844,4885936,4258543,7526216,10117741,32777359,38957020
45,000070,2017-10-19,-0.006076388888888951,-0.01475694444444442,0.2823729660740329,15988.0,91768.2159509498,1665,39463806,28533647,1033612,1407582,7829978,8755262,6854484,6924166,10120992,5871198,3892097,2163219,1405195,1422740,416955,450648,7910493,1538832
46,000078,2017-10-19,0.0,0.0075642965204236745,0.1366716078670065,21280.0,197121.8597292424,2344,68630494,103602561,1565337,1555540,8665729,11666336,9756597,12548172,13782487,15793941,9043110,10278095,4964380,10189644,5741258,6959360,15111596,34611473
47,000088,2017-10-19,-0.030439684329199523,-0.025930101465614253,0.21431316460057806,15989.5,145765.06207871606,1714,50521882,41114159,842692,2402845,5331061,9759893,5290650,8273624,6856503,7694387,6974870,3724485,4659479,3017119,2142054,871454,18424573,5370352
48,000089,2017-10-19,-0.005854800936768045,-0.005854800936768045,0.21416171204192516,6800.0,71150.6534689014,1591,16532337,17865913,1729550,2155202,3629187,5161166,3137430,3511214,2435563,1706504,2965698,761039,1118933,1611759,466400,850198,1049576,2108831
49,000090,2017-10-19,-0.02443438914027163,-0.013574660633484226,0.3161223920055232,10880.0,92206.3810149152,1222,27768392,15086352,1597981,873606,4626784,3957719,4811264,2418435,5103477,2817305,4108655,2139585,2172651,719469,429240,489071,4918340,1671162
50,000096,2017-10-19,-0.024182076813655695,-0.020625889046941737,0.7050274404548027,8352.0,38000.35452628626,397,4549398,3117295,318645,427733,1600179,1922033,804794,300583,1039932,237321,0,229625,317800,0,468048,0,0,0
51,000100,2017-10-19,-0.00952380952380949,-0.0023809523809523725,0.07121329041133441,89886.0,760946.1872722524,3506,584361856,567380815,962637,733971,13981300,10488441,25568830,17521005,45624231,32846762,35878269,33103478,29392553,25360305,28340361,25962648,404613675,421364205
52,000150,2017-10-19,0.02457813646368301,0.022743947175348334,0.8330990814307747,16728.0,96333.31162101254,1075,19373000,33122229,830693,719079,5817610,4142231,4233060,3651272,2900535,5908040,1209074,8411919,1622429,2076549,1321996,1294816,1437603,6918323
53,000151,2017-10-19,-0.030498533724340193,-0.02052785923753675,0.5000829461269521,16685.0,123948.37718562495,1162,35399795,19972105,622880,1246343,4909557,6018510,5982702,4359330,6365553,3489396,3688500,1652669,2337720,308200,3235080,1445239,8257803,1452418
54,000153,2017-10-19,-0.013944223107569598,-0.0019920318725099584,0.3408480466654576,9970.0,45611.929064328935,867,12589400,7607549,598653,1916766,3008339,3082399,3146522,1601023,2626251,699440,1460658,0,683683,307921,497004,0,568290,0
55,000156,2017-10-19,-0.022758620689655173,-0.018620689655172384,0.43788178722605936,8517.0,119123.88864824518,1096,27391280,19753557,475306,1406951,2891123,4164079,2531854,2224125,6502496,3526452,3796440,2211470,2034081,710190,1776260,1286160,7383720,4224130
56,000157,2017-10-19,-0.01948051948051943,-0.008658008658008698,0.09815642733279899,6870.0,128642.7215541893,2225,41700820,42337781,2025674,2279136,6687756,7381251,5800443,7269161,6343393,5431678,4501131,3674114,2004404,2024917,3159634,5011323,11178385,9266201
57,000158,2017-10-19,-0.02034883720930236,-0.010658914728682078,0.2733893133675653,16624.0,99250.21184355459,1425,34859892,25008612,812907,1183627,6116929,7372959,7839447,4781908,7375097,4481067,4689380,1160824,1660740,1714438,839151,888578,5526241,3425211
58,000159,2017-10-19,-0.007812500000000111,0.0,0.2286611830325397,12198.0,54925.55279226281,783,13346913,10626436,639169,763326,3444494,2869758,2939033,2480892,3145635,2301892,1412979,1575896,738463,634672,484480,0,542660,0
59,000166,2017-10-19,-0.017123287671232834,-0.017123287671232834,0.12726988345236853,16646.0,203556.8530588891,2110,80533128,53496065,1304185,1994569,8934385,8769085,10321208,8198264,9880646,7683203,9255568,6433741,4346799,2596101,3523902,1768570,32966435,16052532
60,000301,2017-10-19,-0.01379310344827589,0.0017241379310344307,0.12383949575838266,18784.0,159880.24444895692,2199,74247191,67008479,1362565,1864506,8546021,10459453,9625218,10713132,14025752,13385139,7455021,9309195,5626917,7004724,3074637,2755477,24531060,11516853
61,000333,2017-10-19,-0.00041109969167518745,0.002466598150051569,0.8328726084362413,102249.0,427793.4393920687,3415,351654927,432071254,552203,1218528,7377361,13878530,18368189,26921434,42329278,47548631,35419538,45170088,25746500,31736636,24482444,24227152,197379414,241370255
62,000338,2017-10-19,-0.03312101910828025,-0.020382165605095426,0.1421446027223497,32298.0,286897.8231730322,3056,204162382,125883260,1814204,1768325,14291992,13792742,19218262,15566600,25206488,19780792,14646886,15664863,14993384,8227261,11489587,11947710,102501579,39134967
63,000400,2017-10-19,-0.013681592039800905,-0.009328358208955168,0.40247456638777673,12728.0,95125.6885849818,1596,41749865,20530861,2042859,1239346,7306213,5925316,5900488,3926645,5961479,4288536,4384993,1339968,3257993,2642866,2126013,440984,10769827,727200
64,000401,2017-10-19,-0.027249683143219294,-0.025348542458808576,0.2907249321740262,52598.0,275983.5296051569,2949,214086367,207567773,713023,1619225,9182096,15932165,13961770,20312617,31469990,35902449,18539790,24991789,21810871,18768175,16616208,12656935,101792619,77384418
65,000402,2017-10-19,-0.0017152658662091813,0.006003430531732468,0.2995925501547472,11750.0,114483.1404214545,1515,35931887,31754436,1297661,1230838,7188570,6415842,4240364,4012817,6748116,6569049,4589379,2830412,1380749,351600,3100282,933260,7386766,9410618
66,000403,2017-10-19,-0.017108352901710755,-0.012747400201274739,1.4564913523521725,28074.5,125075.7406511766,418,19273899,4502108,239849,263411,2459327,1036777,5187837,1401429,2621185,565484,1270021,421557,1017440,0,1415487,0,5062753,813450
67,000404,2017-10-19,-0.02269503546099294,-0.017021276595744705,0.19010744778378103,17362.5,187354.54289147607,1376,55615747,34559003,1118208,1142249,5954832,5033802,6199637,6713194,6734708,7087050,5907551,4171003,5282348,2395493,3611782,1308537,20806681,6707675
68,000407,2017-10-19,-0.02774566473988438,-0.020809248554913284,0.22808847829901585,17000.0,89451.87895871398,1439,42791335,22306075,1295289,1124771,8183276,5720584,8449133,6643697,7281104,4396839,4598774,2642879,1694687,313020,2230474,938087,9058598,526198
69,000408,2017-10-19,0.011666666666666714,0.002777777777777768,0.404548493092787,27060.0,197578.05731905348,1981,82827015,94119479,1065362,1048452,12301119,8185709,10726837,9780510,14413322,15647629,11868115,9134772,6646301,13005406,3934468,4746855,21871491,32570146
70,000409,2017-10-19,-0.023545706371191133,-0.013850415512465353,0.25146820735062037,9295.0,63385.20781963499,824,14652735,7760952,606954,1111960,3546487,3158362,3204895,1334485,2063223,981162,1397375,209495,1717353,0,0,442389,2116448,523099
71,000411,2017-10-19,0.005080831408776021,0.002309468822170979,0.9176546837357563,2176.0,25062.77476535045,557,3273065,1241805,924153,178973,454728,486374,411038,209528,805866,366930,677280,0,0,0,0,0,0,0
72,000413,2017-10-19,-0.031394275161588214,-0.01939058171745156,0.18804977935807501,76858.5,431819.0789747484,3320,371447718,285242569,671688,878904,11549263,13199385,21074904,21017846,44658897,43644613,33784817,30692287,29997445,27223207,21021795,17930243,208688909,130656084
73,000415,2017-10-19,-0.021406727828746086,-0.013761467889908285,0.13566944710025164,5913.0,87556.81480035961,2329,38921365,30944879,1265239,2482101,9740148,7588321,3677416,6073261,6341525,5620892,2538360,2718253,3371969,2345875,1388993,452200,10597715,3663976
74,000416,2017-10-19,-0.02099737532808399,-0.01049868766404205,0.3146116941866957,5671.5,38941.53167452795,586,7622796,2898980,536968,576810,2123024,1370300,2051140,582766,1546521,150444,519190,218660,322385,0,0,0,523568,0
75,000417,2017-10-19,-0.03825136612021851,-0.02076502732240426,0.3061722264380979,17840.0,105047.8217582159,893,28105928,16064582,688565,865754,4211290,3971365,5409606,2687548,3956304,3182882,4349706,1284800,2074645,990687,1859545,1399602,5556267,1681944
76,000418,2017-10-19,0.01518883415435135,0.02545155993431858,1.635734622357599,19552.0,101399.0151744278,887,15291646,24749596,760823,1340317,3990897,4174147,2790145,4453720,3687074,3777716,1208539,3224091,990164,633400,1864004,459420,0,6686785
77,000419,2017-10-19,-0.011477761836441891,-0.0057388809182209455,0.28393744461791914,9061.0,43478.68401946428,602,9481468,5701490,555449,555404,2439279,2678039,2457122,1994729,1565606,473318,1324631,0,652483,0,486898,0,0,0
78,000420,2017-10-19,-0.032258064516129115,-0.02346041055718473,0.10843585851669248,5040.0,55397.31114986492,991,14017084,4972375,1164381,739608,3814871,2589151,2702945,741339,2323033,902277,1203289,0,700432,0,827093,0,1281040,0
79,000422,2017-10-19,-0.0206378986866792,-0.016885553470919246,0.12739103315102598,15780.0,156916.26012925903,1754,62544987,43369514,985480,1468994,7466963,7845208,7105248,4925429,11147917,4989427,9017247,6389891,6165543,4047470,4365707,2645306,16290882,11057789
80,000423,2017-10-19,0.004129793510324609,0.008554572271386451,1.2057695274284035,121679.0,490097.14923339913,3162,400723102,459309539,444514,565880,10164935,9297617,17937844,16848458,37144072,36988174,39225731,34704593,34039129,35769352,36489656,30148807,225277221,294986658
81,000425,2017-10-19,-0.005405405405405461,-0.008108108108108136,0.07173463315225653,5166.0,108636.3357880334,2684,46140772,32432766,2479344,2274326,9075757,7302817,7340560,4895494,6672583,3437720,2677981,2127109,4659904,2866311,813650,1300910,12420993,8228079
82,000426,2017-10-19,-0.02019230769230773,-0.017307692307692246,0.27071879640604635,8248.0,104904.5072169296,1480,27077217,19232019,1722970,1288369,5876656,5323035,3987155,2285382,2992742,1992027,2752144,702374,2735577,755593,4042737,0,2967236,6885239
83,000428,2017-10-19,-0.027027027027026973,-0.02079002079002068,0.1896423705817513,8930.0,101962.27055838925,643,14684398,6587651,485749,815513,2200025,2688613,2365590,1148144,2769031,941209,1240014,258184,1360180,0,440860,0,3822949,735988
84,000429,2017-10-19,-0.009422850412249661,-0.004711425206124997,0.29656090937178586,9262.0,54863.54552913627,819,15595341,7343225,973926,717381,4126823,2713086,3142402,1291095,3966107,1441029,2207683,523096,338400,657538,0,0,840000,0
85,000430,2017-10-19,-0.0060301507537686705,-0.005025125628140614,0.46963946011468327,9870.0,42419.56460989053,448,5740554,4066509,565708,646043,2570233,1588736,1330375,777123,746568,146765,0,527370,0,380472,0,0,527670,0
86,000488,2017-10-19,-0.0050561797752809445,0.0,0.3413687386107463,41043.5,242804.0236536334,2720,172348701,154462195,1288588,1687931,11563282,12422070,15930434,15974478,23979773,22701786,21520113,17146799,15627041,11856322,13641150,7520161,68798320,65152648
87,000498,2017-10-19,-0.03117206982543641,-0.027431421446383997,0.21732375267614149,7860.0,60414.10587544277,1363,21551554,11963712,929227,2048543,5980197,4568362,2542611,2547245,5092828,1343862,1517586,229824,3130114,371899,492195,853977,1866796,0
88,000502,2017-10-19,-0.023668639053254337,-0.01690617075232459,0.46817276134569474,8193.5,50164.65174442098,638,9441690,4189588,649564,430334,3179959,2155246,1500597,758261,1718363,520712,770750,0,310880,325035,0,0,1311577,0
89,000505,2017-10-19,-0.02767857142857133,-0.017857142857142794,0.35868044906169944,19665.0,170108.10963742525,976,35132128,27451280,605265,790991,3432646,4916403,3870109,4881191,4386899,3580304,3150041,3332163,648878,3042548,1386032,2722038,17652258,4185642
90,000507,2017-10-19,-0.024271844660194164,-0.01650485436893201,0.20017211685665645,32544.0,241210.2861030763,2651,137826445,111696887,897156,1439170,10458392,15093577,12472541,15526727,21716587,26733517,13630791,14664909,10124922,6509505,7639855,3478657,60886201,28250825
91,000510,2017-10-19,-0.026232948583420734,-0.012591815320041944,0.32479110892188084,10318.0,85827.76107574742,861,17754850,9423301,1049146,841599,5187549,2971432,3742630,1107680,3720295,831022,1402326,0,730184,390312,0,486400,1922720,2794856
92,000513,2017-10-19,0.004435682602267121,0.005749958928864762,1.1844931783899655,36489.0,193350.1803752142,2644,117066623,122425378,1616370,754948,13570140,14699353,16681526,17402672,16422293,18423915,10213550,14659210,11021346,10969896,6806614,6537174,40734784,38978210
93,000514,2017-10-19,-0.024901703800786268,-0.023591087811271283,0.19309412766578893,12016.0,61459.554379607915,1563,31632687,16711035,1267021,1831641,8213266,5744854,7300379,3866309,5043219,3336211,2710501,1198225,3018082,322749,1751684,411046,2328535,0
94,000516,2017-10-19,0.04770992366412208,0.04961832061068705,0.09688389302195728,37119.0,282477.4103539842,2938,126027114,219882451,1316012,1323253,11960622,13056933,16250672,17620347,26108884,28449297,18910674,21394014,9920113,14333462,6355723,11767850,35204414,111937295
95,000517,2017-10-19,-0.014184397163120699,-0.011820330969267268,0.13194596480460485,4598.0,55502.25987721796,1029,13489739,6076841,865667,905122,4407539,2710642,2589647,1186041,1635209,1046854,1088463,228182,689098,0,893860,0,1320256,0
96,000518,2017-10-19,-0.0013458950201884479,-0.0013458950201884479,0.3402660084408185,7450.0,67051.75636317601,476,8860968,3614795,533777,516715,2497466,1095627,1779771,504468,897622,982433,0,201263,703950,314289,980430,0,1467952,0
97,000519,2017-10-19,-0.031789282470481295,-0.02361489554950047,0.24336174306436822,21560.0,128689.19371930583,2048,69266801,48830319,1055431,1488405,9934977,10655104,10135362,8634395,15023901,10009332,9213256,4421358,3333674,2475460,2165006,2221335,18405194,8924930
98,000520,2017-10-19,0.0,0.005607476635514086,0.15419602696292575,10840.0,86270.56949947489,1205,24187657,25633097,902789,1098893,4885034,4710517,2908115,4488625,5075754,5423181,3789425,3280166,2612717,1723388,2140245,1222267,1873578,3686060
99,000521,2017-10-19,-0.035593220338983045,-0.03050847457627126,0.11878661827047404,1752.0,68937.1002775693,2472,38410658,15293003,2742177,1077558,6645262,3467795,5794509,2877677,6478152,3151871,3986075,2317174,4223352,1425722,2281862,408216,6259269,566990
100,000523,2017-10-19,-0.0031982942430704986,-0.00533049040511735,0.33780514592501903,9310.0,48579.46125887708,771,10489216,7701636,406011,1266620,2482054,3064311,2405091,1782002,2854992,936743,509159,281700,329794,370260,417536,0,1084579,0
101,000524,2017-10-19,-0.011102299762093426,-0.003965107057890438,0.45249125593640516,3798.0,26310.040823835574,776,5328362,4618798,369876,1269521,2065388,2204458,1210297,794050,704411,146367,978390,204402,0,0,0,0,0,0
102,000525,2017-10-19,-0.03564638783269958,-0.03041825095057038,0.5685922929318482,20500.0,145295.07273015045,1371,54295575,37411819,1100358,1059342,5536431,7437255,5856879,4925200,6022335,6783369,6891207,4834437,6310276,2344996,3183435,4280848,19394654,5746372
103,000528,2017-10-19,-0.02341137123745829,-0.021181716833890918,0.1826869606884393,12334.0,156062.2696013481,2415,72854278,43660996,2036221,2333275,9467462,10368121,9605098,8545060,11603464,5478038,5578736,4022205,3455061,2755301,3102012,2993676,28006224,7165320
104,000529,2017-10-19,-0.001223990208078285,-0.003671970624234966,0.3504166816005484,4059.0,29576.699337462094,543,4345735,3257920,452546,529250,1682971,1378143,1075901,741366,891018,235535,243299,0,0,373626,0,0,0,0
105,000531,2017-10-19,-0.022274325908557935,-0.015240328253223745,0.31326192368563016,6720.0,51550.44014429397,741,10221932,6843291,504366,1054195,3083908,2401181,1985397,1038192,1629455,406818,1238628,976298,1372910,0,407268,419500,0,547107
106,000532,2017-10-19,-0.02965779467680607,-0.028136882129277674,0.41274413324393566,12770.0,67201.47470337097,1015,20315722,13388433,821729,776621,3945593,4749395,3955013,2873441,3710960,3445256,2558573,1181820,2722874,361900,0,0,2600980,0
107,000533,2017-10-19,0.004916420845624492,-0.003933136676499416,0.5231411620342908,10150.0,79078.8845325473,377,8207995,4383180,370548,216828,1935336,1301961,1397564,1527633,2132155,651278,434319,0,323273,685480,404000,0,1210800,0
108,000534,2017-10-19,-0.011243386243386277,-0.011243386243386277,0.6881293450908376,14910.0,50594.24239115067,482,6094189,6139412,397123,301302,2025467,2996738,1096785,912831,1331832,1063581,497982,864960,0,0,0,0,745000,0
109,000536,2017-10-19,-0.02443280977312401,-0.020942408376963373,0.18702304160203392,11220.0,102309.90952971629,939,24869005,11937952,628786,1044900,3788678,3619292,2709306,2219626,4851803,2460992,2197217,644221,1310623,1053431,0,0,9382592,895490
110,000537,2017-10-19,0.0038699690402477227,0.010061919504644079,0.32547730087000054,27069.0,178539.43448354062,1578,71618347,56206464,783284,851288,7830412,7289370,11086778,7567679,11943412,8371910,6020230,5704418,3813557,4946032,3222639,4879465,26918035,16596302
111,000538,2017-10-19,0.01938262742282837,0.020408163265306145,1.8722494003353358,69311.0,572793.7902840958,2714,263455555,322253021,1612856,1445778,11081516,12472484,14506435,14563346,29490778,30351323,26362973,22660333,20826640,21021295,10520130,16745939,149054227,202992523
112,000539,2017-10-19,-0.003809523809523707,-0.003809523809523707,0.17687299110785035,1572.0,52654.14787389762,881,7564030,5486978,1133884,350112,1964223,1254345,812802,632758,1871669,960986,1022700,267764,324880,0,433872,499217,0,1521796
113,000541,2017-10-19,-0.009761388286333994,-0.007592190889370909,0.2589137597913725,9200.0,67473.93263866832,1268,23658590,17498118,1606657,1028883,5510612,5002015,4471240,2900213,5322493,2979932,2425369,1742254,1013158,677792,1834175,2585539,1474886,581490
114,000543,2017-10-19,-0.008928571428571397,-0.0071428571428571175,0.19093422084608813,6138.0,186594.99074305609,860,25883850,15379984,900085,442866,3398894,1896184,2907570,656409,3432110,2777483,2531293,1315593,1492515,343896,413840,870188,10807543,7077365
115,000544,2017-10-19,-0.027104959630911085,-0.020184544405997817,0.5087172148011422,16890.0,72994.28953210839,1163,27499597,13201975,993867,939911,6503452,5099452,5924365,3054402,5558629,2233561,2438949,1167635,1418100,707014,462824,0,4199411,0
116,000545,2017-10-19,-0.027444253859348233,-0.020583190394511175,0.14991579522768175,11310.0,74609.12687076647,1514,30530690,23654067,965143,1620673,4768992,6629518,5650515,5417679,6392802,3851827,3877470,2102156,2428281,2222161,1350186,0,5097301,1810053
117,000546,2017-10-19,0.043003851091142575,0.03080872913992283,0.43634477172271735,15485.0,168944.21556172377,1276,21512883,48668778,865267,1618654,4791994,6705049,3791991,4513563,4768323,8094110,1579635,4343456,939400,1295930,976856,3772627,3799417,18325389
118,000547,2017-10-19,-0.038181818181818206,-0.029090909090909167,0.23803102708788657,21980.0,128493.7934582668,2138,81338368,56944483,1055398,1511394,10329626,10587305,10715457,8183442,12975438,11151956,12167048,8571804,8431063,3087931,5002740,4475518,20661598,9375133
119,000548,2017-10-19,-0.028277634961439646,-0.02313624678663251,0.25569121198351563,8804.0,81445.23804533157,926,16308412,9377793,885015,948195,4493636,2918830,2249614,1619325,2522974,1241668,745458,1192063,1030702,0,856935,0,3524078,1457712
120,000550,2017-10-19,0.0038610038610038533,0.00916988416988418,0.6915470403762979,20900.0,65916.38998324709,897,17495405,17705546,443821,602406,5059057,6221876,2943041,3898287,4022597,2495894,3202258,1939506,363475,760330,910434,435346,550722,1351901
121,000551,2017-10-19,-0.025695931477516032,-0.009635974304068484,0.32751000111030243,9360.0,80512.94145101284,813,16956406,12540667,1303031,556569,2992296,2617220,3251533,2734332,3928138,2726450,2208283,478092,305250,627690,1344820,946315,1623055,1853999
122,000552,2017-10-19,-0.02088772845953002,-0.015665796344647487,0.08895791691988171,1895.0,79458.08144463427,1863,24435783,10256136,1262646,1441096,4859614,3530689,3411864,1112315,3688556,1355120,2094989,774660,1806460,1027326,440420,430920,6871234,584010
123,000553,2017-10-19,-0.03024054982817881,-0.020618556701030966,0.33560780684748087,17244.0,82157.31117012324,1880,57090932,26856390,2034642,1136314,11035951,7251594,9281092,6398032,14949621,6253166,5972712,2180505,5226316,1335763,1801099,0,6789499,2301016
124,000554,2017-10-19,-0.077962577962578,-0.06548856548856541,0.20564754557773454,27089.0,236792.32030157917,2194,118593017,88644104,997082,2247791,8804633,10456643,9283632,10114936,17224388,17298055,12058203,10321242,10943234,6550330,7577675,4115206,51704170,27539901
125,000557,2017-10-19,-0.038938053097345215,-0.0212389380530974,0.1736083482427204,11020.0,53673.83781721905,1060,18787290,11998606,752814,1057870,4380474,4186015,3761920,2568883,4018188,2765059,2640772,275000,2803667,674013,429455,471766,0,0
126,000558,2017-10-19,-0.011922503725782407,-0.0044709388971684305,0.1816391398000013,13954.5,139122.23097299808,1366,43831810,25150325,741802,1386961,4956123,7351819,4176974,5023445,7267537,5354484,5504718,1117987,3081527,2742656,1870762,0,16232367,2172973
127,000559,2017-10-19,-0.03442340791738374,-0.019793459552495563,0.24760232983804117,25561.0,204230.8828999036,2204,102723499,59718854,1151827,1165727,11281263,9863944,12675410,9786832,17599618,13063280,14489344,10487274,7746055,5514850,5841071,1687212,31938911,8149735
128,000560,2017-10-19,-0.03772003352891862,-0.04442581726739303,0.21027430046695897,58000.0,391138.5114421838,3232,265919006,209429067,1080233,1004246,14006299,12333467,20294390,17704232,39519782,33242534,28110197,24561950,25305995,24271403,19888871,13880472,117713239,82430763
129,000561,2017-10-19,-0.04023552502453387,-0.029440628066731978,0.2502769310440029,15776.0,116558.95144342337,1659,41246136,29897012,1150654,2014515,7280451,8616224,8109307,5031994,7342786,6307801,4926126,3124118,2624654,995234,1777198,1707429,8034960,2099697
130,000563,2017-10-19,-0.02298850574712641,-0.013409961685823646,0.1402082425382051,10460.0,178850.56488967678,1388,37012199,30873467,945615,1210217,5532219,4474378,6710310,3229284,7517254,4283773,4665181,3078469,1832300,677576,2186806,1840967,7622514,12078803
131,000564,2017-10-19,-0.02782608695652178,-0.026086956521739202,0.1413084761486624,11949.0,118256.15936505645,1658,45981512,27795291,1151743,1537251,6841317,7890458,5797557,4532274,8464656,5624571,6488276,2800689,4412391,300612,1722553,1368072,11103019,3741364
132,000565,2017-10-19,-0.020971302428256178,-0.01655629139072856,0.32201823997128776,9812.0,60345.13627333061,791,14292523,9125008,695263,1152390,3836646,2554644,3526144,1590148,4088455,866005,1256905,477062,363120,656928,0,937831,525990,890000
133,000566,2017-10-19,-0.0038491147036182616,-0.006928406466512715,0.5060883082840585,10344.0,101068.75986793691,658,19540835,8187644,616090,524735,3302203,1576267,2481543,1321686,3557655,1487126,3454189,979138,1808700,330240,477670,0,3842785,1968452
134,000567,2017-10-19,0.0071428571428571175,0.015000000000000124,0.9733944034728538,17046.0,106165.92042804406,827,18230230,17999143,820357,447922,4327561,3571321,3786281,4476547,3081544,3893210,469820,2093102,0,373824,0,0,5744667,3143217
135,000568,2017-10-19,0.024482758620689715,0.028965517241379413,1.0622541954816054,69744.0,452177.81683009194,2983,224086218,295835634,477386,637008,9787179,14826056,21703554,20756474,31098288,34666485,21264220,29452368,23443057,27472389,14766240,13252982,101546294,154771872
136,000570,2017-10-19,0.008645533141210304,-0.012968299711815678,0.29956796634433264,10402.5,47131.680787070276,536,9537445,4900196,480495,537108,2603725,1991728,1639139,992669,2814722,626643,659972,408048,1339392,344000,0,0,0,0
137,000571,2017-10-19,-0.008955223880597107,-0.0029850746268657025,0.17877141740882715,5734.5,114990.73623764027,1406,28323074,20589441,933098,1750688,3703212,3488549,2982985,3410500,3544898,2997021,1888228,3428677,3285324,3040879,0,471645,11985329,2001482
138,000572,2017-10-19,-0.001808318264014619,0.001808318264014508,0.11846067138143024,20976.0,172112.08987387762,2185,82666222,83535030,1351305,1610459,9016766,10080890,9410496,8623647,13486296,11380837,5627559,12068630,6997094,8013841,4858162,7407295,31918544,24349431
139,000573,2017-10-19,-0.023809523809523725,-0.022108843537414935,0.1907864536966066,6923.0,44733.104850374024,950,14650944,6947213,989425,921432,4247963,2319377,2776234,2044191,2965624,1150988,1751843,511225,1092362,0,827493,0,0,0
140,000576,2017-10-19,-0.0024169184290029344,-0.005438066465256797,0.9002885272174871,18139.0,78947.8322237507,337,7023378,8145420,342820,298764,1663315,1783151,1247389,2253292,1759470,1168882,1016509,527360,993875,330000,0,988800,0,795171
141,000581,2017-10-19,0.04372242278379468,0.035298836742879924,0.4722035264649789,48345.5,422956.3485293922,2788,150090382,292992653,845192,856579,12687400,12012692,15986192,17051682,26694583,22690294,15285021,23609405,16790795,17700993,12735050,13391454,49066149,185679554
142,000582,2017-10-19,-0.037313432835821,-0.021558872305140975,0.3842136667528944,12000.0,77453.65170166237,985,20968379,14775137,836239,882643,4800170,4813282,3301346,2824169,3980183,2190489,2041306,997153,1723041,1049843,880633,899806,3405461,1117752
143,000584,2017-10-19,0.008643617021276695,0.0066489361702128935,0.4300670011509219,31836.0,109037.6231544559,1223,34324117,45652192,544550,547204,8504299,4367226,7871160,7044571,8899180,13806317,2227877,5507176,1990583,4907805,3242226,3126033,1044242,6345860
144,000586,2017-10-19,-0.037617554858934144,-0.03814002089864166,0.8897897849952188,17127.0,117408.78650144905,463,10297133,11014219,240789,569678,1552354,2619454,1977867,1720891,3694146,1451463,1003279,274800,1368744,313785,459954,0,0,4064148
145,000587,2017-10-19,-0.0013037809647978849,0.0,0.2793921831280761,13073.0,86330.26460026114,753,19473462,9225830,815637,712759,4751897,1868133,3561912,1998663,2965071,1495929,1712404,1811255,1764864,1339091,914353,0,2987324,0
146,000589,2017-10-19,-0.011257035647279645,-0.013133208255159512,0.2064902511243448,9486.0,74213.97156764554,666,11952328,7651268,349619,743103,2392977,2497210,1813929,1979626,2666663,1339670,1772493,447294,302139,0,869721,0,1784787,644365
147,000590,2017-10-19,-0.0032701111837801777,-0.005886200130804431,0.8658715032605013,13635.0,134592.68510937455,311,6938773,3151842,177296,376885,1552608,1103162,1014631,769879,1559806,233801,0,296205,355914,371910,0,0,2278518,0
148,000591,2017-10-19,-0.014802631578947345,-0.009868421052631637,0.12178288642452133,5980.0,107332.73597092115,2501,42518973,33960093,1587422,2104214,7558400,6692482,7890241,4796418,7620141,7722841,4286200,4594526,4572037,2352269,1750422,1404277,7254110,4293066
149,000593,2017-10-19,-0.007475083056478371,-0.004152823920265725,0.531225487244473,14304.0,63619.31415996506,513,12851360,4125775,526925,286872,3120521,1185064,3553899,902894,2308092,896086,1322848,479943,660480,374916,478800,0,879795,0
150,000595,2017-10-19,0.05992509363295895,0.05992509363295895,0.13404226270520683,13018.0,192237.4761244673,1590,62872413,16576672,1745078,781638,9707474,4129358,7922594,3979992,8466471,1653727,5716769,1810428,2104600,1058978,1272982,0,25936445,3162551
151,000596,2017-10-19,0.0262773722627736,0.027445255474452424,1.4419871210137283,42450.0,182153.75814216488,2261,109261751,111994751,802705,1608451,9314815,11280459,14881317,14982294,17872913,20481576,13247174,13853453,8603490,9754483,5704275,10854533,38835062,29179502
152,000597,2017-10-19,0.0016750418760469454,0.005862646566164198,0.31565744872677903,20264.0,104852.48411203454,1431,37794497,31880672,848051,1021420,8325588,7389582,5728767,6121222,7641816,6016089,5801095,4032635,2752853,1803635,1752993,842339,4943334,4653750
153,000598,2017-10-19,-0.01718213058419249,-0.012027491408934776,0.13686689699898716,17250.0,151478.96616374442,1811,68557384,41119064,1075450,1726114,8386563,7114231,6738764,7856712,12109036,8364982,9025846,4973710,5011444,1689594,2820481,2609594,23389800,6784127
154,000599,2017-10-19,-0.01846153846153853,-0.01692307692307693,0.2143940749084608,10914.0,75652.43272951065,919,19028231,9726632,652813,1048591,4506452,3541934,3615668,1750453,2431373,1630614,2022123,451912,1726415,347520,1330394,449712,2742993,505896
155,000600,2017-10-19,-0.03383458646616555,-0.02819548872180455,0.22549786603947375,20560.0,147639.45944272605,2228,77846244,68371027,1222904,1369257,8622838,9985036,9950211,10171923,15996460,15432397,7660422,6000913,7590614,5316827,6646006,2599114,20156789,17495560
156,000601,2017-10-19,-0.005369127516778538,-0.004026845637583931,0.2818647550977896,7430.0,170835.02445332072,698,21710820,16444666,782158,399571,2005523,2161823,3139131,635947,2228181,1994710,4013063,1340308,1788831,1063976,404586,477545,7349347,8370786
157,000605,2017-10-19,-0.030923344947735187,-0.020905923344947785,0.5657404673121849,22570.0,107302.00768253647,1647,52065602,38292606,884649,1249373,7895946,9795204,8443540,7541226,8676471,7395496,10402105,3668797,4106066,2380161,3576658,1311275,8080167,4951074
158,000607,2017-10-19,-0.024390243902439046,-0.016688061617458283,0.22875716982584413,13959.0,70130.28951345483,1160,23869217,18843795,687319,1580016,4414932,6270894,3626707,4024347,5588469,3213816,3878811,1965827,2535187,1245495,893801,0,2243991,543400
159,000609,2017-10-19,0.02460850111856816,-0.002982848620432632,0.5804302622255529,13330.0,162960.9372174877,533,8427913,16954493,416626,440258,2366181,2263461,2101052,1353636,1875862,1267862,743294,436806,0,0,924898,1814412,0,9378058
160,000610,2017-10-19,-0.022556390977443663,-0.009022556390977488,0.5945475173608918,19875.0,94026.02143874046,500,13124800,12879332,327464,345289,2623818,1327561,2486222,2197854,2400688,5791521,1538552,1197581,397200,625940,899194,1393586,2451662,0
161,000611,2017-10-19,0.0036540803897684437,-0.00974421437271622,0.3461061740744819,13667.5,64111.48647634424,562,12195630,7323293,409518,655169,2222957,2807885,2913320,973414,3291178,1265401,1981330,528791,0,0,1377327,490200,0,602433
162,000612,2017-10-19,-0.005859375,-0.0078125,0.3090159886659968,10160.0,64622.942802967416,1098,20397784,14652048,1110683,745986,5523240,4184711,3085176,2262403,3599865,3586613,2430259,2454794,1375256,938685,1864355,478856,1408950,0
163,000613,2017-10-19,-0.048979591836734726,-0.042857142857142816,0.2838635465742923,12116.0,304467.50771766884,1192,22015430,46845046,933340,1704507,3948183,5748620,3763238,5922804,3675529,3241433,2703947,1744326,654825,2531762,1445458,1444822,4890910,24506772
164,000616,2017-10-19,-0.0177383592017738,-0.0044345898004433115,0.13359126396511553,11422.5,176067.1144706249,1142,38918555,22348810,1115033,831782,5131908,4601345,3299914,3174012,5763307,3722283,3637884,1195566,2696824,691824,1824934,1752939,15448751,6379059
165,000617,2017-10-19,-0.026822157434402194,-0.02565597667638475,0.5159024150128559,8380.0,56235.812006399494,1105,19585815,9891648,1099441,852916,5063948,3651085,2845169,1699907,4757746,2276956,2256848,738841,1379017,671943,440160,0,1743486,0
166,000619,2017-10-19,-0.013114754098360715,-0.006557377049180357,0.3847096493362585,9170.0,74682.07375813773,565,9480606,7714856,769733,679605,2441545,2058889,1878289,1434440,1936862,354376,974218,635754,363090,341408,0,0,1116869,2210384
167,000620,2017-10-19,0.011816838995568624,0.01624815361890697,0.19152405602049455,12330.0,106818.61811857854,1252,27241669,23736421,1230891,836794,6880926,4009019,3195408,4222302,4758106,4694773,936001,2839358,1768721,2354699,1656750,918654,6814866,3860822
168,000622,2017-10-19,0.0033333333333331883,0.008333333333333304,0.2233900133458899,11419.0,73077.32568084644,721,13002270,12476937,596349,608293,2985312,2526300,1775849,1925871,2573682,3799284,1151867,2026487,2685521,337902,0,480600,1233690,772200
169,000623,2017-10-19,0.00746268656716409,0.017559262510974394,0.44105536872994183,64736.0,365541.79584374756,2668,217265542,253240945,721634,918489,9362167,12112407,13625254,15853030,27940099,28214538,28248173,29463404,19506062,21490494,16359542,15504411,101502611,129684172
170,000625,2017-10-19,0.007122507122507171,0.0064102564102566095,0.29069283344597124,28220.0,193415.1518559614,2333,93744366,111317963,1649829,1657239,9519875,10834901,12297386,11807399,19653187,18964532,12495208,11544406,6492746,6982146,6537639,6949498,25098496,42577842
171,000626,2017-10-19,0.015772870662460692,0.016403785488958933,0.5166758947987535,15990.0,97508.37137793745,941,19210813,20076358,706068,915390,4122298,4251378,2823293,3805493,2548680,4552783,3089727,1167603,354312,1669153,2213210,1416140,3353225,2298418
172,000627,2017-10-19,-0.030405405405405594,-0.0022522522522524513,0.2112985355063467,13304.0,83066.98821472553,1767,41399553,29318199,2044436,1497477,8965443,6966220,9088333,6557803,6881456,3545354,3359952,5179228,1796002,1280464,2163306,2327592,7100625,1964061
173,000628,2017-10-19,-0.03189300411522633,-0.01954732510288082,0.3520377732416869,10406.0,66489.29440090907,762,12963447,9746238,769127,978659,3225129,3286499,2556471,3052382,2246782,1489564,983351,496434,1431587,0,0,442700,1751000,0
174,000630,2017-10-19,-0.009933774834437026,-0.0066225165562914245,0.058243565589049855,15049.0,217911.08539437622,2720,114614149,61260714,2125634,2102675,13068466,10693312,13337293,9119280,15688126,9732940,6602828,5580309,8634825,4226563,4504523,2108715,50652454,17696920
175,000631,2017-10-19,-0.01741293532338295,-0.00995024875621886,0.1515324158606333,6015.0,119439.82305219109,704,17641944,5363282,964752,361058,2509945,2504289,2141758,1033927,2025838,917151,496283,243390,1362143,303467,1219900,0,6921325,0
176,000632,2017-10-19,-0.001388888888888884,-0.004166666666666652,0.29057025036057355,9308.0,94914.29933880176,615,12672692,13164103,532241,390978,2480636,1832592,1495341,2330316,2076560,2512252,525074,3345744,1771632,1116380,894345,434042,2896863,1201799
177,000633,2017-10-19,-0.053811659192825156,-0.030269058295964046,0.29666548902859335,11401.0,46755.562863032515,905,16779175,8550780,982947,887677,4446028,3586303,4264666,2280259,4006319,956749,1204411,507902,984474,331890,890330,0,0,0
178,000635,2017-10-19,-0.031872509960159334,-0.01081388730791133,0.6296334086808447,12197.5,61658.29860611459,778,14334058,7626914,755019,840572,3852631,3262242,3160771,1935951,2986995,1327599,987278,260550,302412,0,416880,0,1872072,0
179,000636,2017-10-19,-0.021158129175946727,-0.017817371937639215,0.18954443714714453,11401.0,88222.17412730001,2247,49343431,44172164,1012057,3016435,6801992,9850351,7628184,10239492,11094508,9050088,7342194,4792942,3870241,3167194,3113643,1260019,8480612,2795643
180,000637,2017-10-19,-0.025449101796407136,-0.017964071856287456,0.1881566693766971,6580.0,52199.403038248674,1262,19362229,10466986,1538522,817729,5843986,3163953,3825095,2231414,2325382,1812679,1272283,1136157,2996157,1305054,440880,0,1119924,0
181,000639,2017-10-19,-0.010752688172043001,-0.006077606358111165,0.8242312811169016,10675.0,54204.33743403647,673,10061953,10316570,461909,569597,2650429,2470611,2862269,2769575,2543516,1715278,1197944,1372005,345886,0,0,855600,0,563904
182,000650,2017-10-19,0.0033388981636059967,0.0033388981636059967,0.1622545947283519,15037.0,87533.42729639518,1364,29750209,26443150,806820,1049417,7124087,5887952,5654425,4967778,4043341,6291394,2425524,2454834,2647014,1365812,1778547,1775470,5270451,2650493
183,000651,2017-10-19,0.0017077335935593574,0.0014637716516221477,0.6863444537118535,270732.0,1177441.3769737734,3567,1058497879,1122681670,90692,110997,4475312,5907412,13553061,18611868,41566336,46947411,43262858,51331812,50226747,49927191,44581019,43931859,860741854,905913120
184,000652,2017-10-19,-0.023076923076923106,-0.02115384615384619,0.1397123958103608,5130.0,64726.42507472761,1387,23477203,10278645,1273520,964626,4669317,2733225,3694676,2346106,3498386,1847617,3492401,440832,1109302,628467,2615912,1317772,3123689,0
185,000655,2017-10-19,-0.037267080745341685,-0.021118012422360333,0.2533070777527608,15029.0,93567.4796772114,1010,24122633,16811576,677937,1156913,4870829,4617727,4813755,2502925,5120450,3420777,2312354,1247905,2846316,1089772,421326,0,3059666,2775557
186,000656,2017-10-19,-0.018672199170124415,-0.018672199170124415,0.1115416173733642,10164.0,167273.11670948562,1872,53194624,34321602,1416869,2309207,7255534,8203807,5666960,6046455,5872867,5020892,5123437,4373685,3355562,343640,2754346,2256779,21749049,5767137
187,000657,2017-10-19,-0.01532846715328462,-0.008759124087591164,0.40836767127578777,13700.0,79167.35688432996,1125,23443280,18222586,853000,1094198,5460727,5435005,4215256,3811539,6572092,4660413,1972073,709489,303975,0,0,466147,4066157,2045795
188,000659,2017-10-19,-0.023316062176165775,-0.002590673575129432,0.17002865804477968,11550.0,55415.813495334,515,10918193,4590048,393716,407267,2973190,1805075,1825452,760464,2355613,1351288,1498388,265954,1871834,0,0,0,0,0
189,000661,2017-10-19,-0.0009146341463415197,0.004390243902439028,4.569645005707086,48900.0,243666.83043842192,1288,60095048,88628672,4419,9836,8669376,8356579,6692614,9042484,9693005,11681241,4268378,8351527,5102475,5070743,7395501,6423592,18269280,39692670
190,000662,2017-10-19,0.027261462205699916,0.013011152416356975,0.6298342263859368,11893.5,65796.53331810852,656,15162776,10405446,645052,525695,2494038,2327957,1654804,2501602,7665266,2542534,2364117,696825,339499,1090269,0,0,0,720564
191,000663,2017-10-19,0.012418300653594727,0.013071895424836555,0.5354601923794425,15490.0,72690.40558473878,816,15650108,18405684,641138,730093,4174555,3642170,2668975,3771846,3862288,4425106,2522227,1842698,1780925,1986140,0,465000,0,1542631
192,000665,2017-10-19,-0.010344827586206806,-0.00775862068965516,0.4482233203547712,11510.0,80015.56050302573,669,12590860,9885580,680270,342444,2985357,2389065,2075132,1941369,3279103,1125049,1489797,703420,659182,1370609,891940,0,530079,2013624
193,000666,2017-10-19,-0.011842728564661287,-0.005684509711037511,0.5860367049317816,12630.0,76579.35672316824,1297,30423571,20235131,1621252,782424,6348702,4231355,5182886,3458837,7172945,3882346,5173388,3546378,699010,333064,2169829,860580,2055559,3140147
194,000667,2017-10-19,-0.014925373134328401,-0.011940298507462699,0.07963689377666755,1992.0,99803.86153950212,1778,28425265,9355565,1829045,1128528,4491214,2501380,3257429,1090917,3762196,1128273,1461807,731700,3817477,302452,1381673,0,8424424,2472315
195,000668,2017-10-19,0.0060422960725075026,0.0060422960725075026,1.0329603234026568,3315.0,37942.254549425445,256,2291108,1397873,366568,155694,659860,578123,324051,468388,264350,195668,0,0,676279,0,0,0,0,0
196,000669,2017-10-19,-0.018193224592220725,-0.013174404015056429,0.5108506106289876,12616.0,64574.68300597681,973,16243079,12868337,664818,1259824,4705099,4257348,2429078,2308603,4285378,2597773,1798280,214472,948293,963103,1412133,0,0,1267214
197,000670,2017-10-19,-0.04210526315789476,-0.03157894736842104,0.1382051472424205,19230.0,103304.51497693204,2322,68761785,53913761,1797605,1750432,11305752,9900313,10392728,11113617,12726589,10149304,7685523,5375808,10346627,5205522,2645013,2650686,11861948,7768079
198,000671,2017-10-19,-0.023880597014925398,-0.017910447761193993,0.154312079891352,13765.5,188597.97861069962,1888,84982497,47048811,2053238,1148322,7635433,5697488,9009703,6751619,10177214,6300127,8503702,4075918,5346929,4427467,4101899,1362792,38154379,17285078
199,000672,2017-10-19,-0.012358393408856916,0.002059732234809486,0.2399634970927185,14640.0,109015.3917405259,1638,38691942,25988862,1661829,1807513,8298777,7211012,7182046,4925001,7816571,5464516,3053179,3619454,2835155,1379948,495845,886506,7348540,694912
200,000673,2017-10-19,0.0026109660574411553,-0.00870322019147085,0.4699891179819964,12606.0,86605.38027149726,597,16237530,6580409,520508,340464,3719678,1746286,2977137,1047011,3146580,1281926,2097594,0,1987118,0,1788915,0,0,2164722
201,000676,2017-10-19,-0.014357501794687644,-0.009332376166546918,0.5236479005509073,9695.0,56958.77125617392,707,13341336,5721820,649235,907783,3447126,2059698,2337637,791028,2157484,1587434,1761476,0,1073612,375877,839940,0,1074826,0
202,000678,2017-10-19,-0.0337349397590363,-0.027710843373494054,0.26003772165662975,10738.0,43081.08038339322,1019,16379337,10481859,813516,1200130,4845667,3878960,4649277,2937170,3309562,1273690,2005109,1191909,352800,0,403406,0,0,0
203,000679,2017-10-19,-0.024137931034482696,-0.01724137931034464,0.37624700014378715,8670.0,47805.42212379122,534,7394554,6227415,439899,744179,2435815,1896617,1693022,1736432,1238122,1124319,227696,725868,0,0,1360000,0,0,0
204,000680,2017-10-19,-0.026881720430107614,-0.021505376344086002,0.14465622337216258,10026.0,133470.97965284775,1491,38957184,19244733,995979,1745158,5710617,4733755,5632921,2917375,7439375,2937206,4193162,1985850,3129002,2689836,1337717,1342297,10518411,893256
205,000682,2017-10-19,-0.005649717514124131,0.0018832391713747842,0.17555429286547755,10560.0,69507.90932393179,915,13805566,15219529,682345,936235,2888843,4031964,3386838,2534299,3507505,2825918,1785585,1775605,0,0,457776,400596,1096674,2714912
206,000683,2017-10-19,-0.012578616352201255,-0.0062893081761006275,0.07745703458576463,11376.0,102770.6370663481,1695,46320151,25817108,1310639,1657993,7292225,6932305,6374963,4175323,6021218,5354167,4463088,2245616,4747756,1886864,5861782,1283952,10248480,2280888
207,000685,2017-10-19,-0.011090573012939142,-0.007393715341959317,0.3076057594841309,10730.0,110695.98847421468,1237,34774762,20340070,644463,1541647,4668737,4926801,4072803,3111597,4149690,4056643,5378669,1225665,3923795,2668854,1850154,424116,10086451,2384747
208,000686,2017-10-19,-0.02193419740777658,-0.015952143569292088,0.2327377992037468,19810.0,147416.09729678376,1858,70409710,45623235,1125083,2001945,8606739,9182414,8341899,7619203,10318150,8469611,8607915,6443932,4476374,3389518,3965287,3296208,24968263,5220404
209,000687,2017-10-19,-0.057071960297766844,-0.04466501240694798,0.28140558388695996,83600.0,1011966.0013548834,3291,472423156,354428837,871731,934497,9540404,13093121,18913571,21223297,32591555,43120389,34259762,32132739,28605904,26143325,27389544,24575353,320250685,193206116
210,000690,2017-10-19,0.023407022106632036,0.031209362808842567,0.2050423276509877,15830.0,157793.43627323274,1408,36015403,53486292,964148,1355329,5815919,6319707,6145654,5848357,6050460,9552946,4088712,3900582,3157982,5133856,966342,4152616,8826186,17222899
211,000691,2017-10-19,-0.010738255033557076,-0.010738255033557076,0.42531800402200276,8473.0,36943.03639824153,306,3694155,2899418,403095,169212,1577864,926526,1076859,832373,414037,382907,222300,588400,0,0,0,0,0,0
212,000692,2017-10-19,0.0015267175572519776,0.0,0.2754592829930528,10448.0,44946.095712940514,565,7006383,6435034,430899,619574,2237584,2868446,1616386,1265590,886390,1213134,513815,468290,330200,0,490609,0,500500,0
213,000697,2017-10-19,0.0059880239520957446,-0.0003992015968063978,0.6857400514385888,25040.0,125464.89881526292,1334,39932959,39754189,743576,921077,5439753,6337226,7273050,6943853,7784517,10563249,4329322,6788688,3442144,3041289,1941505,900700,8979092,4258107
214,000698,2017-10-19,-0.029320987654321007,-0.021604938271605034,0.26010533966284477,12065.0,62449.23376432588,620,14258040,5244357,563202,643807,3151518,2014864,2865108,1242111,2050904,1034183,1736987,0,2281720,309392,444500,0,1164101,0
215,000700,2017-10-19,-0.010144927536231974,-0.004347826086956608,0.22526360648041358,12321.0,66369.79306488048,938,21713391,10306606,793461,854680,4285556,3448497,3886227,1981031,3358112,2132052,4589079,757121,3489911,681810,0,451415,1311045,0
216,000701,2017-10-19,-0.01396877567789645,-0.010682004930156141,0.4173657684054578,12055.0,73862.7972681566,850,17054183,10681486,611051,757728,3919151,3726703,2636552,3799627,3019206,1533610,733504,549316,2132408,314502,870001,0,3132310,0
217,000702,2017-10-19,-0.026900584795321647,-0.025730994152046827,0.2856842057878996,11704.0,46118.15362195266,896,12968186,12088911,801455,870233,4579120,4161779,3384904,2464923,2084401,2873949,1039502,1274000,1078804,0,0,444027,0,0
218,000703,2017-10-19,0.008430609597924743,-0.011024643320363126,0.4199528162437704,9216.0,37159.25713796002,1348,19074679,11474784,1743693,824598,6602607,3480030,5334661,3080155,3842520,3238315,926358,496494,624840,355192,0,0,0,0
219,000705,2017-10-19,-0.018060836501901045,-0.01520912547528519,0.2117109163559608,2094.0,28440.978825650818,2473,13963219,7120995,3436483,1431915,4712331,2819725,2093661,1428577,1478028,491878,528837,0,1024569,321780,0,0,689310,627120
220,000707,2017-10-19,-0.027190332326283984,-0.02114803625377637,0.23565721337492748,6520.0,46879.7613334484,789,11496989,5988105,937031,819654,2332373,1805595,2700513,1467443,1882296,1480562,1570456,414851,1671303,0,403017,0,0,0
221,000708,2017-10-19,-0.014832162373146107,-0.010928961748633892,0.41036629845278905,13915.0,65677.66479567869,974,21762511,16636383,592882,823163,3467468,4855945,3745406,3288426,6891019,4811061,3178265,1185946,2011336,725952,1876135,404492,0,541398
222,000709,2017-10-19,-0.01869158878504673,-0.011682242990654124,0.07855393134346644,27104.0,299190.36246494786,2988,202938629,117456575,2096589,1578704,15770251,8803295,18309800,12308710,25836371,18533855,21018124,12665990,13255289,6561638,15683299,4535601,90968906,52468782
223,000710,2017-10-19,-0.004599967143091743,0.001149991785772908,1.6693154593352737,18240.0,135609.22731797717,1330,39458421,34630609,1507978,640081,6346158,5849804,6411919,5324513,8787499,5787478,6147331,4514665,3672802,2671422,3318830,475722,3265904,9366924
224,000711,2017-10-19,-0.027972027972028024,-0.0034965034965035446,0.47370552638900604,14370.0,65614.5671453166,911,20269975,13605778,616577,604453,3797154,4343268,4999166,3728419,6846803,3050705,1458970,223975,765056,322200,429300,0,1356949,1332758
225,000712,2017-10-19,-0.03830439223697646,-0.02400408580183855,0.46853622456550476,23160.0,200822.36961512954,1747,73876612,51061490,928751,1593364,8030467,8918668,8673034,9155112,12796873,8960435,10896333,7261178,5128196,3776923,1802208,3289692,25620750,8106118
226,000713,2017-10-19,-0.02564102564102555,-0.019536019536019578,0.27013545105166836,14490.0,67576.97481054679,919,19839307,13444009,757675,846224,4335104,4642327,4043072,2766996,3668933,2458421,2388909,1382781,1400486,688800,401999,0,2843129,658460
227,000715,2017-10-19,-0.02875695732838579,-0.013914656771799483,0.24184498013688896,1065.0,56186.2583023649,1987,16552321,3754324,2822546,463541,3868487,1390435,1741732,583693,2753500,224702,666272,473182,709513,618771,0,0,3990271,0
228,000716,2017-10-19,-0.015432098765432167,-0.007716049382716195,0.1654640404200697,14190.0,79655.7152925514,1535,37386670,22274423,1317347,1234445,7957576,5529685,6762235,5848899,9154767,3881925,4222328,2021117,2073051,2041736,473891,448416,5425475,1268200
229,000717,2017-10-19,0.008275862068965356,0.0193103448275862,0.1451088745927942,32538.0,244769.64739859995,2504,127377484,141748049,1410276,1685252,10963858,11309906,10540043,13396074,18140634,19098172,17829003,15052249,15116541,16331629,6083159,10492043,47293970,54382724
230,000718,2017-10-19,-0.005484460694698212,-0.01279707495429605,0.1533414108228132,5410.0,127115.39657016289,1274,25687918,16476340,941321,1332203,3930729,3748133,2641630,2981062,3098298,2889488,1353610,694895,710453,713196,1886222,930871,11125655,3186492
231,000719,2017-10-19,-0.01553398058252431,-0.009708737864077777,0.379280245853149,6114.0,60443.73128619221,737,9616922,8711925,510663,766087,2403257,1838255,1885855,1199434,2695340,1424348,1042452,1120017,615256,624769,464099,401700,0,1337315
232,000721,2017-10-19,-0.033519553072625774,-0.025139664804469275,0.22691152305009685,8496.0,91470.8316717626,996,17582550,12146022,829313,1376696,4459156,3701334,3143111,2355466,1679350,1878300,784406,1773227,707500,660130,0,400869,5979714,0
233,000722,2017-10-19,0.011589403973510048,0.009933774834437026,0.4157110753995298,15873.0,89124.10755053263,844,16537109,18466722,614743,739535,4163331,4400702,3575225,3111140,3131711,2235284,1672369,2403839,1322943,1448927,846428,1306585,1210359,2820710
234,000723,2017-10-19,-0.025000000000000022,-0.039772727272727404,0.22472275168016898,9405.0,135994.71159433792,1535,43810591,33403590,1248553,1605870,5799251,5559166,5259133,4546399,6320599,5656199,5603942,6010425,3892371,1126377,3112356,2971116,12574386,5928038
235,000725,2017-10-19,-0.06505576208178432,-0.03345724907063197,0.08989235675222414,449592.0,2576889.627837804,3600,1947121765,1981726977,41031,13704,2550386,1866085,10322053,9836260,39164956,38052100,54586235,47627280,53487094,59972293,51973910,57197681,1734996100,1767161574
236,000726,2017-10-19,-0.016570008285004212,-0.012427506213753103,0.374202971534601,9552.0,54288.680901863954,1040,14984375,12064385,749142,854168,4295832,4075993,2725225,1984566,5012770,2128605,268875,1031112,983510,331100,411429,400132,537592,1258709
237,000728,2017-10-19,-0.03960396039603975,-0.028179741051028273,0.2451770810867443,44817.5,257527.22155747568,2870,183774383,178855320,641496,1669301,8992878,14710407,14201062,18840203,27536628,29675711,19059439,27900860,18163793,15389068,12459330,9225916,82719757,61443854
238,000729,2017-10-19,0.009316770186335255,0.0031055900621117516,0.12768777118788027,1929.0,55793.10870707451,2546,12438765,26240195,587723,3882005,2838913,6701659,1543177,3808373,2143002,4408707,1039114,1424448,1618319,1410842,478827,469390,2189690,4134771
239,000731,2017-10-19,0.002466091245376223,0.008631319358816336,0.24599093306130138,11494.0,122434.99455183114,1087,28916402,27170961,1532106,746928,5390225,3581490,3048377,3754910,4002217,4564656,2865759,3800257,2657834,3544660,2238292,2342836,7181592,4835224
240,000732,2017-10-19,-0.0286885245901638,-0.016978922716627598,0.5051582262469608,6728.0,54394.94319736268,1143,17403081,9156939,1549373,1157307,4140073,3070099,3165567,1981324,4121432,2347821,742931,254491,696544,345897,0,0,2987161,0
241,000733,2017-10-19,-0.014362657091562037,-0.007779772591262835,0.44246585713552855,29682.0,92662.50652400809,1426,49416824,34621290,766100,1006917,6877211,7414138,9369879,8740992,12571242,10377399,7316366,2381962,4789561,3103569,1424425,956703,6302040,639610
242,000735,2017-10-19,-0.0074906367041197575,0.0,0.1611206686497785,28800.0,243589.8452525061,2477,135834806,102008896,1720112,1486505,12312522,9010166,13985339,11274485,20751641,17153961,16552348,13951475,9821210,8907474,10900638,8163329,49790996,32061501
243,000736,2017-10-19,-0.010624169986719778,-0.013280212483399834,0.5186631403838003,14800.0,52486.615180689856,843,13273920,9509485,628424,745284,4172555,4666590,3115511,2244026,1678794,1382625,688841,470960,676827,0,419468,0,1893500,0
244,000737,2017-10-19,-0.026936026936026924,-0.025252525252525304,0.1687501722822165,11580.0,84833.16003895871,1241,24816066,16516036,930467,1340027,5358296,4437524,4897530,4299781,3650095,3443456,3487574,1113830,1786460,1005680,909515,875738,3796129,0
245,000738,2017-10-19,-0.032645223235717724,-0.024963994239078247,0.42728027370330424,38551.0,153299.5391743271,2377,125546599,77025184,787424,1023860,12855157,11045279,16230048,9643629,26892557,18496964,18876796,10965076,13627092,5844402,6183737,6825313,30093788,13180661
246,000739,2017-10-19,-0.009722222222222299,-0.001388888888888884,0.304064095497838,11472.0,47920.39390439349,560,9838138,6623618,403826,468776,2259562,2049671,2977083,2152487,2993060,466066,1204607,482382,0,1004236,0,0,0,0
247,000750,2017-10-19,-0.02276707530647981,-0.017513134851138257,0.13064716515919358,14943.5,134235.2802490091,1914,61011268,38448079,1078933,1813989,8290190,8090282,7686177,5908640,11444683,5850425,5014439,5125369,2789043,1000057,2756368,1367140,21951435,9292177
248,000751,2017-10-19,-0.01754385964912286,-0.010526315789473717,0.12523749587925975,11844.0,76201.03688196997,2076,46043439,35218937,1592276,1680610,10258817,7145301,9000025,7448136,9899642,7129602,4988124,4990924,2349656,2575903,3131131,2203930,4823768,2044531
249,000752,2017-10-19,0.04409672830725464,-0.008534850640113834,0.5441972207731761,13980.0,67572.2738822463,667,15779100,8792968,576809,548138,3569501,2097440,4691667,1332665,2728408,1705741,2168769,1254329,633174,685655,1410772,406000,0,763000
250,000753,2017-10-19,-0.0177383592017738,-0.0177383592017738,0.14531387626365447,9450.0,120803.77696237424,964,22150718,11148973,683342,1302235,4550600,4356201,2764811,2053377,2564858,1953550,3441247,1483610,0,0,1299816,0,6846044,0
251,000755,2017-10-19,-0.04992435703479581,-0.04841149773071107,0.1807971043723653,9525.0,86762.05040599642,1340,25556901,18263432,1362350,1252364,6380645,3964253,4821117,2962925,4274718,3354239,1837127,2176007,1401063,1677831,814300,0,4665581,2875813
252,000756,2017-10-19,-0.029735682819383213,-0.02367841409691629,0.45668178874546966,21192.0,212657.21570884594,1583,65762897,48440450,926916,1251874,5597560,7924426,7986498,6027798,8807769,10936881,6082420,6269854,5740163,6242988,2583050,1280348,28038521,8506281
253,000757,2017-10-19,-0.032258064516129004,-0.018232819074333828,0.27647598650152333,14060.0,58956.79211619535,665,13792353,7603411,477989,649296,3985045,2491657,3543306,2195106,2548212,919715,1812765,0,349500,685411,422676,0,652860,662226
254,000758,2017-10-19,-0.03283173734610112,-0.024623803009575895,0.16523018455076777,15774.0,208627.05397490528,1962,63204138,39581953,1244037,1897740,7723312,10586673,9651177,8661670,8799261,9549083,5530417,3312872,3897010,1674809,872017,2683277,25486907,1215829
255,000759,2017-10-19,-0.03329752953813114,-0.02685284640171859,0.3125987723065985,9150.0,64406.99106904328,887,15346613,9433170,913346,1088895,4112687,2948292,3178317,1939563,2969487,1764013,990384,471800,321900,603223,1705410,0,1155082,617384
256,000760,2017-10-19,0.0,0.0055248618784529135,0.2860724301500946,9100.0,96345.06839597957,1001,16849085,23521320,717851,1108356,2948787,4323304,1935166,4090086,3734170,4164320,1755595,4642320,332838,1042663,1320348,1282792,4104330,2867479
257,000761,2017-10-19,-0.0212389380530974,-0.010619469026548756,0.14217728050761408,10529.5,180289.75214894573,1582,46895139,37475861,1046962,1483892,5939181,5266950,6244591,4253663,5581649,7117578,3690446,4946839,1719443,2336552,2296247,886939,20376620,11183448
258,000762,2017-10-19,0.003831417624521105,0.00547345374931596,0.348798909651378,44520.0,194321.26764479064,2745,142202903,149745678,1196298,1211851,12217848,12915788,16946381,16823941,30467566,26774583,17616851,20799238,13989301,14596926,12388064,10398845,37380594,46224506
259,000767,2017-10-19,-0.02346041055718473,-0.02052785923753675,0.11287406826552587,6820.0,147284.7897150877,915,22688927,12984340,493205,1429546,2249740,3751685,1999013,1730285,2123274,2574189,1729396,1162307,1443905,1324025,0,498000,12650394,514303
260,000768,2017-10-19,-0.031155778894472186,-0.016080402010050232,0.37715677438124834,38940.0,214134.76393683747,2785,171135513,129204345,1289746,2254143,10927897,10976866,15988560,15321559,27172517,25288304,20398197,19236685,16956994,9298450,14824645,10266368,63576957,36561970
261,000776,2017-10-19,-0.020000000000000018,-0.016216216216216273,0.34619693498045445,44184.0,393849.06691711396,2856,246991098,187440885,1071292,1411194,13583662,14452971,14535470,20357042,24166994,26813142,18433086,20019295,17456131,11170429,13523402,7370247,144221061,85846565
262,000777,2017-10-19,-0.02674418604651163,-0.020930232558139528,0.45072014238505026,16910.0,127304.72606653419,1456,40916281,21886904,957397,1358712,7400416,6773059,7497123,6000161,8411033,4019532,3008631,2153981,1447356,677904,400256,903555,11794069,0
263,000778,2017-10-19,-0.030448717948718063,-0.014423076923076872,0.12936944747029935,18390.0,129713.75651860713,2331,77540122,57758944,1585401,2286561,10082170,11024871,11612757,8868572,14018938,10212093,7345136,5286135,5607224,8490038,4936523,4309418,22351973,7281256
264,000779,2017-10-19,0.014354066985646119,0.009569377990430672,0.4174919043965328,18095.0,83827.50697188282,1606,39914941,29641077,1442481,1158737,8874645,6767703,9081288,6586150,8094740,6560131,3446085,2503707,3951829,2683922,1333262,469280,3690611,2911447
265,000780,2017-10-19,-0.025390625,-0.013671875,0.201396911248418,10100.0,72034.29024146638,646,12443257,5725234,531307,410913,2934700,2145960,2867841,1843467,1362665,697918,1564558,0,333960,0,0,0,2848226,626976
266,000782,2017-10-19,-0.012012012012012074,-0.01501501501501501,0.384375115135986,12818.0,94105.5176382306,675,22499654,10255131,804427,751795,3269306,2316680,3319583,2299462,2453490,1820402,4191615,2203255,2897975,318825,2424734,0,3138524,544712
267,000783,2017-10-19,-0.014846235418875975,-0.008483563096500557,0.20250824996978553,15844.0,197305.26638574182,2170,60608815,56258700,1061716,2746138,7928974,14026155,6468880,7237534,8121246,8343769,5306604,4082914,3721749,1400098,3541370,2281997,24458276,16140095
268,000785,2017-10-19,-0.022499999999999964,-0.01416666666666666,0.3094173183186926,4824.0,47730.18355040668,1505,18295289,10948024,1010311,1352250,4956900,4419471,4249136,2602599,4586005,1641326,499240,932378,1367277,0,0,0,1626420,0
269,000786,2017-10-19,-0.04334633723450365,-0.045080190723883806,0.39383340599626354,91901.5,508209.7896570849,3438,436778824,311171363,740312,544362,11863613,9827555,24429540,19836837,49191031,41036743,37263374,35426497,38571742,26967775,21994163,21336444,252725049,156195150
270,000788,2017-10-19,-0.014705882352941013,-0.012745098039215641,0.42361500836043464,10100.0,62797.91601056517,579,11265410,5480860,427035,470439,2390275,2011577,2932007,1867894,2071798,1130950,807808,0,647433,0,429562,0,1559492,0
271,000789,2017-10-19,-0.008403361344537896,0.004801920768307211,0.2500064605934145,21443.0,149592.03827812042,1110,35322508,34273732,829516,873580,5295139,4801368,6588219,5683398,6176108,4590466,3899184,4386714,2650793,3090673,1746056,859203,8137493,9988330
272,000791,2017-10-19,-0.017525773195876337,-0.010309278350515427,0.18106272925179914,41602.5,206665.00830813206,2876,156242428,140332173,1573186,1627365,11661656,11557956,19144828,15710637,29130851,30355140,20895730,19383280,13753766,14880945,7207601,10498435,52874810,36318415
273,000793,2017-10-19,-0.008780487804878057,-0.005853658536585371,0.30985782231106934,7175.0,259973.9676545775,1094,22853365,43875462,1314407,664836,3296568,2411910,2463853,1708720,4571792,2125112,3218417,1379093,1985081,1327007,1381774,889970,4621473,33368814
274,000795,2017-10-19,0.0055632823365785455,0.0055632823365785455,0.15828246605595056,17220.0,74520.58082604066,2066,40475147,42674506,1683487,1624500,11053634,10774495,9531336,8440686,7430466,9540713,2113359,5250691,2417696,3384322,990543,1779147,5254626,1879952
275,000796,2017-10-19,0.010479041916167775,0.014970059880239583,0.3545537877600478,18445.0,94113.15625139176,1420,29358318,35628186,923960,1132170,5632877,8205493,5976836,6854546,6658246,7640141,2662283,3862739,1331098,3471754,438240,401400,5734778,4059943
276,000797,2017-10-19,0.002457002457002311,0.004095004095004073,0.377172557444563,19536.0,105547.81242896362,1048,29113020,23280329,667008,791567,6137951,4682234,4330640,3973762,5921870,3378384,3770462,2719550,2658342,1780492,1816591,928060,3810156,5026280
277,000798,2017-10-19,-0.023835319609967542,-0.01950162513542797,0.35225907466803635,8154.0,72057.25022481092,686,10082515,5099009,669228,864226,2896079,1911320,2195348,1066532,955136,844025,713808,412906,0,0,490117,0,2162799,0
278,000800,2017-10-19,0.0038699690402477227,0.001547987616099089,0.2722745994138812,26060.0,212648.82695703543,2253,93819096,104937796,880255,1646761,7592580,11358940,10921069,11813833,16181482,20049062,10544245,10574607,10503113,10102410,4328660,6547491,32867692,32844692
279,000801,2017-10-19,-0.022140221402214055,0.004920049200491938,0.24807968283889872,11424.0,62847.04573778192,1074,21362509,11638855,1339327,980232,6056675,3474904,4654029,2288947,2952360,2287419,2442647,1174034,1400826,0,1284365,0,1232280,1433319
280,000802,2017-10-19,0.012289780077619605,0.015523932729624823,0.359337160765973,26537.0,118536.46611154874,1851,53440438,57943818,1239204,1226328,9114300,10572235,9555143,11682439,9745795,11572887,6229804,7318120,4265693,4931086,2231450,1869946,11059049,8770777
281,000807,2017-10-19,0.00925147182506314,0.01766190075693852,0.21112728271586376,59045.0,370070.68882716476,3177,250410760,242982127,977977,875451,15287221,10663939,20125930,16869621,43969047,32820336,29055900,26688056,20166821,20860445,14441377,17948427,106386487,116255852
282,000809,2017-10-19,-0.016241299303944134,-0.002320185614849146,0.18143740647448006,13453.5,65444.17346062419,564,11631475,9793813,350618,474721,2275771,2828873,2286365,2665878,2798738,1531623,1248422,1482961,1282279,340058,852970,469699,536312,0
283,000810,2017-10-19,-0.019981834695731227,-0.015440508628519534,0.30527753599664315,13020.0,93808.9344174594,1301,30018542,18479309,1010097,1109453,6467228,5399165,6525802,4507130,4937575,2726499,3315787,1613006,1651241,657679,893448,969483,5217364,1496894
284,000811,2017-10-19,-0.01121304791029576,-0.00917431192660545,0.3038930539584979,22367.5,67150.82726057286,1042,26231568,11544284,942117,867907,9848167,3504608,3742153,2791354,3902537,1909482,2153451,1168685,2026755,0,1779192,0,1837196,1302248
285,000812,2017-10-19,-0.011723329425556872,-0.01758499413833514,0.34567344375603626,12495.0,145015.80792000546,609,15719424,14804188,625466,653954,2847078,2052772,2952220,1180500,1957201,2250922,1456412,990610,655392,352289,1804487,2951835,3421168,4371306
286,000813,2017-10-19,-0.024050632911392422,-0.0075949367088608,0.17165840200110244,1570.0,33857.7187071152,2120,14979717,4256959,2885755,574931,3113733,1518134,3405763,995551,2969164,791238,1180831,0,0,377105,472800,0,951671,0
287,000815,2017-10-19,0.10576923076923084,0.10576923076923084,0.36387553565856745,29325.0,523652.6161275447,1842,99133785,108588928,1442680,951992,9493565,7323890,10122708,8827272,13997409,12003313,8843575,7129770,6801761,9109454,4912715,6263557,43519372,56979680
288,000816,2017-10-19,-0.06479859894921192,-0.04728546409807344,0.0994397370144297,69552.0,241198.64689332843,3309,193859817,278496947,263977,1622210,5987059,19333304,17019698,29019797,33139647,47205885,36286729,43900677,30593550,37743785,15502180,19912318,55066977,79758971
289,000818,2017-10-19,-0.006962576153176636,-0.01218450826805928,0.3359492168826351,11520.0,94822.06780966389,1170,31520220,16765862,942924,822132,6131772,4138967,5238932,3941296,5082933,3250509,3589100,2645600,1663988,0,1810368,460800,7060203,1506558
290,000819,2017-10-19,-0.021315468940316773,-0.013398294762484886,0.5733742140104385,11305.0,67554.77639050178,820,13174818,9289857,606874,1081609,4078911,2920209,2548363,2330146,1660191,1665002,1337947,481191,0,323000,412128,488700,2530404,0
291,000821,2017-10-19,-0.005792903692976137,-0.01086169442433027,0.3851533918525054,16440.0,86675.86323438358,1287,29806773,25029340,1379872,532736,7860853,4861782,5789467,4566266,6797072,3752520,3576337,2201769,1751679,959184,2133872,1309550,517621,6845533
292,000822,2017-10-19,-0.07504520795660041,-0.06329113924050644,0.222402623037101,33924.0,228432.4870198549,2477,144047304,114545504,881514,1405769,9394484,11366958,11407923,12805054,23869193,22984533,19760005,17210801,11986848,13890296,9885624,6806994,56861713,28075099
293,000823,2017-10-19,-0.08378378378378382,-0.08513513513513526,0.2985338771940153,46724.0,273648.968532247,2462,194337797,119096464,866024,1268904,8472021,11247746,17484519,11665409,29275420,21647668,21736749,17211777,15417269,10701922,12435376,6603185,88650419,38749853
294,000825,2017-10-19,-0.030303030303030387,-0.020202020202020332,0.09979326143884835,19340.0,309911.78175765,2470,144200708,104669612,1677360,1886767,9108999,10606870,10638833,11347544,14286004,13390604,10390285,9024724,7361048,9936696,9125729,4501158,81612450,43975249
295,000826,2017-10-19,-0.021621621621621512,-0.014864864864864824,0.7974507005008591,36760.0,278680.5980781745,2154,134967951,103802030,1122364,787367,9766373,10046230,13419044,12172316,24100376,18140150,12368007,14346337,11432282,9530444,11284639,2620865,51474866,36158321
296,000828,2017-10-19,-0.024390243902439046,-0.017073170731707332,0.46210958155955484,19504.0,148293.63527503115,708,31405663,14112290,320493,600195,3393203,2884214,3430182,3101848,6054057,2958270,4358675,2957022,1994046,1000741,828462,0,11026545,610000
297,000829,2017-10-19,-0.023978685612788597,-0.02131438721136769,0.25101990540571767,14430.0,187409.56734202086,2016,70848163,36310215,1579058,1584202,9083372,8042590,8910414,6139782,9860223,8022911,6621031,4322898,3393817,3400845,3445536,873486,27954712,3923501
298,000830,2017-10-19,-0.05640535372848965,-0.04588910133843216,0.19082988897601538,59460.0,429679.9960424315,3012,294923020,266630580,1702071,1459110,9841975,11641519,15134772,17954585,28101007,28871049,27505261,27584396,18479803,29173791,21976526,17760072,172181605,132186058
299,000831,2017-10-19,-0.005886681383370118,-0.0007358351729211954,0.28640891985311734,24588.0,142806.53919811003,2253,76100109,58918234,1279957,1505253,11315862,12319456,12487529,10920868,17199257,13801196,6524133,5415915,5154556,2363616,5286480,2252168,16852335,10339762
300,000833,2017-10-19,-0.02106567534076831,-0.013630731102850069,0.2661510893157112,10374.0,37797.596073199245,919,13020282,7466163,898227,1207148,4672693,3462911,3126724,1829691,2393979,542160,1037750,424253,0,0,890909,0,0,0
301,000835,2017-10-19,-0.009513742071881826,-0.007399577167019111,0.3973790433222671,14032.5,56992.37221917321,566,13002192,6318013,589950,587318,3387866,2227037,2660024,1609691,2838888,926067,1466459,488500,1630821,0,428184,479400,0,0
302,000837,2017-10-19,0.0026773761713521083,0.008032128514056325,0.217974122834435,14800.0,76386.4172369558,1175,21599787,22429270,922165,1335982,4738272,5762024,4070846,4197185,4892286,3656732,3811717,2198097,1272005,1406923,1316036,1789799,576460,2082528
303,000838,2017-10-19,-0.031298904538341055,-0.023474178403755763,0.1810637151846145,9525.0,54154.269277113875,1246,18785919,12789643,1056628,1419400,5466446,4373508,4949247,3302701,3360319,1956465,1033707,238875,1445822,360417,0,401947,1473750,736330
304,000839,2017-10-19,-0.021739130434782594,-0.018903591682419618,0.18985032817147907,54392.0,371634.9362540989,3109,281417380,243655834,664700,1146469,10922063,14058053,15533839,20503248,31175740,32919695,25362315,27776779,20874835,16444039,15171445,20755708,161712443,110051843
305,000848,2017-10-19,-0.006585136406397019,0.0037629350893695346,0.2622311226132795,14854.0,114952.2247575031,1645,39906549,40287741,878547,1297052,8084157,6255623,6138341,5606148,6874959,9342429,5250864,4382254,2305108,1991067,826616,2837846,9547957,8575322
306,000850,2017-10-19,-0.009689922480620172,-0.005813953488372103,0.23155871605184408,6180.0,43070.170656569106,496,7403668,3756778,462001,299686,1970776,1358499,2035787,1088825,1379952,1009768,1044152,0,0,0,0,0,511000,0
307,000851,2017-10-19,0.014505893019038929,0.016319129646418906,0.3306118837168209,22420.0,127946.6143056796,1113,36175610,37624633,510660,524645,5152925,5660380,4197872,4862079,8257557,6912214,3987705,5184697,4111802,2364854,3141097,1391118,6815992,10724646
308,000852,2017-10-19,-0.03685503685503699,-0.025389025389025432,0.28066149075553326,18112.5,108096.2931615909,1894,48129422,46730119,1411610,1353918,9183638,9586940,9490692,8743132,9093183,8544730,7007149,4005911,3350803,2534672,1419501,3849409,7172846,8111407
309,000856,2017-10-19,-0.04441727791361039,-0.041564792176039145,0.4883797769990301,33005.0,185751.21668980125,2526,105196138,108700167,1262358,1466229,12594026,11891154,13526792,13900194,21214653,23130545,14307184,11647031,11127589,6833273,8380597,4581353,22782939,35250388
310,000858,2017-10-19,0.03261760367152933,0.035567939682019434,1.0315122604823854,170486.0,1054549.9742765634,3499,465275506,746592923,255311,338899,6510742,8040908,16910571,19382624,50414492,52674840,49009760,50190969,39797825,49184362,39977216,50043131,262399589,516737190
311,000859,2017-10-19,-0.019999999999999907,-0.018000000000000016,0.1781329636726048,10879.0,64311.635283056006,788,16361432,7322342,706916,901491,4446306,2765789,3362779,1195255,2939036,975062,2371115,208395,1038820,390400,0,885950,1496460,0
312,000860,2017-10-19,0.021212121212121016,0.027272727272727337,0.46924833032473884,26221.0,267460.3342414555,1781,68443760,104841121,610753,1073493,7061815,8563185,6666265,9260971,13008970,17192167,7837846,11030070,4492241,8655669,4382901,6242787,24382969,42822779
313,000861,2017-10-19,-0.016172506738544534,-0.010781671159029615,0.14006161410135684,7340.0,48172.03266508988,702,10392975,5170932,602531,598414,3736635,2050370,2120931,716884,1111026,890453,1226673,471450,1043179,0,0,443361,552000,0
314,000862,2017-10-19,-0.04049844236760125,-0.029595015576323935,0.19127615344385698,9510.0,51473.58306318203,1127,20400259,12981856,1396432,1024966,4694805,3565877,3630892,3835661,6411990,2499761,2032900,1343745,1729240,309258,0,402588,504000,0
315,000863,2017-10-19,-0.021428571428571463,-0.019999999999999907,0.2798848467209327,13034.0,89354.52573814278,625,17660687,8442083,525975,636522,2792340,2296768,1933322,1553463,3207185,1311232,3567478,638834,2506464,2005264,1847973,0,1279950,0
316,000868,2017-10-19,0.010204081632652962,-0.0010204081632654294,0.17396107903643077,51168.0,287027.17132389086,3179,199359951,215750834,1437045,1599963,12907533,13215992,16788055,19829372,33430550,34365660,27775198,28586662,23215076,19302607,17772569,21232171,66033925,77618407
317,000869,2017-10-19,0.05695364238410594,0.0662251655629138,0.7250601235943841,55230.0,308375.0104396874,2713,150589100,254844924,852625,975266,9666075,12669119,14523999,17426342,25592218,30089225,19822486,27123490,15486209,23623079,13050357,21522975,51595131,121415428
318,000875,2017-10-19,-0.024539877300613466,-0.01635991820040905,0.13909124546779733,9600.0,120989.82884223403,1238,28592006,14266140,852704,1945796,4576724,5384724,3253730,2170959,4476322,2094556,3617734,1918565,2002913,751540,1464121,0,8347758,0
319,000876,2017-10-19,-0.006720430107526987,-0.008064516129032362,0.20053278175121353,7430.0,134342.7501436634,1377,38257590,15562103,1416672,1113588,5290285,4221442,4978617,3056735,5405360,2041055,4015548,1288265,1735748,2550913,2238948,0,13176412,1290105
320,000877,2017-10-19,0.007334963325183352,0.014669926650366705,0.23272306058716802,29892.0,177445.05574975433,2782,105432309,139569083,1672314,2309394,11476105,12888151,14382487,13950617,21076980,22733941,17390778,21655728,12461044,8684102,5258495,14174275,21714106,43172875
321,000878,2017-10-19,-0.02785326086956519,-0.02309782608695654,0.2754346201674663,56569.5,337003.3150761383,2860,234928768,192821662,818115,1378294,9906163,12743143,15220014,18897580,30640990,36344671,22440615,20308663,23497884,17372097,19952604,11642380,112452383,74134834
322,000880,2017-10-19,-0.026173285198555996,-0.02166064981949456,0.4943701475897302,8676.0,29792.398611140638,502,4240660,3490861,330709,936220,1761449,1810179,879204,374664,390578,369798,442720,0,0,0,436000,0,0,0
323,000881,2017-10-19,-0.018835616438356073,-0.006849315068493178,0.36712869758147926,24009.0,144555.77633210755,2279,82681447,61025591,1690893,1139445,11655120,9312687,14017533,10902198,16282394,13641564,10628426,7777618,7476054,5867694,5208810,1765240,15722217,10619145
324,000882,2017-10-19,-0.014285714285714235,-0.005714285714285672,0.11413546514780552,6970.0,123709.93622457999,942,23632976,11095278,668446,1089675,2987538,2951086,2593279,1344664,4080445,2135456,2451976,865188,1679539,709765,1366303,0,7805450,1999444
325,000883,2017-10-19,-0.004008016032064243,0.0,0.17249989446980665,2994.0,48374.41898891577,837,9310653,6206078,762055,453784,3314985,1900444,1235258,1058571,2042537,1180411,433365,480068,0,310500,499000,822300,1023453,0
326,000885,2017-10-19,-0.0015455950540959051,0.010819165378670892,0.424525449839353,25661.0,135071.41031094658,2091,66296291,59403454,1580655,1688091,10835641,9662146,11330989,11927350,17131730,12805784,6314139,6991456,4136208,2533041,3203586,1829093,11763343,11966493
327,000887,2017-10-19,-0.03098868666994581,-0.01869158878504673,0.5922155152904575,23981.5,271920.5111294316,1178,63877375,39077791,528984,1067599,4957756,6107593,7103451,5193982,7390587,5871270,4266651,4699321,6097997,3580239,2249066,2169883,31282883,10387904
328,000888,2017-10-19,-0.018181818181818077,-0.009090909090909038,0.38800579385658274,9864.0,74993.54603314865,803,15355383,7582048,772712,615208,3087491,2674133,2631131,1637342,3086414,1787710,2202119,867655,708023,0,1265052,0,1602441,0
329,000890,2017-10-19,-0.03066666666666673,-0.01866666666666661,0.2779946616037936,11025.0,84948.73671616944,728,15464896,10932040,691030,887289,3051574,2850948,2676837,2194476,2372737,1021176,2101753,1215299,1097023,1124233,942232,446255,2531710,1192364
330,000892,2017-10-19,-0.006257822277847325,-0.005006257822277815,0.30879443219398467,7920.0,47924.69617415692,669,9860470,5003663,735122,817286,2548267,1989604,2444637,1024198,1670446,485496,807930,236314,701278,0,425860,450765,526930,0
331,000895,2017-10-19,0.026961770623742387,0.030985915492957705,0.47042065904301295,63299.5,519930.90428002813,2792,198037925,328100387,743745,808985,10402119,9715323,18761501,17102900,34379873,34001183,26604700,21681230,13854606,16481091,12068474,16284405,81222907,212025270
332,000897,2017-10-19,-0.019230769230769273,-0.014423076923077094,0.13707340804447382,5754.0,85657.16337849955,922,16824696,5948505,1108987,1058354,3328423,2007593,2398057,1057616,2238678,1619442,2904341,205500,747814,0,1342710,0,2755686,0
333,000898,2017-10-19,-0.004687500000000067,0.0,0.14347603576575468,12760.0,174396.88671999547,1993,67607907,52002974,1717866,1168846,8555598,6576327,8237972,6764764,9974061,10366444,5982158,4752550,6767240,2996595,4715696,1749112,21657316,17628336
334,000899,2017-10-19,-0.02680965147453085,-0.02815013404825739,0.22628706689958883,10122.0,69241.93800717645,1087,21706290,9751311,1217123,1039025,5124547,4069461,3267659,2363112,4010638,1507862,2236217,296840,633947,0,2592698,475011,2623461,0
335,000901,2017-10-19,-0.04013605442176871,-0.025510204081632626,0.6864037250229613,25812.0,130454.11868829967,1835,70623978,43167743,1354078,1072831,9220713,8694958,10819445,8420582,14447520,8972641,8157047,6129363,5054485,2491008,5431776,902808,16138914,6483552
336,000902,2017-10-19,-0.0019550342130987275,0.004887585532746819,0.2568673794661988,9216.0,63978.34376701174,1587,18343011,22068736,1791785,1623107,5157221,7239477,4855754,3254888,3220099,1722583,1463140,2696752,383532,1086715,947720,1737722,523760,2707492
337,000903,2017-10-19,-0.005025125628140725,-0.005025125628140725,0.13221591406386168,10322.0,84838.62084191431,907,19975973,9947442,759909,1036919,4159804,4256701,3672645,1811919,2930409,1784960,2265297,215571,1104438,0,2703867,0,2379604,841372
338,000905,2017-10-19,-0.047067342505430876,-0.038377986965966726,0.3064350914629892,21256.0,96799.3905848375,2032,68697774,44563714,1002911,1719975,9608201,10683987,11192301,9078654,16541883,10055595,10478150,4222673,6274228,2244772,5718596,2549840,7881504,4008218
339,000906,2017-10-19,-0.02298850574712641,-0.012643678160919491,0.2856763506643256,6852.0,52547.14625306108,928,14087239,8208617,446278,1355747,2960639,2604388,4804760,1483403,3021536,1260360,928804,959769,1088619,0,0,0,836603,544950
340,000908,2017-10-19,-0.005376344086021501,-0.008064516129032362,0.30409887278340647,11130.0,48219.069489949354,598,9023795,8079624,457019,550113,2323907,2699493,2811874,2138484,2418905,1089188,660550,668370,351540,370000,0,0,0,563976
341,000909,2017-10-19,-0.001536098310291778,0.00691244239631339,0.41783327965310174,13130.0,77033.95448674767,971,19570359,12787423,658013,880709,4863522,4972906,3414163,3037985,3566848,1618731,1896734,940892,1392360,0,433924,0,3344795,1336200
342,000910,2017-10-19,0.0023419203747070405,0.0004683840749413193,0.759345378349809,10502.5,86108.66356648643,790,10660839,9423507,578547,842488,1970207,3846096,1505816,1939122,894345,1091961,1140785,675715,0,1028125,413560,0,4157579,0
343,000911,2017-10-19,-0.038029386343993,-0.025929127052722656,0.3306709006227612,11290.0,49924.53605619273,1224,19624535,14133274,762709,1311283,5646959,5981758,4590766,3149757,4606146,2223917,1422607,1466559,696606,0,0,0,1898742,0
344,000912,2017-10-19,-0.040659340659340626,-0.03406593406593417,0.20299705014045433,14096.0,86317.42920950013,2012,42249494,29376461,1620281,2325155,10566622,8476041,8661080,8508589,9860516,5566137,2886014,1800806,1737442,1773914,414240,925819,6503299,0
345,000913,2017-10-19,-0.005711022272986921,-0.002855511136493516,0.9323137522969976,8777.5,70878.83655089354,352,4245220,5232708,229732,453776,1187106,1250709,1200919,775650,561515,1020789,1065948,673384,0,0,0,0,0,1058400
346,000915,2017-10-19,0.004310344827586299,0.010919540229885172,0.9302114110156214,28187.5,135805.18091881892,1400,51245087,46890204,772060,656699,7142224,7307091,6625814,5787849,13527283,8835053,8170773,5489344,5269817,5279984,460980,1376152,9276136,12158032
347,000917,2017-10-19,-0.019011406844106404,-0.012357414448669113,0.29460965425693664,20720.0,174495.27548017006,1275,48619842,31721891,713195,896001,5214776,6065653,4737058,4693189,7953445,8778238,5179237,3657476,4562445,3380337,3088774,1389382,17170912,2861615
348,000918,2017-10-19,-0.009971509971509862,-0.004273504273504147,0.2940984552246296,9772.0,73249.15215900603,569,11988235,8135041,589335,556416,2659630,1682018,1709065,1563083,2717049,1745320,1290552,0,1078759,393108,891340,1691816,1052505,503280
349,000919,2017-10-19,-0.012392755004766554,-0.007626310772164024,0.3409704251821979,15600.0,116216.33489546702,946,22058644,20078531,406144,898860,3308150,5229449,3507757,2555338,7267098,3931192,2830846,2598754,1003935,1456838,1378138,0,2356576,3408100
350,000920,2017-10-19,-0.030379746835442978,-0.021940928270042126,0.313340057367027,17640.0,118491.55255529791,1431,45235470,23775061,971150,970985,7297693,7298682,7907124,5171743,6779450,4306505,4296346,1372945,1417517,1677438,3221279,815724,13344911,2161039
351,000921,2017-10-19,-0.014313597918022003,-0.004554326610279658,0.3243510270029186,27216.0,275793.1857901351,2248,81978562,104385554,1189041,1494405,8840350,13116120,10449037,10080017,15049259,15576432,13327062,10169519,9966005,7611296,7073566,8041733,16084242,38296032
352,000922,2017-10-19,-0.02564102564102555,-0.017094017094016922,0.3055458739514515,12210.0,77895.69824832388,718,17315118,7467015,556018,903798,3211416,3293546,2930352,1946156,2732687,689950,1168847,252141,1299896,381424,2516378,0,2899524,0
353,000923,2017-10-19,-0.048905109489051135,-0.02956204379562044,0.7034651169537945,21200.0,68134.07463023966,1517,41064688,26906242,618359,1347247,7588790,7261356,8787856,6003345,10861711,7020778,6721995,3548676,2382917,1724840,1418665,0,2684395,0
354,000925,2017-10-19,-0.027350427350427364,-0.011965811965812034,0.6844006039850168,13840.0,62340.61280736013,657,14514820,7117741,452102,703411,2742251,2993393,2583558,2170082,4297593,1250855,1224238,0,1040800,0,930520,0,1243758,0
355,000926,2017-10-19,-0.004854368932038722,-0.004854368932038722,0.33408301356790704,12280.0,87475.46114010604,1369,34951503,16698912,1720320,1163458,5506937,4966799,5663388,2659094,10420363,2876389,3225620,1314521,2131983,741900,1343648,849464,4939244,2127287
356,000928,2017-10-19,-0.013431013431013383,-0.01098901098901095,0.2226669428777073,16180.0,71779.34210354411,1353,34048289,17506716,1067205,1507112,6567794,5099274,8775229,4693990,6120210,3346610,4150831,1296775,2706057,396900,2218641,0,2442322,1166055
357,000929,2017-10-19,-0.015079365079365026,-0.007936507936507908,0.5069611989361367,12570.0,41740.172505436254,617,10708858,5705116,426623,437652,2600520,2589979,4109895,1108510,2289860,1317975,524760,251000,757200,0,0,0,0,0
358,000930,2017-10-19,0.005426356589147252,0.007751937984496138,0.25228254447192366,28687.0,150671.20833112148,2616,96834772,111119535,1541840,1168294,14169636,12619197,15012012,12469639,23281705,19445273,10517385,13574892,8926827,12014454,6829874,6637889,16555493,33189897
359,000931,2017-10-19,0.027888446215139417,-0.0013280212483400833,0.22923127769869747,10402.0,51214.175837389404,1079,15527027,11282595,1068140,1112722,4818961,4311814,4198700,1817542,2621855,1893699,1645540,1173118,674681,0,499150,0,0,973700
360,000932,2017-10-19,-0.0037688442211055717,0.002512562814070307,0.15825151453239228,21235.5,152342.52357823026,2538,79372426,82905800,2630191,1896257,13727974,10383904,11217331,9829434,11736683,15069800,10717032,9658296,8403776,8682286,3460653,3324369,17478786,24061454
361,000933,2017-10-19,0.01921132457027297,0.02628918099089983,0.17917282308287774,39507.0,335225.76361809956,3053,216336108,210340341,2073690,963782,13987954,13572773,15764094,16477790,24153020,27903809,21679224,18879805,15014271,11697399,10861682,12936905,112802173,107908078
362,000935,2017-10-19,-0.007417709782104764,0.0037088548910522157,0.4553943516947464,23859.0,107345.28356841375,2245,61927959,56924389,1318761,1364809,11976597,12227236,12541607,12845662,11153810,11825575,7517637,6390817,4807088,2802171,2679102,2640493,9933357,6827626
363,000937,2017-10-19,-0.023400936037441533,-0.021840873634945468,0.13011403013231834,12540.0,152955.04307769713,2432,74369666,58592706,3486976,1684298,10414549,8850015,8653632,8627373,10568126,9886173,6446187,6039395,6352333,4629031,4865230,4456242,23582633,14420179
364,000938,2017-10-19,-0.014606925980633512,-0.003938946331856208,1.4447742822295642,30350.0,220901.94443163532,1779,83768699,71755353,496195,1235742,7372408,11356923,8583141,10086084,12911167,13681404,9730393,5718040,7735517,7679006,5506542,4394413,31433336,17603741
365,000939,2017-10-19,-0.06055045871559639,-0.04587155963302747,0.13065561876621673,19116.0,227364.02340107283,1745,68806874,48910034,809622,1586300,6215649,8579073,7084989,9748899,9580931,7477371,8268811,4448264,3602163,3076425,2132482,813200,31112227,13180502
366,000948,2017-10-19,-0.02716468590831911,-0.02037351443123936,0.41178067389082806,11520.0,52284.18546795689,818,12848310,9711022,720102,799113,3920719,3334403,2172445,1718721,2879973,2037714,1142214,716348,1026787,1104723,434070,0,552000,0
367,000949,2017-10-19,-0.011235955056179692,-0.004494382022471988,0.20734993092917273,8880.0,45038.52956826286,460,7380135,4199531,390636,437803,2325870,1346195,1998870,782477,1107878,829411,1169699,803645,387182,0,0,0,0,0
368,000951,2017-10-19,-0.03605102606766508,-0.0266222961730449,0.3956275879959916,15912.0,84979.10128100324,2079,59050384,26571257,1809080,1868584,10834190,7631216,11291367,6198499,13413708,6128687,5005255,636128,3743176,1457535,2684372,856152,10269236,1794456
369,000952,2017-10-19,0.0011990407673860837,0.0005995203836930418,0.39141516419657074,28304.0,147937.43362621838,1817,66961801,68374906,972564,1187462,8507051,8347197,10697867,10170042,15352900,13662221,7567354,7774403,6657416,5342747,4417054,3565996,12789595,18324838
370,000955,2017-10-19,-0.040561622464898583,-0.006240249609984372,0.29979829208944125,12084.0,48466.829102304015,457,7806397,5034462,345612,378515,1730941,1815263,2241210,1494081,1761030,1017197,893174,0,390400,329406,444030,0,0,0
371,000957,2017-10-19,-0.010156250000000089,-0.007031249999999933,0.28651970895627416,23978.0,164351.62188485102,1997,58263684,78336714,1060185,1379799,9315268,10289570,9822929,9233545,13741967,10796129,6204104,6751084,4888233,7245371,4042577,5333075,9188421,27308141
372,000958,2017-10-19,-0.028169014084506894,-0.023943661971830954,0.16445297803508652,14060.0,94488.02826211977,1866,44463367,33815751,1082766,2192497,8261641,9067420,7361780,6923010,8652743,5758231,5747999,4813084,4070387,2165510,1742020,953628,7544031,1942371
373,000959,2017-10-19,-0.025000000000000022,-0.01911764705882346,0.1792728463097435,6770.0,97548.65096682936,1440,25567277,12864997,2101975,1086662,5711768,3608056,4722307,2330659,3946392,1452752,2168741,1469803,1304500,1057196,851832,850251,4759762,1009618
374,000961,2017-10-19,-0.019077901430842648,-0.014308426073131986,0.15428864962440236,12340.0,127377.15553152871,1664,42457644,30205012,995931,1182639,5314467,9688912,5036289,5237358,8106558,3923319,4646778,1344398,3277166,2666909,2732186,401112,12348269,5760365
375,000962,2017-10-19,0.004081632653061051,0.006122448979591688,0.27873521463058526,11892.0,59781.56511891307,1236,18559143,20157515,1223146,1667289,5435568,6236982,4411620,5106211,3806750,2443126,1928078,1136105,1074461,1004169,0,410058,679520,2153575
376,000963,2017-10-19,0.013800617396041437,0.022335209733066907,1.0632099559026194,39151.0,204589.25551616863,2689,123582405,133623797,604588,832517,11535930,16426916,15376632,14937657,23044617,38451184,12506411,20760585,9595875,14541600,4365907,6851323,46552445,20822015
377,000965,2017-10-19,-0.02954209748892156,-0.020679468242245203,0.1778724550724028,15502.0,107588.64782024757,1450,36996497,32833980,739466,1523432,5950900,7107790,5513397,6618568,5260971,7598874,3186859,3517092,3440702,3450890,2244308,1680754,10659894,1336580
378,000966,2017-10-19,-0.019736842105263164,-0.010964912280701733,0.17449076493249044,8208.0,105746.78327479716,683,13414962,7759719,578159,1033298,2492805,2446800,1827368,964752,2414908,1757275,1415442,837594,332671,0,896710,0,3456899,720000
379,000967,2017-10-19,0.0020304568527917954,0.0010152284263960087,0.3038053892862581,10791.0,72697.46790380901,1051,17665946,16815611,984191,1436678,4498729,3919468,4421667,3424890,3257778,2367683,1936022,1524832,384672,1135694,499247,966820,1683640,2039546
380,000969,2017-10-19,-0.018255578093306246,-0.0040567951318457585,0.27939427490763,12779.0,141991.79248064265,1246,38492568,22695481,1092761,1621388,4869394,5415920,5744559,3643582,5981865,3153918,5440286,2765079,3186413,2322016,3280355,982500,8896935,2791078
381,000970,2017-10-19,0.019987886129618326,0.019987886129618326,0.3059278682319944,50130.0,259574.62333096683,2914,175095118,205165548,1233299,1147461,12383802,12361932,16232345,17390907,36732327,33299439,18210535,20552262,17770989,14990813,11161035,14997790,61370786,90424944
382,000972,2017-10-19,0.004484304932735439,0.013452914798206095,0.14563745665579217,6795.0,56650.95909134791,939,15380973,9130936,1183426,640485,3642089,2927118,3366453,1935334,2585646,1714183,934885,1555401,712610,358415,2264779,0,691085,0
383,000973,2017-10-19,0.003978779840848823,0.0053050397877985045,0.1790050838893519,15190.0,92121.30213969304,1776,40190808,40442500,1099481,2023348,8047463,8044763,6716765,7099712,7729237,9504287,6130272,4203780,3888899,2912541,2159373,849903,4419318,5804166
384,000975,2017-10-19,-0.014295925661186648,-0.009292351679771271,0.45732449039328515,13945.0,115807.41641247344,936,24478391,17327410,1035949,626464,4939787,3173038,3809658,3611358,3792859,4970339,2384286,1965158,995162,391433,1790660,486500,5730030,2103120
385,000976,2017-10-19,-0.008948545861297563,0.003355704697986628,0.4099301830968908,18816.0,111162.3271025689,475,12364516,14069205,344785,400936,2066841,2396525,2457793,2029513,2713468,1807847,1744005,1810275,1106798,1049955,1302226,1310548,628600,3263606
386,000978,2017-10-19,-0.009750812567713929,-0.005417118093174467,0.2866977744676553,5496.0,56415.13040640559,1036,10920813,10308208,1045134,1226007,3553505,2378509,2387335,1367560,2411434,1703116,1111205,987666,0,301035,412200,0,0,2344315
387,000980,2017-10-19,-0.013188518231186941,-0.013188518231186941,0.27011680042636405,29118.0,161649.61695776696,2280,102709450,84531260,1006037,1201846,12096007,10136471,11867503,11169109,20184239,17765626,11458312,11242753,10457365,6002213,6295712,4851294,29344275,22161948
388,000981,2017-10-19,0.0032644178454843686,-0.03155603917301408,0.31138150816720384,10872.0,67434.87055189513,872,17979146,12090526,472469,1111177,3677490,3033083,4752967,3263236,3889187,2901969,1920976,1015277,301365,308784,891031,457000,2073661,0
389,000982,2017-10-19,0.007500000000000062,-0.012499999999999956,0.12067223452514958,12030.0,86382.1280033613,1101,24997158,17985212,759641,970191,5578508,4574676,4143549,2920367,5419314,4474307,3213194,1716548,971920,1047878,0,1268745,4911032,1012500
390,000983,2017-10-19,-0.022110552763819014,-0.015075376884421954,0.188203458072971,29250.0,303873.53759142815,2798,161181798,115794133,1805285,1520897,12767760,11563914,13458086,13475574,21237569,21926694,16699988,15206290,14846569,9993964,10297830,5751196,70068711,36355604
391,000985,2017-10-19,-0.05335968379446643,-0.043873517786561234,0.8234254734097501,14868.0,74708.34921427227,945,22869271,14215533,513868,1065370,4247807,4726846,3275206,3057724,5335681,3762258,4194230,895503,1400430,707832,420021,0,3482028,0
392,000987,2017-10-19,-0.02443280977312401,-0.013961605584642212,0.4801325035921005,11290.0,43395.409713475245,569,9411519,4776262,335429,536846,2312965,2276060,2056274,1350046,3429776,351587,713075,261723,0,0,0,0,564000,0
393,000988,2017-10-19,-0.030337721808815,-0.02232398397252433,0.350933184746167,35962.5,267825.7495239185,2480,170144370,106953327,1142114,1327609,9078185,10203196,11816437,13587669,23984702,21595876,18192414,16530495,15100950,9839580,10625778,6140343,80203790,27728559
