,code,date,pchange_whole,pchange,change_std,amount_median,amount_std,length,sumsell,sumbuy,sell_vol_0,buy_vol_0,sell_vol_1,buy_vol_1,sell_vol_2,buy_vol_2,sell_vol_3,buy_vol_3,sell_vol_4,buy_vol_4,sell_vol_5,buy_vol_5,sell_vol_6,buy_vol_6,sell_vol_7,buy_vol_7
0,000001,2017-11-09,0.010655737704918122,0.011475409836065653,0.2065387696295375,177358.0,1753253.8890820795,3495,1052833058,1242231803,673321,348689,8739248,7176928,15828679,13577258,49540550,44721260,43953875,32665860,30295361,28688319,28188679,29121993,875613345,1085931496
1,000002,2017-11-09,0.00545058139534893,-0.005450581395348819,0.49221770122813296,52155.0,417757.00906291517,3127,231588160,219422085,950531,1315242,11558298,16816698,18330888,23754777,29317577,35242920,22581659,25733370,18011430,15689848,12410467,9626980,118427310,91242250
2,000004,2017-11-09,0.0029787234042553123,0.0029787234042553123,1.4805452501930634,9436.0,28553.52622760244,251,2446958,2183001,152964,332130,799748,1345109,825879,364522,433367,141240,235000,0,0,0,0,0,0,0
3,000005,2017-11-09,0.008676789587852562,0.0,0.20523183336517228,5538.0,42303.63519479625,504,5155607,3870298,549212,495142,1634960,1450423,1238026,910061,724029,576222,0,438450,0,0,457380,0,552000,0
4,000008,2017-11-09,-0.005580357142857206,-0.010044642857143016,0.2840083297997998,8890.0,123033.58316080453,995,21868929,13219518,886062,1473575,4376507,3204930,2527064,1940240,4255961,2308542,2652609,2255707,1051343,0,1781859,444386,4337524,1592138
5,000009,2017-11-09,-0.0012468827930174342,-0.0012468827930174342,0.21014206431353744,13617.0,173565.39422521624,1457,44101922,35575965,1226402,1454052,6105358,5969999,5470950,4483520,6502353,5749942,4426387,2189744,4420666,1698998,4385716,2141895,11564090,11887815
6,000010,2017-11-09,-0.008103727714748765,-0.012965964343598091,0.13113463814053117,17080.0,75123.91108379234,2218,51887330,38476026,1988314,1557774,11909305,9432372,10846893,8734065,12119414,9033759,5643558,2613658,1625735,3023122,1802625,892655,5951486,3188621
7,000011,2017-11-09,-0.0062926061877294215,-0.008914525432616727,0.53773429585878,18870.0,82074.98024420072,1257,29562945,16446072,1123488,1452248,6142933,6494017,5453909,4349902,7716507,3484982,2550681,664923,2026620,0,1410275,0,3138532,0
8,000012,2017-11-09,0.00359281437125758,0.00359281437125758,0.2502536095512523,16680.0,112136.16476897664,1113,27472124,32370877,998520,772593,4956991,4631844,4067911,4776299,5753412,6300627,3574940,4745989,2031890,3153351,1368807,1332086,4719653,6658088
9,000014,2017-11-09,0.0,-0.0024937655860348684,0.8513731616241352,12828.0,43822.38822551158,354,6008455,3573866,327433,400228,2159624,1406201,1411388,743252,1168944,760680,461066,263505,0,0,480000,0,0,0
10,000016,2017-11-09,0.08270676691729317,0.08721804511278197,0.13088954469822373,38349.5,332177.6375401998,2592,129125925,213800500,1418254,1332283,10111068,9564044,13457958,14479293,22176068,26621781,12479499,18628108,12570022,13544009,12771275,11859448,44141781,117771534
11,000017,2017-11-09,0.0013736263736263687,0.0,0.4135617027895871,6552.0,33983.23284812773,309,3303982,1652716,393380,322888,1207541,722245,688720,137779,429301,250804,222040,219000,363000,0,0,0,0,0
12,000018,2017-11-09,-0.005555555555555536,-0.00694444444444442,0.2244566233657526,14300.0,70950.68730873588,1029,19378654,16038306,670508,1018019,3351200,6369344,2978604,3042152,4246691,3118723,2439437,987900,1891511,0,1406973,0,2393730,1502168
13,000020,2017-11-09,-0.020774845592363644,-0.017967434025828233,0.4772861982841974,14084.0,54199.19595161765,1392,28219317,13125655,1345050,1160722,8115418,5706951,6967077,3242750,6040260,1958644,2192140,703188,2413122,353400,0,0,1146250,0
14,000021,2017-11-09,0.04687500000000022,0.029166666666666785,0.18663026143158584,28859.0,371705.87979787786,2650,154074590,164015162,2703095,1156020,11104167,9681715,13297433,10970454,20342909,19110813,13699382,13803111,14563250,14902617,9191397,12211318,69172957,82179114
15,000022,2017-11-09,-0.011646586345381515,-0.012048192771084265,0.8246707216283355,14897.0,77905.9437721934,911,19581598,15083986,870227,896814,5009641,4894327,3448090,3019078,4699627,1469665,1699671,1727142,372600,1633312,0,0,3481742,1443648
16,000023,2017-11-09,-0.011774600504625754,-0.012615643397813292,0.9484121134499591,9430.0,51976.56963303923,628,11169306,4289140,851073,406862,3110289,2063504,1900716,823072,2140876,478403,979452,201025,332760,316274,1353820,0,500320,0
17,000025,2017-11-09,0.008908177249885796,0.012334399269072538,0.9676374511716158,22095.0,91329.28196325815,2047,44671395,60201365,1734830,1932787,10893759,11074602,8608037,10041889,10523843,14245983,4186113,9969737,4664079,2419958,1363636,2336967,2697098,8179442
18,000026,2017-11-09,0.004336513443191636,-0.004336513443191636,0.5435982569736557,11570.0,66255.77287363031,449,8388044,5700635,377910,323668,2410650,1880445,1315004,1155817,1631584,1490271,231200,416154,1075850,0,0,434280,1345846,0
19,000027,2017-11-09,0.003129890453834161,0.003129890453834161,0.23627435399154917,6420.0,64117.19392855778,731,9179613,11508618,612615,1008243,2043621,2636424,1650581,1078948,1289760,4954105,1247732,223360,1353292,300330,469853,404460,512159,902748
20,000028,2017-11-09,0.00913242009132409,0.0028919330289192136,1.974597268414791,13291.0,56036.87037428553,1109,13847479,24703282,589187,2019220,2100545,6030250,3219640,6839740,7246888,5357018,691219,1833295,0,739719,0,452200,0,1431840
21,000030,2017-11-09,0.00356718192627814,-0.0023781212841854638,0.2527165926384523,6736.0,46033.77070828484,1108,12045364,7091010,2362474,1091056,4600566,2257427,1201926,1124177,1148403,926341,657181,531719,700166,303718,1374648,0,0,856572
22,000032,2017-11-09,0.0060344827586207295,-0.0008620689655172153,0.4258716522432124,5785.0,46605.876838531454,742,9867612,4875174,912414,504205,2588159,2079500,2150861,993949,1174721,378404,2310083,0,731374,331144,0,0,0,587972
23,000036,2017-11-09,0.005324813631522707,-0.0010649627263045192,0.25718948852422335,16014.0,129568.47346169538,1333,33052436,26612642,1121670,1184262,7079368,7183622,5281930,4097432,6710106,5267349,4798932,2081099,2347410,1101903,2287667,1332966,3425353,4364009
24,000037,2017-11-09,0.003416856492027387,0.003416856492027387,0.451945460873191,13888.0,53399.96365261021,377,5971597,6121233,402687,312031,1606571,2078639,1769540,1364578,1594671,1012739,239844,772446,358284,0,0,0,0,580800
25,000039,2017-11-09,0.018018018018018056,0.008508508508508372,0.4072917718711364,30135.0,202277.18520597767,2407,109173476,124335498,1137150,1176567,11888130,9295935,13053868,9470908,19588471,18669586,14220343,12875466,7864133,9600162,7776810,11060493,33644571,52186381
26,000040,2017-11-09,0.0,-0.006472491909385036,0.42421356797453424,24736.0,127364.62608930474,1327,33141986,40925819,1009684,390260,6489624,6432069,5295521,11858051,6935475,5687956,1918805,1376028,4076917,2782976,1742829,1330500,5673131,11067979
27,000042,2017-11-09,0.006301197227473354,-0.001890359168241873,0.6255593708400018,4752.0,27174.466846283292,644,5692199,3456682,1570152,280280,1961249,835464,932411,1824698,695936,516240,532451,0,0,0,0,0,0,0
28,000043,2017-11-09,-0.01191567369385893,-0.01191567369385893,0.4056353879894363,10840.0,161906.53387384804,723,18990054,16537540,271655,469472,4067363,2182650,2646647,2156112,3832258,2809148,1676417,1164435,2411303,671160,1336839,804328,2747572,6280235
29,000045,2017-11-09,0.007582139848357317,0.010951979780960519,0.2567503796573987,22819.0,174523.09403726418,2141,71951230,60837558,1482462,1173264,12271737,8947119,11992254,8142529,14713001,12207727,9296550,4011581,4798273,5225817,1297620,3518674,16099333,17610847
30,000046,2017-11-09,-0.0012886597938144284,0.002577319587628857,0.4246851263649985,7730.0,136123.9482596686,333,4901920,7330582,392903,147652,1183188,1056578,974980,591251,1664394,1135673,201761,545213,0,974580,484694,0,0,2879635
31,000048,2017-11-09,0.0037783375314861534,0.0008396305625524292,2.02048055989699,9536.0,68489.55716050597,138,2368620,532484,167832,114513,818805,229261,367215,69310,0,119400,265068,0,0,0,0,0,749700,0
32,000049,2017-11-09,0.020297951582867624,-0.0027932960893856107,1.3416848199286138,26802.5,147359.5141737112,1602,75433616,39130659,641299,684308,8859490,6944213,8057878,6960944,22094207,9500038,8316366,5036398,5565933,2067875,3959256,1345977,17939187,6590906
33,000050,2017-11-09,0.01225179552175737,-0.011406844106463976,0.43387632735439546,63017.5,271808.59260150365,2978,253697923,191626803,909076,924595,12966296,10706309,19834744,15445161,46281727,29471513,30412959,25646669,19726420,19463034,12619495,15413720,110947206,74555802
34,000055,2017-11-09,0.0,-0.007072135785007205,0.21473217330264352,7050.0,61517.536428110696,1084,15545853,8030249,2065741,695464,4106096,2899910,4019560,1923671,2555932,1606194,717557,905010,386650,0,0,0,1694317,0
35,000058,2017-11-09,0.04009163802978222,0.033218785796105266,0.18191274124247347,22670.0,118030.05633094667,2306,51770387,76571971,1810932,1792150,11290232,12918570,10597220,12049059,12366222,16502397,6289410,8511151,2787480,6101696,1852908,3714587,4775983,14982361
36,000059,2017-11-09,0.003780718336483746,-0.003780718336483968,0.25536902051625177,21320.0,193718.0139572398,1717,73502234,53779323,1287368,827598,8088594,5973651,10494059,7243452,11438888,9543550,7375667,8152605,6254432,3234936,4418585,1813782,24144641,16989749
37,000060,2017-11-09,0.002732240437158362,-0.0009107468123861207,0.21970581696783598,12089.0,145119.58754236443,2499,65454636,66118309,1483573,2885882,7819630,11473773,5285963,8580009,9013327,14042705,6055908,6368035,4424180,5213433,3984164,4623901,27387891,12930571
38,000061,2017-11-09,0.003658536585366079,0.0012195121951221743,0.3606945063852265,8230.0,55871.57740332263,516,8971341,6267910,596938,595124,1854256,1869736,1862428,1046287,2780070,862962,1100099,684273,368550,719843,409000,489685,0,0
39,000062,2017-11-09,0.0,-0.00521669341894071,0.8396760430719007,14894.5,50849.20454793155,880,16832180,10961560,957746,858636,4832700,4920064,3991693,2130918,3604840,1967608,666453,675318,1023930,0,1206738,409016,548080,0
40,000063,2017-11-09,0.06687022900763351,0.042137404580152804,0.5504317160890813,325435.0,1300860.5252080376,3541,896093654,1253527312,133846,69984,3936145,3911444,11524996,11551241,36735621,35849517,50236380,64104004,60965661,53692487,56031462,57119494,676529543,1027229141
41,000065,2017-11-09,0.0026631158455392434,-0.004438526409232146,0.6788258196910433,11260.0,71156.56243472439,1101,19621057,18577958,986782,1148906,4812987,5660721,2743697,2382391,3498991,3630532,2837669,2052731,711361,368836,1764765,2658841,2264805,675000
42,000066,2017-11-09,0.014211886304909438,0.010335917312661591,0.1683760374674423,21952.0,173040.9285384827,2115,66519656,92144780,1545651,1447233,10215081,8653312,10352974,10655609,10565518,16364707,7339818,9316319,5158883,8042866,4036011,6869324,17305720,30795410
43,000068,2017-11-09,0.0031796502384737746,0.004769475357710773,0.26540790731559155,9465.0,46711.59590518376,561,6553137,7669751,413611,482941,2433765,1729156,1591933,2423630,1081479,1837275,487399,466880,0,729869,0,0,544950,0
44,000069,2017-11-09,0.018050541516245522,0.012033694344163681,0.16508005224053443,9251.0,210163.203824602,2536,49978088,91453781,732713,3336151,7295156,12394009,4394884,8794909,7112126,6665776,5698212,6697161,5106664,5983910,1310402,6050066,18327931,41531799
45,000070,2017-11-09,0.03499079189686927,0.02117863720073676,0.3246040979902088,16410.0,140876.55284102933,1119,23003976,27837400,843410,602974,6468641,4572290,4006664,4789025,4413231,4721024,2254147,3265188,1370425,1419718,1823621,2193374,1823837,6273807
46,000078,2017-11-09,-0.004893964110929905,-0.00815660685154973,0.14581722757537108,8498.0,128686.40639293923,1770,37716652,34104929,2168601,2026837,5941510,5808622,4627373,4813934,5736816,3654069,2281075,3309767,3228538,4008863,956377,0,12776362,10482837
47,000088,2017-11-09,0.0034762456546928444,0.002317497103128563,0.27878126725155794,11362.0,78746.87708524006,958,18665372,16978316,995408,999338,5093501,3499495,3555554,2738042,4123114,4277185,939499,247648,1630173,1060046,434999,1808880,1893124,2347682
48,000089,2017-11-09,0.01118568232662187,0.007829977628635465,0.2427359965657383,21552.0,146445.13676965216,1357,39814627,41721691,1023254,952581,5871860,8809022,6331776,7538632,6390799,5935995,2707506,5237030,1408966,1379349,3476627,2181411,12603839,9687671
49,000090,2017-11-09,0.007421150278293043,-0.002782931354359919,0.24300638043104258,5380.0,70627.82777992937,1970,23149787,23302306,1044724,2915580,4751485,7664426,3863468,3861502,3975211,3646226,1578763,1592139,1331970,654320,422967,1340902,6181199,1627211
50,000096,2017-11-09,-0.002223869532987366,-0.004447739065974843,0.7641281279932898,12150.0,41349.982026495556,311,4480209,2673871,288532,284387,1599936,979498,1668497,681664,372254,289282,550990,0,0,0,0,439040,0,0
51,000099,2017-11-09,0.005730659025787732,0.01241642788920716,0.3199111231358174,8464.0,68673.70312297427,1071,15225810,14590561,941792,1780169,4124007,3467809,3141351,2855538,2977045,2597130,1716006,1310795,722009,2150897,0,428223,1603600,0
52,000100,2017-11-09,0.059196617336152,0.01691331923890038,0.08043044650079453,95560.0,760489.1899402202,3482,520870443,607865539,860518,821294,10823980,11934156,21103091,20172207,37676470,36431957,39522219,44493182,30036398,31728368,29100891,26591836,351746876,435692539
53,000150,2017-11-09,0.020795984223735964,0.024022947292936525,0.9483998234567604,17166.0,193982.13145535256,865,18000476,41183835,699688,536266,4330396,3015980,2825881,2888829,4027549,4800741,1884832,9168207,982881,4138157,0,3060566,3249249,13575089
54,000151,2017-11-09,0.0012484394506866447,-0.0012484394506866447,0.7297557126469826,16000.0,72369.19242656493,481,11333848,6797255,443085,433783,2227415,2395414,2873692,1426064,2048883,1728848,1294626,484941,767087,328205,0,0,1679060,0
55,000153,2017-11-09,-0.0021834061135370675,-0.0065502183406114245,0.3615921009597969,8208.0,68506.9067811409,641,10982779,5019507,795837,653223,2488159,2807280,2065955,1127564,1274693,431440,769552,0,683900,0,455000,0,2449683,0
56,000156,2017-11-09,0.0014194464158978626,0.004968062455642297,0.4506215134904515,4251.0,87665.30701131021,977,15368452,15098712,381489,1918525,1960479,2281558,1271952,1860742,3476480,2103527,2631180,3048629,2075000,0,443208,1777699,3128664,2108032
57,000157,2017-11-09,0.00219780219780219,0.0,0.0931632274130405,6810.0,118445.25432907055,2394,30995150,42476871,2042183,2463994,6914388,9750655,4125780,6611508,3358323,4861499,1959696,3730084,2860630,1368384,1824105,1341889,7910045,12348858
58,000158,2017-11-09,0.004184100418409997,0.008368200836819994,0.28438812039701344,16484.5,90551.24125370951,1130,22093033,24536740,1029245,1083867,6039611,5377041,5164447,4484131,4800468,3667898,3421264,1532680,677998,1061833,0,428739,960000,6900551
59,000159,2017-11-09,0.004893964110929794,-0.0016313213703099683,0.2874508244539648,9792.0,42515.877026309216,454,5801683,5024417,396984,447949,1691727,2397868,1172671,1133004,1105953,538642,1055520,506954,378828,0,0,0,0,0
60,000166,2017-11-09,0.0017605633802817433,-0.0017605633802816323,0.14017044898782927,12012.0,226070.06607711143,1645,57294320,35280194,1504835,1007452,8007611,6162362,6621751,5447345,4512169,5137280,4234718,1290711,2432475,1735693,1855366,840677,28125395,13658674
61,000301,2017-11-09,0.02977232924693518,0.028021015761821477,0.11546001234064464,20440.0,118323.65714038239,2452,56450177,88932913,1479802,1851285,10378024,12711246,11336878,13188645,12467356,17863027,6906751,9337009,2006478,9720644,1350474,3097747,10524414,21163310
62,000333,2017-11-09,0.019972852433585375,0.004459957339538523,0.8775182369034552,197030.0,1188939.972435931,3455,847565634,893045606,141754,238269,7439027,7764190,15028856,17457819,36059629,39642381,31607841,37822316,43276156,50323586,31296293,41733942,682716078,698063103
63,000338,2017-11-09,0.01985981308411211,-0.007009345794392607,0.14791095974598278,43605.0,310851.5841090925,3357,221297518,190563460,1708796,1617321,13307243,16460869,20119048,23666495,27197890,34589188,19967195,23726738,14827295,17734683,12070399,15778608,112099652,56989558
64,000400,2017-11-09,0.008684034736138768,-0.0013360053440214514,0.3795841085861669,13437.0,180444.62166309234,1555,52261650,37836974,1202364,1015281,5740613,6744682,4453732,5658459,8200304,4835468,6060083,5244356,4081826,3064494,2634574,2136161,19888154,9138073
65,000401,2017-11-09,0.0041522491349481605,0.006920415224913601,0.2840249868043906,29000.0,195252.04752923557,2589,110277508,141688697,1246368,1512299,12651052,11997266,11055782,12582386,16911613,21666168,16047265,14743560,8946982,13864521,5471819,13177477,37946627,52145020
66,000402,2017-11-09,-0.007950530035335635,-0.012367491166077826,0.25374564327210375,12320.0,137793.2270835087,1991,65116770,44062099,680089,2228002,8693873,6473764,6189539,5338191,13755643,11209059,13125811,6493216,3927895,2621468,3119062,914459,15624858,8783940
67,000403,2017-11-09,0.0015160703456642555,0.0009096422073984201,1.3408956104251895,29713.5,384146.7666583167,604,39476416,30392356,478153,461315,2544783,2594997,3021810,2435317,7405002,3250500,3899195,2096129,2067252,2693881,954650,1817413,19105571,15042804
68,000404,2017-11-09,0.013698630136986356,0.0121765601217656,0.23934164787911252,18396.0,88027.3307942842,753,16918453,20739454,632841,559228,4146210,2625494,3485694,2985636,4082714,3914491,1611960,2724575,1717200,5491215,0,961413,1241834,1477402
69,000407,2017-11-09,0.010430247718383301,0.016949152542372836,0.29379750884087424,15380.0,114692.44534185328,681,16707630,16406563,456906,554920,2911392,2924058,3125131,2971215,3303803,2890924,1804408,1005820,3147410,1153224,1370316,465244,588264,4441158
70,000408,2017-11-09,-0.0061452513966480105,-0.012290502793296021,0.4570304683799274,28832.0,131432.16661396137,1535,55947581,45467302,679013,1179819,6657433,11812573,7846610,8052140,11647500,6897208,6949504,4106429,6792872,4504864,2297802,1723115,13076847,7191154
71,000409,2017-11-09,0.008968609865470878,0.002989536621823552,0.2843293625944426,10736.0,102024.18692122718,553,9168642,9519804,475703,477773,2132654,2443436,1918205,1183332,1882541,1303084,1405228,464139,322560,0,0,0,1031751,3648040
72,000410,2017-11-09,-0.002159827213822796,-0.001079913606911398,0.3134949809142958,12957.0,77386.70451858612,872,14818344,16834027,815617,957249,3809244,4380061,3203923,2980989,2373661,2476369,1402323,2427010,0,1478250,866073,898079,2347503,1236020
73,000411,2017-11-09,0.0009478672985780978,-0.00805687203791472,0.9744848122650412,2102.0,43205.844356349786,468,4114682,846612,799860,92527,922732,457340,530017,170266,275826,126479,524971,0,342789,0,0,0,718487,0
74,000413,2017-11-09,-0.00375939849624074,-0.008458646616541388,0.19096815728403935,57294.0,320661.98878514505,3107,253485196,202489371,973950,839891,12960573,13314235,22104049,19616485,39941320,28165673,28747680,27860833,21950629,20543134,18258066,12476389,108548929,79672731
75,000415,2017-11-09,0.004629629629629539,0.0,0.1331907716732739,3900.0,98196.95470865462,2370,26107491,30724093,811014,3542524,5315757,8195987,3338044,5452516,3176562,5829432,1246283,1298061,660476,1362673,0,0,11559355,5042900
76,000416,2017-11-09,0.006756756756756799,0.006756756756756799,0.41766342181957694,10416.0,40505.87655338345,313,4229942,3722485,341510,340099,923707,1462671,1106938,782402,1526866,918577,0,218736,330921,0,0,0,0,0
77,000417,2017-11-09,0.0034522439585731313,-0.00575373993095496,0.3052387044047112,8705.0,85418.10600058427,810,18868214,11707638,1062664,849144,3034293,2194362,4783084,2141621,4372384,2368591,2972599,1246671,1375324,303800,1267866,911900,0,1691549
78,000418,2017-11-09,0.037197231833910216,0.03840830449826993,1.3254861290497917,17736.0,182084.45335028012,1905,51855982,60374596,1236537,977229,10449960,9237542,7883806,8861395,8318727,9190025,2998793,6017289,3393406,4024327,2704180,3025344,14870573,19041445
79,000419,2017-11-09,0.0045317220543807935,0.0,0.4291581737056392,7944.0,39067.4436088145,237,2928509,2556934,231226,228250,845541,969701,935864,769927,614694,132400,0,456656,301184,0,0,0,0,0
80,000420,2017-11-09,0.009523809523809712,0.0031746031746031633,0.14669563028470428,4740.0,47606.50542971745,461,5099398,3955647,393830,411621,1148983,1011248,2096941,1018254,569807,341722,503685,570822,386152,0,0,0,0,601980
81,000421,2017-11-09,0.02489019033674955,0.030746705710102518,0.23313157985616667,4188.0,131658.01262854182,861,7316791,18027130,877789,1051505,2433775,1902998,1209742,595686,377060,1903323,289800,915850,337400,350898,0,420000,1791225,10886870
82,000422,2017-11-09,0.004376367614879584,0.004376367614879584,0.15337264966282949,12795.5,89957.77128031147,888,13748786,19333714,517432,931441,3376687,5278369,2858620,2165754,2250378,2872776,1222700,2171509,733489,0,1781786,1814088,1007694,4099777
83,000423,2017-11-09,-0.001553277415346277,-0.005436470953712247,1.2866769162062184,44814.0,306182.3182908584,2503,159361968,127534249,750524,1301912,13557252,12058423,18913720,15514374,21011276,19958684,17556216,13014626,11338729,9012507,5828583,9263054,70405668,47410669
84,000425,2017-11-09,0.008086253369272267,0.005390835579514919,0.07346528744042631,8228.0,130414.25071381734,2567,29210095,67408635,1151640,3357932,5731900,12837467,4287546,10502354,3124338,11234786,2886954,6676563,326002,4623611,1743465,2653062,9958250,15522860
85,000426,2017-11-09,0.0009560229445506607,-0.004780114722753415,0.30490472145402486,12504.0,102906.46710240887,1177,27230715,22410421,1017691,569131,4366624,7251095,3139881,2717156,6374352,2545907,4081988,1576778,2030868,986693,878231,481520,5341080,6282141
86,000428,2017-11-09,0.0,0.0022172949002217113,0.2765822689779551,8118.0,62435.480777246004,265,2988231,3999595,226690,286432,1149499,958927,382027,592172,227535,905962,234150,237442,768330,0,0,479424,0,539236
87,000429,2017-11-09,-0.004836759371221189,-0.006045949214026458,0.2637144928628465,4789.0,61420.72027366415,983,13810160,5504073,1157820,612305,3416647,2233999,3549751,1473997,2068826,713191,734432,470581,651784,0,0,0,2230900,0
88,000430,2017-11-09,0.021966527196652708,0.0,0.6743701950709269,5730.0,35166.92012810336,200,1948473,1625380,190146,249576,776311,501901,484106,303947,497910,273262,0,296694,0,0,0,0,0,0
89,000488,2017-11-09,0.005889281507655886,0.004711425206124664,0.3380188912122044,24052.0,153570.2581941866,2524,96041641,93567072,1420677,1328737,10974315,11451030,16455041,11114405,20224921,18136818,13068212,9359586,6950199,6638525,4092927,4878558,22855349,30659413
90,000498,2017-11-09,-0.008064516129032362,-0.008064516129032362,0.199472206247637,5952.0,36814.763613719246,1393,16657047,7723772,2070769,742202,5767126,4256857,3253235,1486380,3949737,698233,441769,540100,0,0,444298,0,730113,0
91,000501,2017-11-09,0.0011376564277589818,-0.0005688282138792689,0.5527726658275316,12271.0,70228.2923210866,1011,17038268,15653923,706141,928700,5255690,3412933,3196090,3756659,2096269,3026778,1731174,1875252,654001,351000,912517,486135,2486386,1816466
92,000502,2017-11-09,0.03579952267303099,0.03261734287987261,0.294361332273168,22986.0,117098.35432329476,1826,47370293,55301040,975302,1359736,8644684,9816853,8230285,8770713,10179459,12262112,5579642,6509434,2006007,2798962,3010657,1335008,8744257,12448222
93,000505,2017-11-09,-0.015794669299111552,-0.02073050345508398,0.4320927035934048,11964.0,150046.11989113197,549,16735439,7580697,340937,645888,2839586,2285354,1976459,984733,2495460,1495754,1818908,455600,1068700,312374,943210,400995,5252179,999999
94,000506,2017-11-09,0.006273525721455453,-0.0025094102885820924,0.37211335337803597,10322.0,60457.8772578766,458,7679641,5217327,438148,431143,2445804,1563456,1041726,867712,1520569,769979,471042,427967,701318,713625,471835,443445,589199,0
95,000507,2017-11-09,0.0029097963142579175,0.0009699321047527132,0.21660513813142085,24864.0,118256.97536070876,2267,69937644,67076518,1291804,1177941,11787039,10901165,12234145,11444445,17819319,13860574,7842394,8073508,5295917,6921772,1714124,6612442,11952902,8084671
96,000510,2017-11-09,0.0022371364653246406,-0.0022371364653243075,0.30424460060610525,10680.0,75310.74123183382,863,17594384,9892526,1044445,1001585,3581241,3719044,3685984,1558083,3384893,1794526,1440486,543552,738290,629036,452364,0,3266681,646700
97,000513,2017-11-09,-0.0012515644555695093,-0.009734390209984789,1.3712651956847641,70830.0,335422.99114457896,2751,209231009,235788325,917137,1191825,10534592,11239736,16610071,17520067,31294430,27342892,26522880,25950582,20192503,20442950,15461819,15322880,87697577,116777393
98,000514,2017-11-09,0.015449438202247201,0.012640449438202195,0.2375529743926174,12359.0,73131.48686244739,898,12223034,17722849,831394,888106,3569330,4431922,2336409,3434426,2543255,2433394,495803,2598456,0,1035928,404939,924806,2041904,1975811
99,000516,2017-11-09,-0.007736943907156735,-0.007736943907156735,0.18088077848293793,9234.0,89988.76587552651,817,15759427,9314153,579114,704709,3328031,2504019,2819588,1810753,2789859,1001976,1004260,2022706,681653,0,0,496975,4556922,773015
100,000517,2017-11-09,-0.02546296296296302,-0.02777777777777779,0.12389206820029335,9240.0,162866.90066256133,1219,37108348,24795430,766912,1357326,4049997,4558389,2696319,3647711,4009062,2411427,4506540,1667434,3475528,2693571,7318128,1283710,10285862,7175862
101,000518,2017-11-09,-0.004070556309362261,-0.005427408412483015,0.32174786229560176,9548.5,64648.31381670097,524,10027713,3962944,575088,525237,2903404,1268228,2732539,620138,645224,637661,498440,0,1707510,0,431148,0,534360,911680
102,000519,2017-11-09,0.0010787486515642097,-0.0010787486515642097,0.28725443438510306,12012.0,55778.86294551135,1041,17494021,14634930,1128711,957952,5661033,3993433,4788138,2394865,3690164,2335499,1543060,2278551,682915,1028014,0,417600,0,1229016
103,000520,2017-11-09,0.0020661157024792765,0.0,0.17649079648782595,7274.0,72506.45869565422,752,11596332,11647272,752859,867936,2439549,2810904,1422493,1818101,2594951,1850607,922657,1855138,1755164,340900,429254,1373714,1279405,729972
104,000521,2017-11-09,0.0265486725663715,0.017699115044247815,0.19939799271172112,17010.0,146327.83578608747,803,21166063,29486907,580455,582245,2969578,3578178,2837055,3350657,3626273,5399769,1562880,3948940,2962107,3517123,904856,2300796,5722859,6809199
105,000523,2017-11-09,0.02611534276387384,0.0043525571273124175,0.49553906271566106,9240.0,81653.56464221637,343,5762457,5136374,387269,409552,1708494,1323819,1289445,573624,1318789,312697,698100,240240,360360,0,0,0,0,2276442
106,000524,2017-11-09,-0.0024019215372297342,-0.0024019215372297342,0.524639374521638,7500.0,47661.655003355256,566,6391134,5167274,243986,691287,1064796,2664381,1576772,1209642,1881493,108188,536500,493776,338787,0,0,0,748800,0
107,000525,2017-11-09,0.01744680851063829,0.009787234042553106,0.5728598040162363,28152.0,146430.34102838545,1684,68028841,61782842,776805,1018153,6965313,10461845,8105441,7946515,10953391,12803548,10304068,8821544,6650713,2683068,7649555,4131770,16623555,13916399
108,000528,2017-11-09,0.004914004914004844,0.0036855036855036882,0.17396290460221123,6552.0,75310.83499849169,2191,31637506,34488935,2117798,2435072,5776255,7997461,5952101,6754651,5802567,5341829,3172129,2517067,2334238,3106535,2149037,2758007,4333381,3578313
109,000529,2017-11-09,-0.010178117048346036,-0.003816793893129833,0.4006993931391828,9414.0,51564.37868278865,384,7029878,4086259,275065,552529,956749,1776197,1651734,907554,1777761,619681,1393351,230298,975218,0,0,0,0,0
110,000530,2017-11-09,-0.0046511627906976605,-0.018604651162790753,0.19055566735051913,13440.0,114354.26986636632,1146,29885108,18537094,872412,1191946,6584060,4668163,3290081,3103574,4550562,2876178,2690445,1280654,1302675,1348501,1298788,0,9296085,4068078
111,000531,2017-11-09,0.0022988505747127963,-0.0034482758620688614,0.30169725272602727,13035.0,79043.41362013752,831,21513822,11648942,751291,829426,4111166,3164485,4499482,1748074,3487308,2656894,2612369,1506704,3177798,0,842146,427431,2032262,1315928
112,000532,2017-11-09,-0.0177646188008882,-0.01702442635085122,0.3423868950573125,20115.0,228492.5539867631,1559,53797719,56803638,886413,1401813,6208857,8166941,5846393,7018950,10922032,7493141,7862263,6606172,3461072,2371168,1226598,1778999,17384091,21966454
113,000533,2017-11-09,-0.0010101010101010166,-0.015151515151515138,0.43313476425451375,12726.0,149347.39671349165,522,14901134,12134515,517940,631162,2454208,1574826,2519274,1257314,1981103,2055249,2269703,1382183,0,976756,1432783,410745,3726123,3846280
114,000534,2017-11-09,0.004095563139931757,-0.006143344709897636,0.8636208242157182,2924.0,117186.34283917594,287,4875646,1563005,182444,362315,890277,669001,360005,210418,388150,103731,0,217540,0,0,0,0,3054770,0
115,000536,2017-11-09,-0.003656307129798808,-0.003656307129798808,0.2236091544618153,10326.5,69576.9989762373,598,10802300,7649738,574129,545864,2307712,2268532,2301476,1924725,1680996,1593627,233820,260331,1059768,380165,886003,0,1758396,676494
116,000537,2017-11-09,-0.01631205673758873,-0.015602836879432536,0.395908531199319,19404.0,125251.92903062719,1269,30808089,30983705,935583,865536,6102028,7153900,5423089,5131461,6342215,4684978,2342146,4061997,2788183,1712729,2697128,1272714,4177717,6100390
117,000538,2017-11-09,0.0029644268774702276,0.005928853754940677,1.857756401561679,60744.0,712501.0799848275,2969,277011540,331922572,8465,0,7964672,15920378,15475348,18128519,36197042,36379907,20022159,22794788,15529990,16191017,18467980,13740678,163345884,208767285
118,000539,2017-11-09,0.0,0.001945525291829009,0.2255056271899059,4112.0,66569.26974358616,519,3366392,6224924,225849,902271,1162148,1611296,660145,473269,532548,824772,456794,273429,328908,0,0,462600,0,1677287
119,000541,2017-11-09,0.013086150490730475,0.008724100327153872,0.23525519302056655,10131.0,143424.79240375603,1520,25234176,36010031,1756387,1555388,5125441,6947580,3772323,5119567,3713922,5347540,2751148,3463475,2410250,2432857,869886,1305714,4834819,9837910
120,000543,2017-11-09,0.0018348623853210455,0.0,0.20956972470426663,10930.0,60710.795947011204,676,13525198,6932672,591864,355719,4633907,1920548,1460792,947912,4371512,948428,931436,1343378,1046087,711255,489600,0,0,705432
121,000544,2017-11-09,0.014757969303423879,0.001180637544273777,0.6650126572660373,13595.5,46320.566768937555,648,10962188,6575818,634371,520922,4174851,2463258,3183306,1287022,1734237,1305083,292716,587162,347475,0,0,412371,595232,0
122,000545,2017-11-09,0.009208103130755152,0.005524861878453136,0.15839128012314194,8197.5,54878.965112646714,1176,14222536,16385920,917106,1122126,3131538,5228886,2735445,3987207,3206635,2533710,1681556,2243711,662986,1270280,473472,0,1413798,0
123,000546,2017-11-09,0.01808219178082182,0.008767123287671152,0.5235434404302196,18440.0,80087.42303252935,1215,31946287,22007037,1018109,993910,6103142,5142730,7099156,4561547,8668409,4509473,4076500,1941429,2123214,1744605,479346,0,2378411,3113343
124,000548,2017-11-09,0.0027816411682892728,0.0,0.35645272627661756,10087.0,49013.29530248113,406,5501489,4212216,356913,422296,2180952,1897194,1036423,610060,1001728,509382,215400,434884,0,338400,0,0,710073,0
125,000550,2017-11-09,-0.006511123168746691,-0.009766684753119925,0.5827207199851401,25704.0,71169.08125990284,1000,35563437,10635390,581002,776258,7356299,2873906,10632405,2389215,11612692,1507200,1895084,1467687,1128911,657706,473980,963418,1883064,0
126,000551,2017-11-09,0.002272727272727204,0.0,0.4352123554196053,16720.0,55552.18079259095,408,6330470,5190914,428388,407131,1819578,2496732,1225883,1208367,955532,586440,1105569,492244,0,0,0,0,795520,0
127,000552,2017-11-09,0.008000000000000007,0.002666666666666595,0.08535164550476411,1885.0,65880.05806307905,1940,22986328,18834711,1488538,930336,5841642,3461622,3245566,2976682,4262177,4356935,2205951,2173758,2896438,2037959,0,880053,3046016,2017366
128,000553,2017-11-09,0.0018061408789886713,-0.0012040939193256328,0.35208157264679907,29628.0,136235.23381729145,2227,75805874,74398569,1508860,1279442,13194725,10604271,13334197,11653585,15323351,16896009,7279186,6666871,8679363,6491379,3149985,3528457,13336207,17278555
129,000554,2017-11-09,-0.01076426264800856,-0.020452099031216364,0.24414131116208024,18340.0,117014.8603387436,1448,50365011,31448692,1379139,1391916,6658691,6334498,6105309,5563584,9253511,8781454,7008163,3388127,4834071,1425584,2715690,2234285,12410437,2329244
130,000557,2017-11-09,0.005597014925373012,0.001865671641791078,0.22171468208259276,6420.0,69605.63060925502,584,5702917,6355185,496783,622990,2266834,1738244,1564405,1221228,1067020,602146,0,663892,307875,0,0,0,0,1506685
131,000558,2017-11-09,0.0066225165562914245,-0.0033112582781458233,0.2339515137550209,9030.0,49587.58763487775,666,10179144,5792026,719886,636159,3199381,1915800,1767521,1319125,1404188,1395729,1009379,200196,716092,325017,1362697,0,0,0
132,000559,2017-11-09,-0.000853970964987294,0.0008539709649870719,0.25405859514310863,29125.0,111644.29294584939,2125,72280769,66663676,1148798,993152,10533825,10895682,13716292,12237837,14799683,14694392,11581413,9602720,4104143,4598450,3106660,4582720,13289955,9058723
133,000560,2017-11-09,0.032692307692307576,-0.0038461538461539435,0.25040502068905535,20500.0,104644.31195140761,1726,47664444,38178025,1104511,1099702,9259169,8665653,9730471,6740467,9195246,7295963,6166304,6423524,2003043,2315182,2728485,418407,7477215,5219127
134,000561,2017-11-09,0.004314994606256839,0.0,0.30055738516856567,6502.0,46017.0027468134,951,9707852,8973620,692984,1625157,2861291,3188116,1575158,1625559,1497863,1170450,1526072,1364338,345030,0,434304,0,775150,0
135,000563,2017-11-09,-0.007766990291262155,-0.007766990291262155,0.12524536210143677,5130.0,120148.45717120483,1693,33653261,22918115,1627288,1872234,3671013,4436575,3190436,2104788,4284102,2977368,2695668,3414348,1036252,1275543,0,465948,17148502,6371311
136,000564,2017-11-09,0.005484460694698434,0.0,0.1519242564957802,5460.0,71988.84498359052,1297,11660733,20440063,610986,1618696,2495116,4376676,2397605,3606728,2084521,3712060,463266,2072819,704945,2084279,954711,943109,1949583,2025696
137,000565,2017-11-09,0.02836004932182501,0.03082614056720101,0.25027083675409095,15336.0,77897.05398842982,1051,19768558,21162171,916017,1111489,4294183,5097236,4221378,4493412,5137868,2989957,1891218,2359085,1076266,1967760,403260,866473,1828368,2276759
138,000566,2017-11-09,-0.00605143721633894,-0.005295007564296572,0.4027652105551001,15936.0,202270.35084668713,1077,40904412,43617535,830314,876686,3576940,5388807,4619257,3978114,4197616,5592400,5624726,3202028,3625043,609337,1823997,404430,16606519,23565733
139,000567,2017-11-09,0.02092380576391628,0.018160284247927372,0.7106432588140305,23301.0,149281.80231226026,1271,37441808,35610720,840046,688501,7514671,4899781,8812011,5384445,6756134,7232040,1869777,1918195,1378867,2606526,447724,0,9822578,12881232
140,000568,2017-11-09,0.027718223583460988,0.003215926493108867,1.1678821531574801,105583.0,415790.2198458354,3129,353944210,400158049,492697,718528,7553029,10372402,15676162,22272872,38453791,40887100,33643985,39649462,27514154,30414744,20312045,20076722,210298347,235766219
141,000570,2017-11-09,0.0030674846625766694,0.0015337423312884457,0.35521955215989726,12378.5,40862.89789763146,336,4841139,3591950,224155,401475,1520871,1674449,1394586,713680,767440,302252,633442,500094,300645,0,0,0,0,0
142,000571,2017-11-09,0.0015037593984961184,0.0015037593984961184,0.2075076059798766,2007.0,34147.61748915525,1027,8798166,7135811,915187,478877,2788213,2886748,1774788,1429476,2540517,1710229,779461,201600,0,0,0,428881,0,0
143,000572,2017-11-09,0.02115384615384608,0.02115384615384608,0.1116601457940894,23705.0,251771.55839460198,2176,81527803,91663354,1660469,1129085,10570550,8162662,9897704,10059458,14172346,16529345,8155434,9474902,5142711,7507830,4466580,8127735,27462009,30672337
144,000573,2017-11-09,0.003676470588235281,0.0018382352941175295,0.26843110065735487,9222.5,50988.742430897895,410,4957414,5456186,287157,365630,1537091,2017593,1025939,1111911,468073,683239,1206354,499544,0,336810,432800,441459,0,0
145,000576,2017-11-09,-0.003669724770642313,-0.003669724770642313,1.0341358084763619,13024.0,474345.6542858539,249,4814445,11420822,246049,275737,951852,1148023,993928,373679,1084429,691939,1126303,0,0,0,411884,0,0,8931444
146,000581,2017-11-09,0.012249897917517405,0.004491629236423211,0.5661430135007409,24770.0,273219.1209664312,1872,83354193,86919259,860052,1627815,7050012,10097603,7380180,10106044,12325381,13209531,9757398,9801363,4195984,4415043,4517178,2585855,37268008,35076005
147,000582,2017-11-09,0.034996276991809516,0.014147431124348353,0.29282177959564976,24354.0,115191.72255242217,2106,56017908,60942777,1283685,1153585,12808777,10946952,9843813,9999949,12219833,12480123,4398843,7142052,3090242,2697299,4306831,3627936,8065884,12894881
148,000584,2017-11-09,-0.007166123778501565,-0.007166123778501565,0.4762890885214672,19799.0,91385.76190249235,1038,29263559,22566653,812470,567471,7319115,2884144,6027287,4366057,6953158,8705206,1803115,2125581,1598800,1905734,0,461100,4749614,1551360
149,000587,2017-11-09,0.004559270516717451,0.006079027355623046,0.17694978013577722,14586.0,274573.65005202923,1384,34390032,64328272,906590,1200050,5174109,6643897,3997829,5825617,6886584,5087573,3146968,3587064,2704538,3489106,886125,2650695,10687289,35844270
150,000589,2017-11-09,0.003960396039603964,0.001980198019801982,0.2386460749968484,6096.0,43196.45089225736,447,4783600,4783204,443834,502007,1312287,1572359,1010644,1241132,981811,883506,0,207772,609828,376428,425196,0,0,0
151,000590,2017-11-09,-0.008069939475453869,-0.01882985877605914,0.6002591116956021,5932.0,41902.180177528855,613,6459009,5416633,859866,505610,1651216,2322549,1533186,1260444,926255,287912,771143,0,302470,1040118,414873,0,0,0
152,000591,2017-11-09,0.02083333333333326,0.0064102564102563875,0.1624992812508644,12420.0,113239.37928120993,1476,29050515,31973105,1362272,1097102,6141579,4764987,5323908,6082473,7663996,5509037,1926416,3236271,1056909,1647010,440376,979446,5135059,8656779
153,000593,2017-11-09,-0.0008554319931565191,-0.0017108639863130382,0.5045790624692594,11700.0,147350.03213501614,536,11898668,13189127,483395,513822,2149335,2580318,1755491,1518358,2521209,2218318,724836,1245705,1410152,697150,466000,913382,2388250,3502074
154,000595,2017-11-09,0.032478632478632585,0.022222222222222365,0.1453913421742475,15250.0,80558.48550679132,1621,29785743,41571611,1237071,1463422,6091639,7404620,6511255,8696771,7496742,9463746,2317359,4514985,2315378,4367294,1305243,1711779,2511056,3948994
155,000596,2017-11-09,-0.010960757780784869,-0.02138024357239532,1.5453426364807856,50400.0,210932.70181529925,2288,118788050,99077096,757925,1411471,10198764,10012857,19306187,14311768,23779684,32202851,12005634,12954550,6135018,7703055,4009626,3637963,42595212,16842581
156,000597,2017-11-09,-0.007930214115781098,-0.013481363996827866,0.30832802040435203,25160.0,156532.67106560362,1673,75478627,45609147,1182159,791391,9931283,5296550,12788663,5779718,14981525,8321716,7756616,7692336,4659367,2772185,4955755,1770847,19223259,13184404
157,000598,2017-11-09,0.0017331022530331364,0.0034662045060658286,0.1783616428688873,11560.0,110695.70755840962,1047,22331471,23008942,912786,662846,4600915,4036716,2430075,3107218,4299729,2472394,3954436,3894636,706825,1080272,0,1790457,5426705,5964403
158,000599,2017-11-09,0.004854368932038833,0.003236245954692629,0.24062535243889965,5580.0,64594.96603575053,659,9199423,5883485,764637,535315,1872761,1700279,1529623,1875304,999268,286327,1022058,865905,308500,620355,0,0,2702576,0
159,000600,2017-11-09,0.0021074815595363283,0.0,0.25436929220953575,15192.0,167851.08339664817,1392,33182702,42417353,1473633,1360171,6118995,6578780,5373793,4358534,5409859,6922325,4263204,4780803,4497861,2349170,1922609,5012940,4122748,11054630
160,000601,2017-11-09,0.004901960784313708,0.002450980392156854,0.3213865021828823,10627.5,99334.09959346238,644,13611476,13185922,1055075,477027,2717295,2202882,1523277,2202545,1948187,3569108,1176137,1832124,1351797,964782,818000,889175,3021708,1048279
161,000603,2017-11-09,0.01737756714060046,0.011848341232227444,0.4572035490702892,15341.5,54073.45739988733,766,10830312,15684618,530665,503600,4056124,3669619,2439546,3155092,2518801,4692127,428222,2271443,0,1392737,856954,0,0,0
162,000605,2017-11-09,0.0256762952773959,0.02613480055020645,0.5580631174203299,21890.0,74927.30431001734,1527,29747687,38630180,1087828,791560,8351688,8209497,6180848,6248100,6499436,9979788,4336286,5985428,1019900,2433107,423360,2199600,1848341,2783100
163,000606,2017-11-09,-0.029322548028311468,-0.037411526794742245,0.2826311016003666,15328.0,72807.49079160599,1225,29869971,20764240,1061226,1276299,5741759,4555569,5930521,4563854,7146068,4805457,5222951,2440114,1733438,2001562,419957,443085,2614051,678300
164,000607,2017-11-09,0.00832177531206657,0.0,0.3301950331036302,10882.5,56753.920062775716,476,7191165,4706972,381508,413075,2156902,1723973,1237133,1195773,1185405,1374151,447102,0,391143,0,0,0,1391972,0
165,000609,2017-11-09,-0.0031746031746030523,-0.007936507936507908,0.5682982276481708,12580.0,47765.570339123515,491,8790327,4606631,337225,354674,2558490,2345787,1192921,1356788,1914261,549382,1665575,0,1121855,0,0,0,0,0
166,000610,2017-11-09,0.005177514792899407,0.00591715976331364,0.8451371084185949,10880.0,42250.35291040911,255,3364094,2295473,288090,163446,1292784,1135292,282509,197342,941472,299745,243719,499648,315520,0,0,0,0,0
167,000611,2017-11-09,0.004021447721179738,0.0,0.44519034566974947,13419.0,93699.3539579192,280,5446465,4528444,290364,233730,1348211,1113623,858040,893288,741326,801298,511124,205151,0,682316,0,0,1697400,599038
168,000612,2017-11-09,0.0009174311926605228,-0.010091743119266194,0.24033106559615525,21730.0,188021.1071956126,2060,64764334,80521454,870214,1601177,7110428,12154627,8369122,9317679,12169697,14206137,8220248,9564465,5848160,4166880,4562199,4858394,17614266,24652095
169,000613,2017-11-09,0.050724637681159424,0.050724637681159424,0.33232106355450586,16362.0,111480.42374713994,620,11840866,14565864,841257,288681,3478940,2269421,2544148,2613746,2104515,2095708,2037678,2072023,399329,389678,434999,479360,0,4357247
170,000615,2017-11-09,-0.0025210084033614466,0.001680672268907557,0.2281508639281702,28944.0,180404.81001031536,2723,109543278,102307573,1302125,1465166,14729516,13020069,13147647,15194023,20699554,20870277,16722344,11894141,12620160,10083880,6363407,5828749,23958525,23951268
171,000616,2017-11-09,0.0,-0.004705882352941115,0.18488229226207653,6367.5,84580.35996939313,528,8717143,6538081,603345,446935,1663131,1662582,1650651,1564490,1214477,1056546,207693,212000,0,315456,869802,475685,2508044,804387
172,000617,2017-11-09,0.007792207792207684,0.0012987012987013546,0.636490571183726,9300.0,47072.456872289484,585,8951972,4917352,536533,634903,3087573,1815124,2165689,557972,1261708,1199722,676746,0,324450,709631,899273,0,0,0
173,000619,2017-11-09,-0.001138952164009055,-0.005694760820045386,0.5053156015123813,14016.0,64606.81649599933,301,6261216,3015011,265767,290064,1615290,1505231,995921,841429,1600734,114887,524667,263400,0,0,472293,0,786544,0
174,000620,2017-11-09,-0.0030816640986133237,-0.0030816640986133237,0.25782529886251754,4529.0,32677.409094940187,633,6433010,3171565,1175071,395620,1935968,1593778,728227,570411,1726570,611756,218376,0,648798,0,0,0,0,0
175,000622,2017-11-09,-0.0033840947546531774,-0.006768189509306244,0.3264334523744918,8790.0,72911.12436210869,327,5613516,5018186,316816,244806,930487,1171281,940742,936639,840888,1375980,974366,734672,998067,0,0,0,612150,554808
176,000623,2017-11-09,0.002525252525252375,-0.009680134680134733,0.4914884386663182,44916.0,212055.54022986145,2337,144129922,101289137,970798,1070698,10451814,13040594,13858060,13545508,25317553,21000919,16940550,12926870,12784810,8174601,8515343,7203965,55290994,24325982
177,000625,2017-11-09,0.008160237388723957,0.005934718100890191,0.290787379287594,21680.0,187406.70296386417,2149,77408991,85422084,1555270,1379600,9094581,9785944,11340195,8984464,11560290,15549441,10587809,9992999,4818025,4446148,7510963,5301178,20941858,29982310
178,000626,2017-11-09,0.005996002664889977,-0.0006662225183211579,0.5211206129082535,14980.0,71367.60353306348,829,11120497,15068950,502761,917704,3139771,5739334,2388478,2485641,1899416,2844529,939691,879878,0,0,0,0,2250380,2201864
179,000627,2017-11-09,0.02083333333333348,0.006250000000000089,0.19692206535841594,24075.0,210672.12265620302,2379,99252368,95940552,1814220,1832817,10675851,11381921,11978846,12149154,15258037,14037276,10235843,11538254,7107915,8006915,8554841,9131000,33626815,27863215
180,000628,2017-11-09,-0.003289473684210509,-0.003289473684210509,0.44352022137191877,8172.0,40190.143612231,422,5278174,3742962,652554,377975,1577252,1599582,1042684,844990,830557,486845,804255,433570,370872,0,0,0,0,0
181,000630,2017-11-09,0.0035211267605634866,0.007042253521126751,0.06095514375181091,8008.0,158295.54398408253,2194,33132697,49052135,1730235,2142862,6784160,8844025,5357887,4718646,5104204,7897863,1769185,4260334,1336199,3073201,492778,1787398,10558049,16327806
182,000631,2017-11-09,0.011904761904761862,0.00952380952380949,0.11333454953800821,7242.0,50469.943049034744,1376,9309464,20596654,633712,2231955,2089898,7556422,1228763,4345729,1470946,2847987,1190652,1442964,1302047,1767993,0,403604,1393446,0
183,000632,2017-11-09,0.01775147928994092,0.002958579881656931,0.333626349895265,8142.0,111701.0087546252,410,10279256,6157235,305315,412568,1494882,1213385,1511190,223840,1211377,1295976,1124258,728613,643110,1055280,0,0,3989124,1227573
184,000633,2017-11-09,0.006116207951070152,0.00917431192660545,0.292184714756517,11910.0,78008.10223513334,1128,19421891,19973563,1011047,1106703,5925430,4094376,3807930,3004935,5876298,3661977,892694,668587,324852,1363067,0,2751541,1583640,3322377
185,000635,2017-11-09,0.004935225169648172,0.002467612584824197,0.5805443461121796,13096.0,60765.913292273,779,11449715,12373715,651092,885006,3346886,3940327,1690418,3255278,2332607,1703942,1403110,957128,694598,683374,471420,948660,859584,0
186,000636,2017-11-09,0.0,-0.007421150278293154,0.1889475283020254,55692.0,477592.98202684906,3263,307792289,309191080,1489397,839279,15148634,9812844,22802293,16962804,33550984,28288470,24856718,23204818,22124067,21879217,20500542,15520374,167319654,192683274
187,000637,2017-11-09,0.004761904761904745,0.0015873015873015817,0.29161036428902276,6629.5,64460.66872296838,466,5565459,6091475,494796,583583,1113210,2254214,920956,2091933,1314735,667938,207624,493807,379200,0,0,0,1134938,0
188,000639,2017-11-09,-0.00516262261228706,-0.004130098089829781,0.6889684842895034,9620.0,65949.60772236664,790,11381841,8694120,958684,1045537,2741081,2654121,1774057,1479106,1291108,2270854,916245,752607,0,0,0,491895,3700666,0
189,000650,2017-11-09,0.001700680272108901,-0.00340136054421758,0.19536657560867346,5880.0,75815.8899062977,906,14401107,6877114,1669848,511610,1600930,1925485,1792228,1470427,1529583,1636656,1994457,288076,679906,1044860,1383337,0,3750818,0
190,000651,2017-11-09,0.0043628013777268215,-0.007577497129735877,0.7315411537837089,267778.0,1144386.9848810225,3545,974435098,953947063,349790,292203,4503912,6396395,12853492,14152398,37931514,36869328,54553932,51704829,45930774,48302466,45016397,55257500,773295287,740971944
191,000652,2017-11-09,0.011695906432748648,0.005847953216374213,0.1702624194205549,10300.0,70395.34053469014,908,14555892,14723048,657448,837677,3533805,3450269,1664952,2206950,2993924,2737057,1517971,2188640,2014147,1752269,912580,424386,1261065,1125800
192,000655,2017-11-09,0.0012970168612191912,0.0012970168612191912,0.2685186616534147,11685.0,56708.29425109269,824,12904086,12161271,751235,774425,3453853,4072971,2526677,3390848,2477532,3199560,908990,290567,1036291,0,443820,432900,1305688,0
193,000656,2017-11-09,0.0064102564102563875,0.008547008547008517,0.1345320041236958,9410.0,72115.8497002043,1212,18010115,15411624,966428,1318909,6063028,4799617,2572214,2499734,3693792,2127083,1174859,2263147,0,653002,473000,0,3066794,1750132
194,000657,2017-11-09,0.0014738393515105752,-0.005895357406042745,0.5279169651417552,13530.0,87310.98069536415,660,14133690,11557343,608606,467978,3257488,2792927,3197514,1808106,3340148,2791932,1340830,1428437,0,747335,0,890700,2389104,629928
195,000659,2017-11-09,-0.0025445292620865922,0.0025445292620864812,0.15911101122837001,11790.0,58795.81698544513,610,10095987,9623253,514999,518751,2859386,2723679,2376094,1490542,2106737,2285248,942446,795674,352800,934569,943525,874790,0,0
196,000661,2017-11-09,0.01003913561340819,0.006068855992286348,4.565308472085754,52200.0,268004.7543180774,1493,94459932,91093793,2818,5064,7302480,7838312,9979758,10981435,12780553,14681362,8279129,10567568,6961451,6988073,6037934,2654055,43115809,37377924
197,000662,2017-11-09,-0.0006134969325154449,0.0,0.58414494466734,16405.0,71112.93477193986,778,18447952,13785782,634339,665252,5106083,2723786,4350257,2796643,4415841,2583313,1331050,1468887,1656402,1329433,953980,1402277,0,816191
198,000663,2017-11-09,0.004825090470446325,0.00361881785283491,0.5731319852043154,16650.0,65091.555380364975,837,13184958,19302602,723933,572128,3742128,5172579,1988427,5090164,1954884,5835582,3562455,1012635,331000,0,0,457884,882131,1161630
199,000665,2017-11-09,-0.003552397868561208,-0.009769094138543433,0.4209034943750102,10053.0,64070.21571311413,715,18435271,6321748,577613,335029,2526958,1791407,5317156,1332279,5973034,1950219,1914456,912814,668334,0,0,0,1457720,0
200,000666,2017-11-09,0.022190062711046732,0.022190062711046732,0.48746752959729545,21130.0,166702.6558220991,1809,49056854,60319832,1580246,853044,8831729,8898799,7793408,6516913,6559605,8213614,4621843,6235982,2789489,3735544,4312910,3059952,12567624,22805984
201,000667,2017-11-09,0.0031249999999998224,-0.0031250000000000444,0.11152912560665873,3200.0,60166.58117642307,825,8004293,5833950,829099,700252,1978482,2119294,1227860,500308,1680532,0,0,0,1016000,1020160,0,0,1272320,1493936
202,000668,2017-11-09,-0.0030750307503075724,-0.0036900369003691758,1.3458120711290529,14625.0,55510.5367174889,145,1898495,2755670,87406,108518,485746,798247,427225,773824,458162,270941,439956,418104,0,386036,0,0,0,0
203,000669,2017-11-09,-0.0006600660066006236,-0.005280528052805322,0.5573728175115917,18102.0,43844.52496129123,738,11368156,10745564,605438,420368,3666828,6562269,3546210,2121985,1738227,1186442,544992,0,696815,0,0,454500,569646,0
204,000670,2017-11-09,0.05654761904761907,0.029761904761904878,0.12955650738242017,24864.0,110584.72826327076,2697,68422938,97775763,1743429,1593799,13161756,14228524,12801877,15541637,15871521,20170536,9413956,15472321,4470620,10206815,2196121,4187896,8763658,16374235
205,000671,2017-11-09,0.011128775834658322,0.009538950715421324,0.12947272864316273,13146.0,175542.78234620416,2367,59324335,73474540,1031869,2024037,7549480,12257267,8382963,9692581,10217093,9306178,5805171,8587511,5372402,4676692,2672392,3491519,18292965,23438755
206,000672,2017-11-09,0.0060240963855420215,0.0010040160642570406,0.24010619183599954,13026.0,67445.03220523192,1721,33997458,26082505,1590557,1220112,8468727,7980784,6972124,5087986,8199836,5635637,4084100,2857268,1064698,634266,1267879,0,2349537,2666452
207,000673,2017-11-09,-0.00425170068027203,-0.0008503401360544505,0.5291656994234968,12925.0,50332.70409060838,493,9159826,7352103,366515,413689,2004843,2383256,2184279,1756355,2879394,1908773,1389603,470454,335192,0,0,419576,0,0
208,000676,2017-11-09,0.038596491228070295,0.039298245614035165,0.34015137436335785,22482.5,115055.3283509514,1756,40190045,63049446,1175967,892360,9642531,8226584,8780896,8581177,7324441,15433843,5398634,7768164,1627772,5242206,3546198,4926223,2693606,11978889
209,000677,2017-11-09,0.008968609865470878,-0.0022421524663677195,0.251406455950426,6437.5,43339.77544721293,314,3345559,2846121,265891,345943,1240427,986268,739410,546004,160560,418314,223500,223000,715771,326592,0,0,0,0
210,000678,2017-11-09,0.0012376237623761277,-0.0012376237623762387,0.40558613024238815,8090.0,37784.8751065906,396,4464249,3134351,496586,405883,1738439,1349046,878651,452445,1023333,283350,0,217615,327240,0,0,426012,0,0
211,000679,2017-11-09,-0.00121212121212122,0.00242424242424244,0.40123160959933973,9984.0,48715.863751680365,422,5223741,4775028,522092,286547,1955956,1855286,1292369,1068082,559710,672027,473775,226596,0,0,419839,0,0,666490
212,000680,2017-11-09,0.003731343283581934,-0.003731343283582156,0.1799826235967166,11235.0,80827.32193328004,887,18248026,12408038,646180,671648,4054683,3565126,2390197,2633975,3432704,3628371,1693274,1506382,2061448,0,494040,402536,3475500,0
213,000681,2017-11-09,-0.012158054711246091,-0.005065856129685797,0.5902448028537975,17730.0,108612.45113749543,1120,32711763,24823413,1238684,997512,5904649,3692931,4007569,4528264,5116463,11736895,3388935,1679470,2115271,1313482,1301085,874859,9639107,0
214,000682,2017-11-09,0.0,-0.001980198019801982,0.19671835132802853,4040.0,61621.22173982087,659,8378504,3074862,560736,657668,1648297,1422062,1211868,267730,806400,487527,1670919,239875,704200,0,0,0,1776084,0
215,000683,2017-11-09,0.006711409395973256,0.003355704697986628,0.07941072862442057,8400.0,135788.84726732952,1416,23507737,38593128,726196,1760605,3249461,5890793,2346417,5409377,4029291,6232168,2484414,3141426,1680206,1641650,1746407,1794467,7245345,12722642
216,000685,2017-11-09,0.001877934272300319,0.0,0.34691159986371867,8520.0,75153.58634613967,942,15812325,13705683,803049,609945,2600165,4837143,2648456,2317113,2541906,1634470,1562155,989587,1637674,321300,1336030,461145,2682890,2534980
217,000686,2017-11-09,-0.0010224948875255935,-0.005112474437627745,0.257980780837716,18601.0,149618.63585497238,1437,54310526,38168817,1025959,1774784,5622596,7649125,5165541,4807363,7789660,10002882,6725916,3147689,4805610,2143248,2361122,3147696,20814122,5496030
218,000687,2017-11-09,0.005335365853658569,0.009908536585365946,0.37605359149894074,14575.0,89958.41439020749,1217,23893741,25142136,760445,984613,5514364,6363123,4834741,5275360,3270033,4654956,3404743,3024327,1401339,1418642,417620,874860,4290456,2546255
219,000690,2017-11-09,0.020486555697823317,0.01792573623559557,0.21656375895369262,19825.0,131778.2299963404,1301,34810105,47572880,1243215,882175,6419009,4968896,4705174,6778638,7420468,8553786,3388932,7658913,2789140,4459657,0,2607084,8844167,11663731
220,000691,2017-11-09,0.011126564673157091,0.0027816411682892728,0.543680205215957,10045.0,34311.119381157434,174,2324064,1684511,157523,127380,557750,441603,1343258,501291,265533,373478,0,240759,0,0,0,0,0,0
221,000692,2017-11-09,0.0016233766233766378,0.004870129870129913,0.3124468910126574,3714.0,64224.58791776079,388,5500385,2999827,277682,442352,644505,1024892,673309,853811,625925,678772,1145222,0,0,0,901742,0,1232000,0
222,000697,2017-11-09,-0.002755905511811041,-0.005511811023621971,0.6326091037760968,27731.0,243135.00112737337,1612,77938542,58267494,751913,804979,7790677,7785747,8975021,8365970,12694701,11129329,7954087,6531790,3108042,6941670,1783312,417988,34880789,16290021
223,000698,2017-11-09,0.008077544426494221,0.009693053311793154,0.2666879785876946,12480.0,78552.39065108812,538,6954886,10202744,351463,515581,2307355,2363370,2358685,1743812,1351522,1717505,273861,234000,312000,678148,0,436723,0,2513605
224,000700,2017-11-09,0.004731861198738141,0.001577287066246047,0.26918420579552466,12008.0,64536.70070136107,554,9184123,7274057,554174,452508,2789525,2189957,1605759,1326802,1676003,907634,755502,252095,378000,623356,919560,444500,505600,1077205
225,000701,2017-11-09,0.000841042893187538,-0.005046257359125339,0.3493339900993269,4764.0,25363.625687768283,1158,6807550,8548425,625050,1804765,2521712,4523005,1610348,1281587,1519491,646082,211108,292986,319841,0,0,0,0,0
226,000702,2017-11-09,0.0036363636363636598,0.00242424242424244,0.3608102820243756,9097.0,50886.48917376414,522,8049808,5693440,716683,377584,2588080,1706925,2076649,1356019,1256211,1316082,431649,529280,320536,0,0,407550,660000,0
227,000703,2017-11-09,-0.004539559014267169,-0.005836575875486361,0.34997355179916656,4623.0,53845.14880569812,1944,16553406,19280380,1552002,2725761,4323742,7281083,2402701,2232624,2787752,2699012,1304900,948048,655991,1267669,2742446,404289,783872,1721894
228,000705,2017-11-09,0.0030927835051548502,-0.005154639175257603,0.482880693100531,10626.0,54382.07686504008,403,5944010,4916337,389423,580915,1866808,2125668,1281057,872870,1125192,562820,0,242374,713430,0,0,0,568100,531690
229,000707,2017-11-09,0.006240249609984483,0.0031201248049921304,0.32381027001343904,7728.0,39004.44789165177,391,4211407,5069251,493200,369591,1050123,1516046,1298889,1378796,1105565,1314734,263630,490084,0,0,0,0,0,0
230,000708,2017-11-09,-0.004901960784313819,-0.005718954248365993,0.45406079199226185,18277.5,66036.84332576652,726,12923966,14152061,432015,425157,4363069,4194424,2227382,3415885,2323961,3596707,1857023,1206146,704140,324360,404376,0,612000,989382
231,000709,2017-11-09,0.0,-0.004784688995215225,0.08293751390897909,14700.0,312670.92544148257,2554,113092587,94206985,1898084,1511043,11758538,9055508,10045577,11310227,10596496,13187811,7002069,8016702,5306760,3450265,7823475,4959123,58661588,42716306
232,000710,2017-11-09,-0.028226372700463243,-0.030894537284089196,1.3436899055894824,77792.0,547279.0287494626,2815,269297890,293805326,611772,1068824,9408437,12379852,14192371,17645722,25677159,33666333,25434997,35519688,19972698,31735215,16435426,21330985,157565030,140458707
233,000711,2017-11-09,-0.021995286724273422,-0.027494108405341722,0.45985540343858294,12535.0,121744.60865124663,766,24971928,13043916,396772,824414,2393675,3426909,3251380,2962966,5208721,2410696,3595888,453354,4181267,327698,1366414,420274,4577811,2217605
234,000712,2017-11-09,0.0020429009193054792,-0.005107252298263476,0.5423581803781402,19660.0,141671.39520292523,1303,54595270,29335006,1031984,1149049,6409486,5187648,7938896,5588525,10503048,6522752,5801543,2627848,5045361,4633360,3113199,1281760,14751753,2344064
235,000713,2017-11-09,-0.0052151238591916504,-0.003911342894393766,0.42167028058425854,3835.0,48976.005987958,330,3255856,2507582,302953,306395,894453,880916,582896,847227,505164,473044,233325,0,0,0,0,0,737065,0
236,000715,2017-11-09,0.004826254826254983,0.006756756756756799,0.5571172734485184,9378.0,35341.63443418132,345,3399928,3813568,175923,272126,1269438,1324917,1099391,1132559,648415,552865,206761,215072,0,316029,0,0,0,0
237,000716,2017-11-09,0.011217948717948678,0.008012820512820484,0.2091525059281341,6300.0,46932.62153302175,890,10647993,10862619,753575,928790,3124325,3292487,2248466,2785609,2646728,1836757,1148003,696388,726896,695588,0,0,0,627000
238,000717,2017-11-09,-0.017201834862385357,-0.016055045871559703,0.15430731081987564,47823.0,373183.6656352387,3202,253765522,235531456,1048917,1181563,16807917,14908797,18793095,19585719,30063203,26401549,27325577,20515942,19413475,16870746,22110990,17961399,118202348,118105741
239,000718,2017-11-09,0.003875968992248069,0.0019379844961240345,0.1823125500372419,5180.0,114573.97629948982,801,14435076,10188457,363335,918333,1948762,2593501,1657543,1442853,1627095,1307532,526204,1412781,719299,1059274,876728,0,6716110,1454183
240,000719,2017-11-09,-0.009842519685039353,-0.010826771653543288,0.318214444277852,10150.0,82095.27578071794,1019,24678869,17477101,1249210,576206,3853974,4559242,4072651,2056232,9314521,3085656,3579420,2085989,354645,1597300,0,901473,2254448,2615003
241,000720,2017-11-09,-0.0020366598778003286,-0.012219959266802527,0.20138953255898462,8287.5,72112.74418537041,594,12556868,5797116,648977,689829,2837063,1584818,2105168,706882,2118175,1300134,2531095,1026477,338952,0,928044,488976,1049394,0
242,000721,2017-11-09,-0.0014858841010402246,-0.011887072808320909,0.28813655592274057,6690.0,30455.776087603586,545,5727365,2969597,547759,635450,2731187,1256562,889827,482885,1291792,206011,266800,0,0,388689,0,0,0,0
243,000722,2017-11-09,-0.00620567375886516,-0.010638297872340385,0.565516823259027,11220.0,95670.3791598766,397,10800281,3293573,250114,426381,1883823,1189444,802629,546171,2365408,417289,1244299,714288,1757951,0,0,0,2496057,0
244,000725,2017-11-09,0.01716068642745694,0.004680187207488418,0.10700834854260012,962136.0,4367196.471050842,3601,3766869912,3971283801,8932,15406,870429,934987,5027332,5721999,24108801,22747287,30240735,31363084,31312778,38719437,46463941,45247643,3628836964,3826533958
245,000726,2017-11-09,-0.002669039145907437,-0.004448398576512469,0.31352279230559793,4484.0,123395.95345324691,1285,20824185,12615677,1044540,1373094,2719796,5103851,1843048,2430131,2159584,1620503,1238746,224600,1399286,345576,2211415,412508,8207770,1105414
246,000727,2017-11-09,0.014388489208633004,0.007194244604316502,0.07540606879434122,8340.0,188084.8803413773,1367,26599201,45953742,1003270,1162088,5166332,4986485,3810149,2477746,3369727,4284322,3075980,1293821,939980,1693455,2674762,2775535,6559001,27280290
247,000728,2017-11-09,0.0015503875968991832,-0.006976744186046546,0.27031983206122484,25930.0,204418.21183500494,2278,122358425,86237103,1147543,1294779,9580115,11190442,9783115,10830984,17737495,19605146,13361980,11431698,13236460,4973373,7992525,3365415,49519192,23545266
248,000729,2017-11-09,0.0,0.0,0.1750292236024304,3714.0,49349.69061897161,1251,11258091,10865260,1327558,1214083,2171769,1923474,1608724,2945820,3689057,1708507,664588,918928,336909,671216,411723,886734,1047763,596498
249,000731,2017-11-09,0.003841229193341844,0.001280409731114096,0.2777914523721994,7418.5,66366.51630382022,790,13129203,9097146,735367,672713,2958975,2459572,2787629,1576940,1482213,1817738,1340147,237900,934100,2332283,0,0,2890772,0
250,000732,2017-11-09,-0.001728110599078403,0.0011520737327188613,0.49232744534890677,6959.0,61634.604176190274,1243,12741361,17502674,1500897,1202395,3127677,5376957,3090348,3336633,1188841,2610201,735022,1332021,336592,2142117,435750,836362,2326234,665988
251,000733,2017-11-09,0.01355713363460298,0.01226597805035512,0.4328731410586709,14062.5,79078.555057102,1280,21459129,23375830,956555,1689893,5712328,5560148,5501932,4193420,4600165,4149770,1967435,1866119,1028701,1611883,434707,892284,1257306,3412313
252,000735,2017-11-09,-0.001166861143523934,0.002333722287047868,0.16666098235452298,43050.0,284292.1374109597,2651,171896336,188624643,1009862,1693432,9744837,11808794,13688027,16818030,23041284,27546209,16728205,14834019,10165666,14978016,13609463,14236331,83908992,86709812
253,000736,2017-11-09,0.005909389363099038,-0.001969796454366457,0.6016718894048483,10759.0,53082.46603745102,640,9746488,7229299,572145,792736,3159289,2205185,2705536,1492399,1418528,988507,458850,283278,1432140,316784,0,0,0,1150410
254,000737,2017-11-09,0.003284072249589487,-0.0049261083743842304,0.19194538406796152,10285.0,46214.114528064034,1007,14540801,10967142,1013216,821279,4687664,3773177,4083206,2179941,1681313,1798016,1748548,904590,1326854,1048243,0,441896,0,0
255,000738,2017-11-09,-0.0016313213703099683,-0.005437737901033302,0.5292134716997275,9185.0,95173.77437856002,1207,21551564,18390670,709777,2492322,4442784,4507009,3822345,4184557,3768228,4198770,931292,642737,1057015,0,0,0,6820123,2365275
256,000739,2017-11-09,0.00855920114122699,0.00855920114122699,0.24629098078982067,21030.0,82009.79731278983,810,18771749,13249611,928136,426496,6535871,2247196,3869143,2148735,2803250,2359061,1120605,1179216,976856,1055517,1834888,1419816,703000,2413574
257,000750,2017-11-09,0.0,-0.0018115942028985588,0.16103218186315524,9945.0,107401.82530749789,1176,27096698,20031888,1097626,1000769,5183803,3276255,4052444,2952278,4933579,4144266,2011392,1540699,1780090,975410,477950,914862,7559814,5227349
258,000751,2017-11-09,0.0038022813688214363,0.0,0.13645966698715198,13300.0,122378.43642060901,1488,37471131,29471524,1227720,1185143,6992457,5850489,4979588,4668987,5898510,5414902,3885333,4938111,1262491,1354229,2695664,1707593,10529368,4352070
259,000752,2017-11-09,0.010181818181818292,0.010181818181818292,0.6239348066916781,13830.0,73352.01707484412,485,7973450,9467548,547217,374933,2064458,2281683,1258135,998457,1540737,1621899,883903,1990420,301125,1011213,853845,488943,524030,700000
260,000753,2017-11-09,0.0046511627906977715,-0.0023255813953487747,0.20392792250524944,5171.0,37773.99705751271,444,4434780,2936529,403350,518481,1681723,1569423,1063726,589425,678391,0,0,259200,0,0,0,0,607590,0
261,000755,2017-11-09,0.0,0.0,0.3533497030636317,9510.0,570681.6406324343,321,17307736,22390804,529528,16470,1294000,115966,1731876,328207,1539609,1230983,2259768,863705,677943,698668,1799837,832936,7475175,18303869
262,000756,2017-11-09,-0.031268791340950064,-0.036680697534576034,0.39593057069717386,16219.0,193874.63355569914,1765,67404272,39201428,1343127,1798940,8162195,8625694,7607272,5268208,9773647,4732933,6331326,2369662,5276532,4953597,4946438,4628930,23963735,6823464
263,000758,2017-11-09,0.011644832605531397,0.004366812227074357,0.2016345613670766,13129.0,93955.11112451932,1161,21217594,22914013,1358312,944359,5653495,4779725,3370602,4440260,4009183,3724100,1361565,1296284,633870,1754998,1364318,1342838,3466249,4631449
264,000759,2017-11-09,0.007360672975814886,0.007360672975814886,0.28465089459599213,4772.5,46832.82949428926,1116,12489134,9061426,1606121,626281,3415585,3378688,2299367,1331138,2291150,2426214,1027054,739425,369600,0,904257,0,576000,559680
265,000760,2017-11-09,-0.025893958076448675,-0.014796547472256338,0.3057865102076162,8180.0,81785.98099511779,703,15386362,7391619,583942,822986,2541830,2799058,2367252,1129715,2145969,1927579,1864126,0,1337046,712281,846699,0,3699498,0
266,000761,2017-11-09,0.007246376811594235,0.0018115942028986698,0.12479037142974797,14188.0,176914.52940545275,1962,64416930,62144622,1805273,984704,7527381,6742483,8454566,7506518,11958359,7665371,8145630,6221586,5997926,5603598,2137198,3112993,18390597,24307369
267,000762,2017-11-09,0.004705882352941115,-0.005882352941176561,0.362254474312141,25589.0,178151.8939364168,2203,89117822,64597310,1092866,1470554,12586748,9484062,11342429,10707854,14696218,15538459,11364699,4961372,6926142,4051410,4825150,1370555,26283570,17013044
268,000766,2017-11-09,-0.011670313639679075,-0.014587892049598872,0.5503894702286787,12109.5,121261.26905645737,620,13246664,15242380,422720,766766,1802702,2915055,1707843,1453065,2178516,1511265,903758,1232821,1695463,629990,0,413275,4535662,6320143
269,000767,2017-11-09,0.006191950464396356,0.003095975232198178,0.15009519655835887,3260.0,80317.46070811184,463,4645547,4939731,380131,544838,990616,969867,361990,243196,721350,527468,495300,270580,0,666089,0,488999,1696160,1228694
270,000768,2017-11-09,0.002663825253063523,-0.00586041555673944,0.392180563025443,27990.0,205371.31280392178,2291,98019613,91251183,1377742,1433564,12077079,13391057,12773312,11439433,17562981,16116987,9774257,5737029,5677653,6185858,3979245,5753275,34797344,31193980
271,000776,2017-11-09,0.0038461538461538325,-0.004395604395604269,0.3308032172954475,49126.5,315455.66159736004,3028,263535021,187545043,1129344,869701,24789331,8804076,27061708,15216881,25930259,19746129,23289253,17935366,19310969,17766957,12027887,12309773,129996270,94896160
272,000777,2017-11-09,0.025735294117646967,0.03799019607843146,0.3939711925354323,21086.0,152358.34224037066,1719,51433511,66873054,1131379,1319251,7431134,7818700,7490607,8617754,9922094,10886952,5812564,6033098,4062977,6909577,3506727,4183762,12076029,21103960
273,000778,2017-11-09,0.0,0.0,0.14219000153892178,11780.0,114277.92966599372,1701,41208060,32107838,1539758,1184403,7852711,6457870,8532010,4312746,6550589,4906498,3265282,3655963,3166132,2294378,1682583,1354832,8618995,7941148
274,000779,2017-11-09,0.060998151571164394,0.060998151571164394,0.4087003489877642,17996.0,90162.43372456623,1579,32672260,45442269,766736,1358107,7343370,8128643,4795851,7769293,9764838,7975633,3812691,7233404,2457768,4743289,987983,3022940,2743023,5210960
275,000780,2017-11-09,0.004024144869215318,0.00201207243460777,0.17095502856586015,2004.0,48100.736784306755,845,7813609,7552587,371955,975484,1836790,2628451,1481416,1225199,949657,2015316,1169289,708137,386440,0,982562,0,635500,0
276,000782,2017-11-09,0.02401746724890841,0.020742358078602585,0.306794335004864,10285.0,55816.459641026835,891,11898228,14523446,758885,1104201,3675025,3964265,3266510,4006320,1885288,3202564,984990,515717,710430,0,0,468499,617100,1261880
277,000783,2017-11-09,0.0,-0.0033333333333332993,0.20655417855154537,10812.0,181589.07829310413,1899,58388994,49063046,1394401,2550005,6717684,9043423,5557040,6909855,6486957,5937740,3016505,4366377,3102571,711147,3093790,2243928,29020046,17300571
278,000785,2017-11-09,0.007532956685499137,0.005649717514124353,0.6785868004070248,10595.0,138202.18158397023,244,3273771,5568495,179431,194402,943809,708790,715326,355406,1435205,872130,0,445639,0,0,0,477000,0,2515128
279,000786,2017-11-09,-0.0009199632014719183,-0.007359705611775569,0.39881001993089754,38844.0,256224.4641288547,2974,179919141,95903100,1243481,866455,19325536,10656078,20633314,14365714,28050427,21922890,32115512,14801187,12457560,6530464,9508123,3484630,56585188,23275682
280,000788,2017-11-09,-0.005376344086021612,-0.006451612903225823,0.43320342776791104,10202.0,57742.91856513139,460,7701868,6131133,501893,495612,2506325,1654255,2142680,1369545,1774434,212043,473464,524319,303072,375550,0,962384,0,537425
281,000789,2017-11-09,0.026900584795321425,0.01754385964912264,0.18324781413081553,19337.0,165202.8524320038,2180,62527482,88964205,1743676,1784132,8553651,9475616,8573645,10126437,14431004,17705064,9415431,8569745,6849607,6922708,1788219,4877353,11172249,29503150
282,000791,2017-11-09,0.01642935377875121,0.007667031763417098,0.2038706512794527,18500.0,97312.795252305,2007,53988059,41997971,1906134,1290484,11290402,8165093,9464829,8910829,12062427,10130122,6490857,4281159,4808214,2877009,3078419,1662402,4886777,4680873
283,000792,2017-11-09,-0.007092198581560294,-0.025789813023855634,0.27040390559264244,75750.0,472544.87017715606,3294,390589228,298399486,626630,845517,12280759,15266649,20382744,21686177,41802463,39010459,34769538,31795816,25376266,20968606,23716383,18260546,231634445,150565716
284,000793,2017-11-09,-0.0019120458891014325,-0.01051625239005749,0.3853759336338802,13546.0,182824.92962792882,736,35335662,14034630,550932,557169,3858872,1951715,3022540,698127,5452299,1417210,3849160,3154277,3484970,919953,1810457,1265257,13306432,4070922
285,000795,2017-11-09,0.012232415902140747,0.007645259938837912,0.17360534170845202,11934.0,81498.05958157187,1420,27019156,23963998,1357655,1530791,7081240,5164351,4374373,3844014,5670445,6081030,2091926,1352503,1699384,2753775,878441,0,3865692,3237534
286,000796,2017-11-09,0.005453306066802943,-0.0047716428084526585,0.35255362176039,17736.0,85575.86761405165,1733,39214747,37129471,1294536,1171875,9907505,8586874,8233769,8766481,7879664,5381872,5185215,3861636,1359623,1974727,2668515,452600,2685920,6933406
287,000797,2017-11-09,0.016793893129771087,0.013740458015267132,0.36353774002191186,22491.0,111317.82087821877,1299,33491949,45808720,746826,925169,6144051,6786351,6225855,4940927,8340794,7728301,4889956,5241707,1719271,5233131,2554489,6351993,2870707,8601141
288,000798,2017-11-09,0.003325942350332678,-0.003325942350332567,0.4864084861635801,8109.0,31878.64290610017,343,4407824,2610370,436847,416579,1385158,1313730,1182621,516651,962908,363410,440290,0,0,0,0,0,0,0
289,000799,2017-11-09,-0.012933968686181019,-0.015656909462219093,0.5502748719932624,49002.5,229395.11258661668,2852,180997485,149754451,858344,1325290,11980785,15117103,18293739,15614087,34113944,28693091,24299005,16894971,19800205,12778775,8902009,8162486,62749454,51168648
290,000800,2017-11-09,0.0032441200324411223,-0.0008110300081103361,0.2780085565565793,27115.0,157014.01326886506,1968,83252224,72657246,1204561,1226345,8860697,9007113,10584757,8708670,15965461,16883355,10630696,8987496,6341125,4705429,5301099,7735058,24363828,15403780
291,000801,2017-11-09,0.005434782608695565,-0.0040760869565217295,0.18369359645539057,14610.0,67416.1344211977,1608,30852950,32865398,743623,2163029,4770892,9256357,5095045,7082969,9459635,8056301,6361479,3642868,1736124,1370158,1403872,0,1282280,1293716
292,000802,2017-11-09,-0.006016042780748743,-0.010695187165775444,0.4068107196977561,16373.5,111346.48312431043,1352,42880727,22193753,735139,1260350,6353016,7436640,5943611,4551817,9425522,3581091,4873687,1287577,2329881,1110757,492688,912543,12727183,2052978
293,000803,2017-11-09,-0.03330781010719763,-0.029096477794793296,1.0190519742325406,20588.0,160976.6058973956,662,23251431,18664766,361004,404000,3262536,3002250,2976268,2591336,3383445,3003369,3623772,3086871,2460983,1983137,420810,1424714,6762613,3169089
294,000807,2017-11-09,-0.004516711833785103,-0.008130081300812941,0.20127457676091923,63000.0,467176.95847197424,3029,281003687,268704332,713748,1111633,9883807,13212977,18818811,18695710,33800200,34770962,28490894,24158885,23809824,23997814,13858925,13569682,151627478,139186669
295,000809,2017-11-09,-0.0024038461538461453,-0.0024038461538461453,0.22569784383436203,12419.0,71788.81060062107,339,7571562,5072291,202800,358135,1660313,1506016,636210,1403353,1417000,646848,939127,422365,1061115,300875,1654997,434699,0,0
296,000810,2017-11-09,0.014018691588784993,0.008411214953270907,0.38395001578024884,10755.0,56355.46812261653,776,9979021,13936282,737685,599133,2674220,3769686,2107050,2802670,2906449,2703520,1229617,949372,324000,2102497,0,426204,0,583200
297,000811,2017-11-09,-0.0034642032332562467,-0.0034642032332562467,0.3192878361160001,8670.0,99684.63995950662,735,16792568,8124367,918151,661242,3161627,2064583,2951801,1303418,2139837,1527562,1405099,1171277,373246,1396285,487595,0,5355212,0
298,000812,2017-11-09,-0.0024390243902439046,-0.0060975609756096505,0.3764024916836975,8155.0,78830.87834408894,474,10702323,3961905,433842,554487,2067198,1314534,1409465,507745,1473462,504167,759488,260973,993520,0,2451679,0,1113669,819999
299,000813,2017-11-09,-0.027807486631016065,-0.03315508021390379,0.19875023206283682,15419.0,211405.0141215722,2219,76650271,72194234,2010204,1657505,7573870,8033668,8031112,9985203,12020816,12615925,10341657,8235534,7266310,8159439,6117851,3191976,23288451,20314984
300,000815,2017-11-09,0.007337526205450695,-0.002096436058700135,0.586376049696995,19150.0,77969.11544979301,1061,23282733,26138328,831305,764414,4861552,5075602,4013264,5119524,6174964,6115512,2931163,3080401,3516667,3248880,953818,828400,0,1905595
301,000816,2017-11-09,0.004618937644341736,-0.002309468822170868,0.09471380352354285,10440.0,122938.76378756843,2099,50757165,39320895,1909334,2066436,9441010,7571541,7138089,6051835,8650446,6849701,5793256,2799322,3673741,1733312,3034860,887398,11116429,11361350
302,000818,2017-11-09,0.02943800178412115,0.02408563782337203,0.2930891373785729,17235.0,231453.92899809632,1463,32238624,68972765,827243,1263395,6379156,7608434,4913149,7243945,6477363,7685236,2524352,5041496,1135310,4567354,2740031,3529449,7242020,32033456
303,000819,2017-11-09,-0.0031645569620253333,0.0006329113924050667,0.7198807950934429,12768.0,39710.888644954095,481,6461988,5336595,494537,425159,2510366,1882092,1872232,1716082,809703,1026862,0,286400,301150,0,474000,0,0,0
304,000821,2017-11-09,-0.010825439783491264,-0.012855209742895779,0.44061278935501846,17508.0,91681.88880911193,1125,34260955,16796937,673962,855641,5525772,5853520,6285045,3595932,6852451,3830840,3945133,1253640,3093923,396576,903870,418840,6980799,591948
305,000822,2017-11-09,0.057835820895522305,0.041977611940298365,0.1980065812936936,30159.0,182559.06056945323,2935,111774741,149216923,1363722,1667626,12450270,13834883,14029707,16173084,22831497,26860285,15081936,17792445,6914058,15175973,6768865,6898193,32334686,50814434
306,000823,2017-11-09,0.0894020130254587,0.08229721728833628,0.3320367634679655,45225.0,375705.18291847536,2595,187413588,252498105,2159591,860097,8409635,6714792,12745770,11474150,22549374,24588020,17262373,17931789,16241963,18674181,16968088,16609499,91076794,155645577
307,000825,2017-11-09,-0.00941619585687381,-0.013182674199623268,0.09760991674907818,16660.5,211354.50472799235,2974,116978923,115011796,1436517,2381310,9204083,10860744,13047974,14166273,19408181,17731877,16433682,14079262,7751783,8620358,6244299,6689509,43452404,40482463
308,000826,2017-11-09,0.002218524681087075,-0.0016638935108154174,0.9527561677381681,28648.0,188848.01447092165,1433,58861170,41609363,1151204,703894,7871520,6341080,10101219,6673236,10884627,5073392,5986289,4422711,6417452,2843769,2698660,3067950,13750199,12483331
309,000828,2017-11-09,0.0008130081300812275,-0.0008130081300814496,0.3946069819909687,7368.0,59982.45198285457,971,16054240,8643347,1776318,393257,4328846,2338619,3283958,961271,2068458,1199966,1732167,1489654,1794905,1113361,440340,411715,629248,735504
310,000829,2017-11-09,0.010628019323671634,0.0009661835748790981,0.36170089037674347,10480.0,202451.79899528876,819,24986142,16150122,851961,531714,3429805,3085657,1981715,2123546,1937626,3080447,1815037,1514589,313500,1995034,0,1792803,14656498,2026332
311,000830,2017-11-09,0.05062240663900419,0.043153526970954426,0.21555220652646417,53394.5,307224.69584989944,3130,190518666,273304890,1081139,1185328,11510408,13131405,18061008,17855152,33631315,32715855,20996134,28356128,21274546,27067438,11480106,15151775,72484010,137841809
312,000831,2017-11-09,0.005622489959839383,0.008032128514056325,0.3092457004990076,18795.0,103316.39101350999,1621,38365281,41808098,1058754,1057242,6840642,7696701,7369282,7625836,9935890,10163436,5064202,4156223,2171844,2392930,940710,1294814,4983957,7420916
313,000833,2017-11-09,0.017333333333333423,0.016000000000000014,0.24628975644177967,10626.0,67855.48939068938,927,9934924,19916301,796328,1165928,3525723,4035771,2524414,2913093,1986624,4179132,1101835,2401626,0,1031127,0,900610,0,3289014
314,000835,2017-11-09,-0.0011001100110010764,-0.0011001100110010764,0.3089659918109,13575.0,66753.48163783255,865,17373255,13342250,624230,1097374,3235031,4900046,3251163,3272820,3086387,2380925,1909042,910300,1029532,332502,3032828,448283,1205042,0
315,000837,2017-11-09,0.005555555555555536,0.001388888888888884,0.29326364855787945,10830.0,61800.95708495424,602,10626828,7694343,554292,587972,2668249,2267393,2453744,2348467,2533675,1286188,532880,673667,0,0,466560,0,1417428,530656
316,000838,2017-11-09,-0.006504065040650375,-0.006504065040650375,0.19807416607098594,9165.0,89505.83218302472,964,18610657,10631590,960848,869788,4591383,3129344,2680727,2114389,3347385,1493391,523164,506743,1683142,694715,491200,414120,4332808,1409100
317,000839,2017-11-09,-0.0613540197461212,-0.028913963328631942,0.23668876101696948,598308.0,4323649.312283923,3597,2643912496,2595440037,9551,12309,1254532,1291203,6381112,7314153,31973876,27676736,41095947,44269708,50936732,52393045,47985401,62870728,2464275345,2399612155
318,000848,2017-11-09,0.015579357351509282,-0.003894839337877265,0.23960066525492896,6114.0,76073.87703403248,1839,30933694,24291137,882963,2459246,5767517,5331056,5371286,4384225,9061239,4670575,3973090,702780,1360965,1317592,1347456,404418,3169178,5021245
319,000850,2017-11-09,0.010060362173038184,0.008048289738430636,0.23834812507879685,10040.0,97053.49516727364,434,4818591,7549610,182663,559398,1155513,2196123,995816,884726,432589,1265315,471715,506104,0,628944,0,0,1580295,1509000
320,000851,2017-11-09,0.000970873786407811,0.005825242718446422,0.3558887921455616,15510.0,88021.82777727375,837,19749861,17367131,584981,545898,4494892,3036894,3410738,1743891,3963980,4232997,3113949,2341696,699137,1645810,1219434,1325777,2262750,2494168
321,000852,2017-11-09,-0.015199999999999991,-0.02079999999999993,0.262900040542199,24620.0,127116.16162581873,2262,78193590,56037150,1496676,1378315,13192750,11036513,12585098,10546816,15310636,15470883,6954278,7554460,4478862,2792895,1768343,3250120,22406947,4007148
322,000856,2017-11-09,0.0053547523427042165,0.023203926818384568,0.45014481986879357,34095.0,184273.86686988646,2480,99188749,120778687,1166008,1164209,13702823,11267525,13362303,11665501,24223593,22260631,11525450,14248897,7415578,10127911,4436930,7213804,23356064,42830209
323,000858,2017-11-09,0.010940608127309126,-0.007388462631429338,1.2004928510948012,153769.0,642534.695051973,3438,634063158,548722251,476298,559035,8250198,10087361,16359716,18880989,38411873,43549611,38399921,46274790,36239101,42788658,38397128,31265544,457528923,355316263
324,000859,2017-11-09,0.0,-0.004184100418410108,0.24212190858337174,8604.0,56856.34903967042,389,7055299,3695778,316948,561603,1661445,1135913,1073070,671694,1962715,589987,718491,736581,371582,0,446964,0,504084,0
325,000860,2017-11-09,-0.010437375745526833,-0.0124254473161034,0.5336244267476427,15952.0,110275.36106320769,1422,38476578,20706506,1091229,1401265,5069468,7998305,5753234,5064117,6366039,3265574,3485151,1161619,2862987,365240,2719317,926299,11129153,524087
326,000861,2017-11-09,-0.0028011204481792618,-0.0028011204481792618,0.16513742035716023,7120.0,79930.02048183323,467,6427444,3839047,523888,496300,2046403,1205018,829599,394848,992594,552386,249200,288099,320400,357000,0,0,1465360,545396
327,000862,2017-11-09,-0.005226480836237002,-0.0034843205574913716,0.2815249372931253,6912.0,55081.66637438334,415,5735653,3408551,278142,560617,1584726,1624051,1258669,665715,986979,232704,0,0,394797,325464,463410,0,768930,0
328,000863,2017-11-09,-0.021406727828746086,-0.021406727828746086,0.3364676579423879,10432.0,83208.51478260443,377,9656183,4878192,226003,464724,802480,1928104,861698,1038566,2915802,572558,1116262,201190,1328224,0,1762714,0,643000,673050
329,000868,2017-11-09,0.005102040816326481,-0.0020408163265307477,0.168045099102796,72224.0,515535.66990324645,3411,374777637,340710635,1004347,1026714,13045971,12842285,22919506,21692435,41071860,29694306,29681042,28617656,35563306,24181890,18369857,18441918,213121748,204213431
330,000869,2017-11-09,-0.002890932982917205,-0.005519053876478108,1.16067364365796,18892.5,68164.31210185197,1074,26158524,17951433,869101,745135,5796726,6207763,4610737,3466840,5682337,3896007,4129775,2455553,2408866,303920,881008,876215,1779974,0
331,000875,2017-11-09,0.004405286343612147,0.0022026431718060735,0.18484168070305765,5460.0,43228.98775370251,603,5298086,6340905,604074,715333,2248476,2209072,701812,814900,1225752,853840,517972,455998,0,382583,0,909179,0,0
332,000876,2017-11-09,0.0013071895424836555,0.0013071895424836555,0.1817914479939104,10347.0,117094.61174441628,1772,37116299,39351969,1477857,2011791,6820547,7453413,4846620,6353184,4995585,4820408,2902040,3771175,4361277,2888635,893985,1334648,10818388,10718715
333,000877,2017-11-09,-0.004389815627743654,-0.0026338893766463256,0.2569723165091234,14755.0,121009.6256356376,1965,51854707,29198983,1503049,1199951,11117739,8714381,8610090,7327405,9134737,5018564,3994289,3657957,2111568,666868,862962,0,14520273,2613857
334,000878,2017-11-09,-0.004398826979472137,-0.008064516129032362,0.30313383716984055,26163.0,167023.9372883425,2025,85095221,55757458,1412516,1125853,9388464,10164780,11879724,10427414,16715111,11815574,9879405,8734955,5131598,3877863,4527348,2974588,26161055,6636431
335,000880,2017-11-09,-0.008555133079847899,-0.012357414448669113,0.4218822635138813,3132.0,19376.500340559658,621,3929530,1896557,1048939,270684,1183371,1138258,810159,487615,682181,0,204880,0,0,0,0,0,0,0
336,000881,2017-11-09,0.005249343832020914,0.002624671916010346,0.44396710693048785,16918.0,90911.84353669359,1178,28443187,27573442,895187,916043,6612013,5483142,5349398,3805683,6532246,5350694,2463588,3062120,2322186,3106499,1323891,418230,2944678,5431031
337,000882,2017-11-09,0.003012048192771122,0.003012048192771122,0.13189357160005238,5328.0,70217.99283267367,634,9843622,6163365,666328,646271,1893134,1560381,1796494,878070,1064724,821159,1832351,266400,2088176,0,0,470529,502415,1520555
338,000883,2017-11-09,-0.0040567951318457585,-0.006085192697768638,0.13706883511486842,3920.0,96383.80454871088,1296,17825700,7123428,1947125,1332613,3159003,2874818,2032156,1142831,1578225,1154786,725515,0,335052,0,411404,0,7637220,618380
339,000885,2017-11-09,-0.005428881650380135,-0.007057546145494142,0.45410129815663064,18350.0,59148.95171214926,1645,36708186,24894851,1322118,1566892,9440397,8519741,8786357,6301426,8607543,4467679,2705275,2434372,3198033,686190,1357212,417679,1291251,500872
340,000886,2017-11-09,0.02346805736636237,0.016949152542372836,0.17228919801813553,30943.5,241866.87815926457,1986,84269122,113116975,1127298,1302818,8707174,8872462,11123740,12703319,11255837,14263455,7740473,10981648,7374239,6101896,4837397,10216497,32102964,48674880
341,000887,2017-11-09,0.00427350427350448,0.0016025641025640969,0.5614482864106194,18800.0,115222.9163878874,1111,32847701,32859438,549117,1405062,3781240,5494962,3399609,4860041,7236289,7064445,3360438,4525719,2901073,1977978,4065698,3104786,7554237,4426445
342,000888,2017-11-09,0.003868471953578423,0.0009671179883945502,0.39628860344852634,14476.0,56635.88606982928,680,8151192,9862708,139542,541333,1587421,5208806,889313,1385093,1240556,1679547,1386658,737129,1234608,310800,431794,0,1241300,0
343,000889,2017-11-09,0.0,-0.002960769800147922,0.4991005980680128,13490.0,80098.60080041387,732,13587245,12567918,699097,612727,4246911,2889600,2602413,1899731,2553058,2463308,290304,2091470,354793,1073605,809244,412794,2031425,1124683
344,000890,2017-11-09,0.014306151645207432,0.0014306151645206988,0.31816753673085996,7040.0,61608.16596651849,482,7258671,4895236,667781,371624,1671235,1835404,897692,762489,1474274,1013372,452789,213615,378700,698732,405375,0,1310825,0
345,000892,2017-11-09,0.003663003663003872,0.0012210012210012167,0.28858031606381257,11508.0,79261.42143697357,805,14400888,12960828,738532,1064942,2824785,3803054,1627019,3442030,2151816,2345796,1378946,1032900,1036341,753867,2258539,0,2384910,518239
346,000893,2017-11-09,0.03605769230769207,0.009615384615384581,0.32153854992080655,10116.0,46337.343720582736,669,7928106,8250269,786150,587992,3580309,2853957,1421389,1555254,976658,1463847,812150,463134,351450,396210,0,929875,0,0
347,000895,2017-11-09,-0.015261627906976716,-0.029069767441860517,0.48325275523465183,86640.0,541982.4216367633,3246,448180979,368600745,439892,932191,9269840,12325320,19383953,21993757,37517038,41217548,31220057,30409427,22083680,29009173,19890015,24966558,308376504,207746771
348,000897,2017-11-09,0.0,0.0,0.14710052905354234,4110.0,72267.2161471894,777,7147243,7111552,895314,699211,2640202,1752497,822872,781202,948186,1043470,209099,0,659280,0,411000,451409,561290,2383763
349,000898,2017-11-09,0.00454545454545463,-0.003030303030302939,0.14870901719190893,16525.0,336181.40488158196,1973,100282096,108932507,1350020,1599808,7620142,6455799,8488223,7085460,10500021,9766693,9512504,7882420,7344371,7854028,11125377,6210007,44341438,62078292
350,000899,2017-11-09,0.0014880952380953438,-0.0029761904761904656,0.4144179405790812,7397.5,59133.22934274386,262,3737942,3162424,319206,145085,1104774,782370,808383,442874,263032,126630,409065,662645,386590,1002820,446892,0,0,0
351,000901,2017-11-09,0.0011312217194570096,0.0011312217194570096,0.8236596062047161,7995.0,68625.68796389255,1036,15727831,13557300,717775,1784462,4074107,3750808,3303094,3334431,2509073,2433000,0,1500485,1042963,306730,861228,447384,3219591,0
352,000902,2017-11-09,0.013861386138613874,0.013861386138613874,0.3027635342966206,6102.0,103270.55294326112,1113,22180857,19936814,483404,1548270,2712584,4345623,2790955,3223478,3750764,3315417,2162455,1659820,2717923,2067594,0,1326938,7562772,2449674
353,000903,2017-11-09,0.0,0.0026385224274405594,0.1261558355952125,8001.0,76895.55386484104,904,18856082,11516195,1043808,504727,4041043,2821213,2057247,1844327,4573354,2044137,1934813,1644152,3201158,324803,0,0,2004659,2332836
354,000905,2017-11-09,0.0022607385079127518,-0.0015071590052749828,0.3608334431946727,15947.0,99788.59638923236,1352,40911408,25446007,1049921,1136863,6459308,6026167,5905458,4837971,9812660,5799940,5618288,2618847,3011528,1028433,2215098,1351396,6839147,2646390
355,000906,2017-11-09,0.009638554216867545,0.00120481927710836,0.3246742929887534,15156.0,71338.13288549575,653,11626388,11257123,595960,517009,3725807,3098542,1948520,1871348,1831279,1525206,1631010,1809663,305060,620035,901770,498960,686982,1316360
356,000908,2017-11-09,0.00287356321839094,-0.002873563218390718,0.38145539663962014,9730.0,70635.04270070029,332,5973054,4778146,146019,508756,732085,1907565,1019062,604991,1222514,959764,1177279,450070,0,347000,440690,0,1235405,0
357,000909,2017-11-09,0.002409638554216942,-0.003212851405622441,0.5557582772035234,12460.0,67156.9121925614,501,10951912,4587346,518847,401721,2948750,2553232,1790309,977447,1437419,654946,966925,0,1288108,0,419228,0,1582326,0
358,000910,2017-11-09,-0.000805477245267805,-0.00040273862263384697,0.553788146555606,12312.5,101685.51442905224,2026,56820132,30399679,5494132,386441,12745196,3438364,8885588,4285025,11482556,10589960,4651606,2713491,2808513,1747672,1286527,469286,9466014,6769440
359,000911,2017-11-09,0.012369172216936342,0.010466222645099776,0.3068255217240209,12720.0,55652.933786628186,1173,15534176,21657390,895708,943522,4301429,6793095,4015601,5213102,2829655,3777984,1660527,2256947,655424,1627003,0,406737,1175832,639000
360,000912,2017-11-09,0.004920049200491938,0.004920049200491938,0.2281454533465346,12270.0,50770.15560644131,1270,16462981,20740856,1326444,1235581,6057764,6527209,3580732,3168628,3556573,4218839,1223058,2489885,302250,998796,416160,2101918,0,0
361,000913,2017-11-09,0.0005189413596264902,-0.004670472236637302,0.8525910699083733,17455.5,90882.46878592952,510,13229595,6412929,372420,631197,2912930,1792169,2134747,1843998,2415528,951639,1679713,482680,1124757,0,402480,0,2187020,711246
362,000915,2017-11-09,-0.009886594940389792,-0.01104972375690616,0.9833501596951452,17065.0,130967.86577865953,1223,30679056,20485062,650734,1013197,7059659,5891455,5319343,3374663,5070796,3181047,2609210,1010133,2741059,1072135,1762578,888597,5465677,4053835
363,000917,2017-11-09,-0.03778337531486142,-0.015952980688497043,0.2038328898771167,114553.0,738043.0957089656,3420,525881275,466767396,611543,570799,9685948,10273442,18897499,21206054,42382510,45161768,39575792,44847543,32241032,30709623,28903069,31091009,353583882,282907158
364,000918,2017-11-09,0.03257790368271962,0.03257790368271962,0.18582856332598835,24310.0,261300.53910622606,1447,58650950,78104052,1063165,879003,5434802,7422510,5896812,7691887,7713029,12295692,4679090,6353109,5741213,3897861,406266,3599798,27716573,35964192
365,000919,2017-11-09,0.010040160642570184,0.005020080321284981,0.4843123306922092,14000.0,62359.866189071356,422,5743045,7990390,328134,365368,2116194,2447831,1251301,2109714,352504,1428286,0,635891,300600,301200,857312,0,537000,702100
366,000920,2017-11-09,0.010526315789473717,0.0052631578947368585,0.3721080207949547,17032.5,100732.27469248291,938,21068490,21803612,690555,538013,5175409,4104195,3713006,3449833,5004558,4262708,2134937,2337273,1050854,2040223,479109,491183,2820062,4580184
367,000921,2017-11-09,0.014790996784565857,0.014147909967845651,0.3382834674529714,23265.0,126893.37087504777,2115,72917659,62050451,1279949,1330062,9473179,9368950,9776020,10494202,15258735,14867776,9035771,6351822,6307873,6352313,5463470,3270404,16322662,10014922
368,000922,2017-11-09,0.0047562425683709275,0.00356718192627814,0.3195640574419795,14237.0,67776.88659797014,692,11844978,13559701,598184,659437,2944899,3340082,2726925,2947403,2484647,2522650,999093,2053677,636270,393855,421000,421500,1033960,1221097
369,000923,2017-11-09,0.0038610038610038533,0.00617760617760621,0.6973661858966742,18375.0,64966.509652967354,1379,29533468,26697977,817594,917010,6727373,6320257,7779375,6829456,6589929,7121277,4168164,2770725,1271902,634224,815762,443530,1363369,1661498
370,000925,2017-11-09,-0.0031133250311330407,-0.001245330012453305,0.5893354328604263,15900.0,79210.52613054393,742,12980835,12362599,481025,940058,2987629,4628128,2097412,1644981,1818254,1537524,1451720,1474862,344645,1028591,435200,452760,3364950,655695
371,000928,2017-11-09,0.0013908205841446364,-0.00417246175243402,0.23988191081086163,11512.0,115883.92093204657,898,21152403,17518388,528082,1044727,3318059,4208156,2379048,2933184,2226908,3088717,2913773,3013199,1149817,2081323,858821,430082,7777895,719000
372,000929,2017-11-09,0.01300813008130075,0.010569105691056846,0.6113199121344417,12305.0,50322.56304020199,404,5973793,3704230,348922,384319,1488464,1925460,1012904,903207,1519499,491244,443980,0,0,0,0,0,1160024,0
373,000931,2017-11-09,0.008207934336525335,0.008207934336525335,0.2640614450234672,11752.0,74019.1366255552,766,11506010,13014303,730008,749295,3989470,2886402,2072893,2706485,1699692,1401457,499988,714695,698432,1419752,1815527,913040,0,2223177
374,000932,2017-11-09,0.004825090470446325,-0.009650180940892428,0.16883180329905723,23838.0,264128.614239251,2415,110738794,100602156,1602808,2031933,11211889,11858576,12254199,10626421,16698457,11921931,10956108,7898655,5089914,4205170,6163116,7550585,46762303,44508885
375,000933,2017-11-09,-0.012631578947368327,-0.017894736842105297,0.17872095693916315,40828.5,337810.489012061,2830,204309964,210533210,948618,1630074,9632826,15393392,13221566,17453712,18496291,32746389,18583240,20518697,15573642,15873837,17505861,14030815,110347920,92886294
376,000935,2017-11-09,0.010015022533800932,0.013520280420630915,0.3985124208605106,25993.0,108686.6726964727,2512,80537451,62540192,1215512,1242163,13136259,13038329,14489941,14799005,18960681,14086230,7193897,6742710,6044845,2835881,2979221,4919431,16517095,4876443
377,000936,2017-11-09,0.004636785162287493,0.0030911901081918103,0.2926566706647467,9424.0,49484.90627507142,488,7701152,4844024,433759,481705,2335692,1760669,1465044,800892,1858048,594100,978639,467350,629970,303180,0,436128,0,0
378,000937,2017-11-09,0.0032467532467532756,0.0016233766233766378,0.13200292543224196,12460.0,142181.10729990946,2182,68698634,61180955,1791567,1059733,8361038,6589833,9688085,7850645,10522801,11823091,7170676,6431151,6786374,5817453,5681699,4091922,18696394,17517127
379,000938,2017-11-09,0.048260733312441406,0.016609213412723145,1.3386911219109343,57600.0,252753.2494278616,2273,150149212,143962035,669949,851742,9080973,9664285,11634026,15458329,28030855,25383678,18898131,19122315,16130568,17270721,7419994,10561056,58284716,45649909
380,000939,2017-11-09,0.006072874493926905,0.004048582995951344,0.17390875823487575,6487.0,53096.04806869001,807,13006478,6835485,970878,731147,3182557,2259338,2968241,1339584,2192591,1908563,760927,249500,968384,347353,883710,0,1079190,0
381,000948,2017-11-09,0.026501766784452263,0.023851590106007015,0.4118142415202281,11500.0,62426.061935240265,755,10964067,12892555,761415,613165,2962097,3119895,1888209,2225938,2783879,2063675,1520459,1632062,1048008,2051202,0,0,0,1186618
382,000949,2017-11-09,-0.0023529411764705577,-0.009411764705882342,0.1963493093030593,10338.0,109112.78025847944,468,12624754,4848475,303493,518081,1769126,1863674,1825814,1147052,2009478,410728,1115557,908940,676466,0,2120660,0,2804160,0
383,000951,2017-11-09,0.0068069306930693685,0.0024752475247524774,0.3765715707525,8130.0,58459.68648720483,1842,30917346,20869291,3001836,1186953,7756311,5163298,6754756,4526947,4228862,4117753,3026412,2590312,3694353,1795484,1797546,409250,657270,1079294
384,000952,2017-11-09,-0.01023192360163716,-0.010914051841746208,0.6105026711864976,14600.0,98700.9125595962,576,15073573,8751288,447334,465853,3021709,2724114,1376561,2021498,2448255,1686141,1923972,787782,744072,626400,891814,439500,4219856,0
385,000955,2017-11-09,-0.008888888888888835,-0.007407407407407418,0.26535683082048916,20280.0,291899.30417586537,647,31022199,13575634,480973,413440,3301303,1864772,5206438,2315077,3420793,3995148,1544949,1372531,2081005,1710292,1657681,834384,13329057,1069990
386,000957,2017-11-09,0.0063041765169424835,-0.005516154452324673,0.30719482095080675,20560.0,116329.40433063945,1707,52891590,44343162,1178635,1085188,8769115,8389993,7755361,7471825,10444654,10657842,9517144,7213626,2988780,3114913,891522,934589,11346379,5475186
387,000958,2017-11-09,0.003016591251885359,0.003016591251885359,0.1905595711911402,13240.0,191311.73664806638,1211,24286896,34294367,1064704,1121968,5424052,5428047,3749054,3745569,5857273,3185900,1516445,3910569,2107104,1976499,1771186,1826899,2797078,13098916
388,000959,2017-11-09,0.015673981191222763,0.012539184952978122,0.12503632416179672,5216.0,58501.789704234056,2612,21181229,41497869,906722,3994371,6656488,10442437,3462707,7358063,5266605,8491485,949245,2559609,1738866,2697373,970380,2705841,1230216,3248690
389,000960,2017-11-09,0.0007062146892655718,-0.0007062146892655718,0.3489090189403457,25641.0,193981.21144534877,1648,69259813,60620001,1097438,1129855,8464421,8091853,8819534,6682557,11158415,10648464,8684833,4752507,3925143,4247766,5855434,3893167,21254595,21173832
390,000961,2017-11-09,0.0,-0.0032467532467532756,0.18738456268697679,12340.0,102268.8468947603,1081,23274497,19586102,914162,803455,5084374,4507776,3498275,2108760,4216696,2901522,1712798,1897572,1724546,1006710,2180947,908110,3942699,5452197
391,000962,2017-11-09,0.0045351473922901064,0.0022675736961450532,0.35118203881892207,8895.0,41478.0969404238,630,8106202,6722710,763206,781099,2726270,2376150,1415374,1631117,1812808,1637869,235675,296475,657269,0,495600,0,0,0
392,000963,2017-11-09,-0.010269576379974388,-0.01998899688245004,1.1316869618666743,32292.0,279029.72311049444,2323,139967271,73490030,700167,1572971,10581955,11044626,12113860,12512622,31332368,15873080,14695291,9572932,9249357,6717377,5390910,4875123,55903363,11321299
393,000965,2017-11-09,0.0,0.0,0.2331180353620663,8164.0,40730.65664161556,723,9360066,6196702,739943,591999,3083218,2259460,1770659,1794649,1978836,1192577,458091,0,1329319,358017,0,0,0,0
394,000966,2017-11-09,0.0021739130434783593,-0.0021739130434782483,0.2552297137680553,6432.5,55354.72654669419,324,4873166,2782598,444034,251066,1734793,565742,1089071,671142,116172,380575,799096,914073,0,0,0,0,690000,0
395,000967,2017-11-09,0.0160160160160161,0.01301301301301283,0.2990127585420785,23276.0,102579.03163724692,1116,27224526,33897412,558449,630434,3727204,6681368,9575513,5121128,5639702,5997360,2778935,3095193,2886905,2284756,853518,3023854,1204300,7063319
396,000968,2017-11-09,0.02617801047120416,0.02617801047120416,0.38365254964393125,15450.0,67738.5167284542,1588,16098306,34586197,632748,2298885,4209281,12874100,3539037,5311463,3026261,5693725,458558,2618228,722008,2065024,1852681,818496,1657732,2906276
397,000969,2017-11-09,0.005165289256198413,0.0,0.3189315430547368,9680.0,87878.1229284045,921,20559331,12220698,1041057,991906,3873667,2910752,3292859,1841832,4856320,2788624,1990758,1628520,1067096,0,881790,911445,3555784,1147619
398,000970,2017-11-09,0.005632040050062459,0.006257822277847103,0.3210472836341736,38472.0,180857.16240922944,2479,111178968,126823250,1334332,1182279,10564861,11747492,14084834,13095009,24016655,32819638,13990995,12886613,9434331,15243484,6275633,5261872,31477327,34586863
399,000973,2017-11-09,-0.0013793103448275223,-0.0027586206896551557,0.2254459280578323,10882.5,74174.08823348244,1034,21144049,15493368,1170449,1009033,4667840,4223940,3366636,2954614,3825063,2693426,2082709,2252022,1033508,1490933,1651246,869400,3346598,0
400,000975,2017-11-09,-0.005856515373352855,-0.007320644216691097,0.5138853222004292,14982.0,72451.66731614982,706,13315998,12129659,473608,866566,4379750,3203353,1861294,2059419,2469518,1053586,1033918,2748007,788010,670725,0,415264,2309900,1112739
401,000976,2017-11-09,-0.005324813631522929,-0.007454739084132078,0.30158227166802787,18580.0,104005.70767386271,969,27863147,22246953,646270,1090934,4153922,5256452,3647881,4775173,5008715,2508330,3185871,1393840,2482537,1595551,3075108,2236463,5662843,3390210
