,code,date,pchange_whole,pchange,change_std,amount_median,amount_std,length,sumsell,sumbuy,sell_vol_0,buy_vol_0,sell_vol_1,buy_vol_1,sell_vol_2,buy_vol_2,sell_vol_3,buy_vol_3,sell_vol_4,buy_vol_4,sell_vol_5,buy_vol_5,sell_vol_6,buy_vol_6,sell_vol_7,buy_vol_7
0,000001,2017-09-18,0.0,-0.001777777777777767,0.2098524253701697,56250.0,569494.372720536,2878,239022534,279903172,1021332,1264716,7555024,9939168,11931257,29141922,25332392,27805480,25043367,32978844,13370047,12722205,17586710,13597739,137182405,152453098
1,000002,2017-09-18,-0.03343674594967261,-0.01999310582557745,0.48680713117822044,252410.0,1082967.1770691199,3557,1077435117,835501961,334582,265102,6457222,6244685,13641943,13886468,48080561,38219387,49000070,37455336,54247057,44558474,47913420,48905765,857760262,645966744
2,000004,2017-09-18,0.023140495867768784,0.023966942148760495,1.0970470332958484,12360.0,58065.582063385344,486,6201156,7568382,670676,338576,2322179,1731457,1443415,1618253,478936,1033118,790485,1793324,0,0,495465,429404,0,624250
3,000005,2017-09-18,0.007677543186180413,0.0038387715930903177,0.13265623294023754,13125.0,105423.32916514832,1546,30337576,24476621,1083062,1258929,8143290,6615142,4249021,5178485,5006053,3844425,2993588,3035570,1756699,1048510,896353,1415133,6209510,2080427
4,000007,2017-09-18,0.009721322099805585,-0.0006480881399870686,0.8309415882398247,6168.0,42298.3174507527,344,3692610,3155052,392946,277206,1152570,1064838,1198511,263785,742459,308700,206124,818923,0,0,0,421600,0,0
5,000009,2017-09-18,0.021186440677966267,0.02330508474576276,0.16636027489649682,70200.0,433840.30868663196,3225,303116367,348765636,1184897,1051077,13872288,11443669,20569914,17931880,42065434,40045773,23796271,27538536,23387268,24092623,19387827,20494761,158852468,206167317
6,000010,2017-09-18,0.0039215686274509665,0.0019607843137257053,0.20899123103974399,8208.0,75107.58928008506,595,7731470,8474270,496749,616967,1960524,1844338,1777528,1761253,1856725,1077401,0,640166,335872,1079630,0,943515,1304072,511000
7,000011,2017-09-18,0.004784688995215447,0.0004784688995216335,0.42348248837377567,40033.0,213627.60129775014,2437,132131851,121190301,794646,1007663,10961132,12424441,13202014,14052908,22357769,20028835,15377159,13108284,15620472,10724088,10238523,9763942,43580136,40080140
8,000012,2017-09-18,0.009132420091324311,0.005707762557077611,0.20002794734677873,19337.0,135285.91657592074,1919,55518552,55322398,1548433,1622853,9279711,9966816,9110226,9314335,11811901,7901182,5337772,5870945,2946294,3688231,6191812,3160259,9292403,13797777
9,000014,2017-09-18,0.0040697674418603835,-0.0005813953488370549,0.6265178910952303,17240.0,48194.88167534205,753,15999990,8629714,676473,574590,4675867,3360211,4479001,2249674,3215747,1921395,1403745,523844,1044083,0,0,0,505074,0
10,000016,2017-09-18,0.0033222591362127574,0.0016611295681063787,0.21402213967964362,10854.0,95613.48254495586,791,17644669,13682827,612899,937681,3629205,2081393,2142651,2019469,3964379,2430550,2094668,433557,1012996,1305112,1335016,412760,2852855,4062305
11,000017,2017-09-18,0.0,0.0,0.44577610392023187,8080.0,48101.50968573033,326,5360408,3148365,356941,374918,1237304,1265236,1088869,799875,1215922,273363,1461372,0,0,0,0,434973,0,0
12,000018,2017-09-18,-0.006321112515802807,-0.005056890012642201,0.20503976533477292,18864.0,89110.27286192932,1489,38799250,44145337,1296600,1121611,5890703,4835624,10102492,3648256,6796103,25537636,5350536,6170698,2272268,1435852,4037143,852534,3053405,543126
13,000020,2017-09-18,-0.004149377593361092,-0.002593360995850613,0.8580924117831739,11520.0,74520.20056942548,504,7721021,7356662,412957,763078,2551706,2438457,1480973,901528,1197738,1062352,0,454667,0,0,0,0,2077647,1736580
14,000021,2017-09-18,0.009977827050997812,0.003325942350332678,0.20788979622749088,9170.0,136346.0540931804,1884,37664687,42267743,1191921,2600845,4553990,9162663,5486620,7730138,5375801,6284719,2286716,3824086,2037387,1407490,2755257,1777981,13976995,9479821
15,000022,2017-09-18,0.0018705574261130842,0.001122334455667895,0.9677683825264966,16137.0,99297.12861482389,762,23073291,10733765,442816,559068,4020660,3741245,3672801,2713590,4346544,2582358,4169169,1137504,985150,0,1757468,0,3678683,0
16,000023,2017-09-18,0.009740259740259605,0.0040584415584414835,1.1682080577308258,12365.0,41821.60379685401,444,6462874,4650028,570747,489623,2318628,1797601,1297182,787612,1338777,1241067,224010,0,713530,334125,0,0,0,0
17,000025,2017-09-18,0.007763975155279601,0.004880212954747165,1.1306398009227567,18168.0,56876.57493829517,1589,26813353,26879983,1356797,2119234,8747546,9437672,4905337,7947440,6615659,4931625,1998034,1089812,1135496,386920,444724,0,1609760,967280
18,000026,2017-09-18,0.009282700421941126,0.006751054852320637,0.4752033438223417,10683.0,75679.6872736413,621,12523680,9421034,444313,510996,2600305,1926976,1980847,1275314,2219456,2461223,2319149,1475101,1343813,0,415800,0,1199997,1771424
19,000027,2017-09-18,0.003053435114503955,0.003053435114503955,0.21094364926867157,5256.0,89875.4334252046,964,12807131,10886107,1047072,852668,3128702,2567022,1965956,1712750,2449819,1199830,1253599,410592,1053950,670816,400892,413280,1507141,3059149
20,000028,2017-09-18,-0.008931185944363151,-0.00937042459736459,2.221019854211068,13619.0,149037.7956592128,945,27572495,23558407,1249893,718366,3562675,4811695,2610024,4981295,4506878,4742521,3661658,1328880,2741640,1688291,887936,895564,8351791,4391795
21,000030,2017-09-18,0.0022148394241419123,0.001107419712070845,0.2258477075992855,4525.0,60891.831592226845,1599,16049826,22925927,622726,2461529,3394846,7117432,2449965,4135470,5426888,3306876,1430912,1205952,983692,1979229,450000,427074,1290797,2292365
22,000032,2017-09-18,0.004946996466431042,0.001413427561837377,0.47517381393865893,14140.0,74246.46627144626,886,16350330,12741122,777860,1037027,3930719,3944435,3520217,3004014,4002648,1841922,1572590,973792,1064491,383670,897410,0,584395,1556262
23,000034,2017-09-18,-0.01118568232662187,-0.01879194630872494,0.6413116906033323,17884.0,82729.54057593357,1214,32838777,19394540,1126220,618163,6804118,4878896,5952423,4396312,6655148,4435182,3416677,1642306,2113993,1016390,3595887,0,3174311,2407291
24,000036,2017-09-18,-0.014667817083692802,-0.018119068162208762,0.22666149937437305,43396.0,280953.89936904673,2617,167570955,128135599,880280,946766,11556623,13527126,14573851,15344618,25659300,25385565,26685368,17323226,15829842,9476278,8921330,7978879,63464361,38153141
25,000037,2017-09-18,-0.009911894273127775,-0.012114537444933848,0.35194605312304966,8840.0,67556.41511245692,665,9805086,7730779,672746,832155,1848458,2760076,1741461,1283882,1715096,972935,1041926,967811,300693,0,1339690,0,1145016,913920
26,000039,2017-09-18,0.006955591225254132,0.005885500267522659,0.34977546253680797,20680.0,100690.82535209961,2862,59653256,73302741,1603540,2648717,12272380,24355818,8193640,10004481,8672971,10336296,8442715,5946938,5916781,4195044,3430583,3082070,11120646,12733377
27,000040,2017-09-18,0.008196721311475308,0.004098360655737654,0.45395592503975346,1477.0,66506.56973706603,1040,10887875,16929123,246212,1059870,1819688,4117593,2470850,3949580,2021942,3586432,1455686,1012332,987447,1108952,897413,444000,988637,1650364
28,000042,2017-09-18,0.0011494252873565092,0.0017241379310346527,0.7517954091023361,12242.0,38353.96105776147,535,4077973,7750561,288406,603744,1702258,3439700,812267,1698333,1074022,735869,201020,212355,0,635310,0,425250,0,0
29,000043,2017-09-18,-0.020183486238532167,-0.020183486238532167,0.3942560488085738,20254.0,112769.04010625432,764,26547696,10890375,637588,389604,4687096,3152566,3847416,1874642,5885986,2455886,3739421,746210,1101498,718595,877165,0,5771526,1552872
30,000045,2017-09-18,-0.0024752475247524774,-0.0024752475247524774,0.3864621652333412,18210.0,66405.83521234976,983,22810540,14107936,609574,784557,6000901,4860260,5024905,3588875,5043186,3146963,2152329,671852,1497347,1055429,1274718,0,1207580,0
31,000046,2017-09-18,-0.0024125452352231624,-0.0024125452352231624,0.23350934917170837,10764.0,78351.88106045406,1261,23511485,21061701,828868,1124352,5002086,5031595,4856335,5824683,3659715,4280052,1477276,1186924,628951,1054723,2626259,1379678,4431995,1179694
32,000048,2017-09-18,0.02473363774733639,0.029299847792998435,1.2694007662750515,13567.5,77333.03534698428,428,6012566,7818562,398988,309105,1949454,1692563,803454,1880570,968630,2112362,226320,482515,719930,0,0,0,945790,1341447
33,000049,2017-09-18,0.014168530947054503,0.007457121551081247,1.1971498148069375,32250.0,116781.7768712908,2007,64669684,63516983,677705,862253,10759476,11426337,11664037,12077247,13143769,16240894,8390935,7835652,4694255,3440623,1776420,2733811,13563087,8900166
34,000050,2017-09-18,0.004891062694531101,0.0035571365051134674,0.44536676233375083,38284.0,233327.07974550614,2551,135858581,137093659,763033,1251697,14805660,14982082,12204455,14627723,18338697,21126704,12383152,19239067,8544189,9775647,12892630,7386173,55926765,48704566
35,000055,2017-09-18,0.008997429305912519,0.005141388174807249,0.1996800298808432,7780.0,52552.61095434514,1519,16427266,22384602,1683712,997549,4302908,5552961,3629178,9122626,3632359,2697618,1010969,1628344,1667380,327658,0,465660,500760,1592186
36,000056,2017-09-18,-0.010383386581469534,-0.014376996805111841,0.45670917507428943,7428.0,44541.63949561742,751,10585177,5703479,997123,602764,3791352,1848284,1526906,1269798,1775325,1402985,1184624,207648,383112,372000,926735,0,0,0
37,000058,2017-09-18,-0.003722084367245748,-0.006203473945409543,0.2953885342469905,12022.5,92987.5976768428,744,19202221,8615505,707667,913297,3656730,3083434,2436544,2055395,2443774,1777486,3234295,467956,990847,317937,1276459,0,4455905,0
38,000059,2017-09-18,-0.015151515151515249,-0.022727272727272818,0.2504773044797226,38973.0,438695.81379877834,2251,190254412,131872974,716355,1087371,9135504,10278353,14096663,10687877,22913304,22124645,17094401,11972293,10039426,8169816,8067625,6260464,108191134,61292155
39,000060,2017-09-18,0.014634146341463428,0.008943089430894169,0.2266806856808305,27280.0,184350.73583951904,2947,112902532,137988320,1033205,2317905,10191692,17687612,11275610,17307835,16438707,24051185,13366970,20180646,8541323,13478629,15107253,13864397,36947772,29100111
40,000062,2017-09-18,0.0007407407407407085,0.0022222222222221255,0.7818114300429799,16188.0,88033.04791751207,1192,25617513,23553650,561093,1472883,4708281,6130778,6011276,4829045,4197800,5883823,2816135,1919462,994818,789552,425494,1368736,5902616,1159371
41,000063,2017-09-18,0.020040899795501055,0.015541922290388532,0.44584978065098274,102069.5,702462.7265558323,3008,456909950,424149290,830410,711827,12155281,7809420,19844798,13456647,42266139,29607198,37868870,25483180,32600983,21668729,26452770,25799908,284890699,299612381
42,000065,2017-09-18,-0.003018542475204833,-0.006037084950409666,0.6465369866169078,12770.0,85384.01496459142,1286,30619695,18741825,816950,1355737,5855749,5509776,4978388,5837626,6581390,2880891,3734566,1972633,1071105,718362,940880,466800,6640667,0
43,000066,2017-09-18,0.022196261682242868,0.01635514018691575,0.17377393716704803,20568.0,236748.78896607534,2429,71742125,111676188,986604,2405017,7458701,14014215,6350810,12575470,11659405,18230848,8486785,10919512,8134776,8965654,7127359,3860628,21537685,40704844
44,000068,2017-09-18,0.01298701298701288,0.008658008658008809,0.17826031315095875,14040.0,111141.89363467014,1513,42975608,25774021,1381077,1002960,8462117,5028012,7599554,5775853,8342826,4414524,3954175,2290070,1668591,1716868,890105,492768,10677163,5052966
45,000069,2017-09-18,-0.016967126193001114,-0.016967126193001114,0.16674746372255556,69048.0,339445.8856590483,3213,291601936,259846756,1331068,981934,12687480,9723031,21687570,15262918,45327554,32849118,45742095,28308679,29280351,21157216,20947428,21025131,114598390,130538729
46,000070,2017-09-18,0.007532956685499137,0.0009416195856875031,0.29649580822644894,10650.0,103221.74998600426,1283,19780204,19295544,854771,1288050,3491064,7016530,2728215,2364136,2615819,2611705,1608076,2702702,1016325,955001,0,0,7465934,2357420
47,000078,2017-09-18,-0.003284072249589376,-0.0049261083743842304,0.14017103974419254,3648.0,69528.21169903428,1890,16493348,21669475,762904,2980588,2846936,6295996,2299229,3206542,3552737,3547563,2419587,1232055,1336914,1022164,1277618,0,1997423,3384567
48,000088,2017-09-18,0.004366812227074135,0.004366812227074135,0.2771405054225577,11028.0,69349.66551845025,1092,19304243,20729530,1317878,1104517,4468197,4542216,4652139,4152991,2164472,4503545,2674792,2992867,2116175,2054895,0,1378499,1910590,0
49,000089,2017-09-18,-0.0011560693641617936,-0.0011560693641617936,0.2676964608740406,10380.0,80649.58130905151,1044,23068123,11869739,873611,1213802,3186221,4397368,6729042,2176218,4266023,2133917,3114937,762924,988120,755108,1321170,430402,2588999,0
50,000090,2017-09-18,-0.01742738589211623,-0.01742738589211623,0.2899753282868892,23900.0,226387.8195098288,1728,95450493,49943233,842644,1110412,8855749,10149541,9255722,6429436,12481728,6727770,6428658,4464285,7611681,2566802,4487658,4091740,45486653,14403247
51,000096,2017-09-18,0.0006910850034553828,0.0,0.7859487725180652,12955.5,44876.41583253013,338,3744808,4289653,365341,276027,1756062,1633229,1299430,713980,107925,567655,216050,491504,0,0,0,0,0,607258
52,000150,2017-09-18,-0.00036724201248627963,-0.004039662137348521,1.2756439690622359,13570.0,163133.99756698302,455,14623518,8965338,606074,222408,2403359,1369231,2008169,847982,1023727,644613,503918,1885435,681227,345186,876165,1217833,6520879,2432650
53,000151,2017-09-18,0.0016207455429495532,-0.0005402485143166658,0.5205459285805789,25697.0,151467.1530801542,1264,54623135,36521541,740749,1067767,5693253,6014755,7207509,6824614,8154285,8195363,6085081,3141065,6637203,2531411,2993409,1805532,17111646,6941034
54,000153,2017-09-18,-0.0009699321047526022,-0.004849660523763455,0.3875449632129807,12300.0,54374.34840490566,707,13429414,8360395,564390,514184,3505714,2875728,3187945,1764620,3883487,1896723,1447709,205200,327669,361530,0,0,512500,742410
55,000156,2017-09-18,-0.0027118644067796183,-0.008135593220338966,0.4715842077443576,16203.0,145470.94697177043,978,42879303,17072232,643683,858520,4705521,4618338,4204187,2271001,5497071,2086902,5014087,1600736,5627748,362604,2779685,489036,14407321,4785095
56,000157,2017-09-18,0.002169197396963085,0.0,0.08933361332465631,8316.0,148656.450608977,2678,54573012,48120279,3498649,3096374,8834963,9235594,6842487,6662478,6938289,8181762,3782229,5613570,1749353,1792346,2577197,3638396,20349845,9899759
57,000158,2017-09-18,0.004608294930875667,0.006451612903225934,0.2604864176445968,18402.5,158518.2715336205,1736,57271556,36835072,1257299,1218163,10215455,7776093,7609350,5504549,9157448,8197416,4989887,4474049,3211264,703954,4135295,2339837,16695558,6621011
58,000159,2017-09-18,-0.026388888888888906,-0.026388888888888906,0.17208077307660727,21105.0,259823.20216230466,1754,64874642,71836263,1324619,1223694,7916401,7298601,7860972,8495444,9148561,10109318,8561658,8411568,9323259,3189973,6170250,7183456,14568922,25924209
59,000166,2017-09-18,0.006711409395973256,0.005033557046979942,0.1170012031590207,16800.0,279650.01922984107,2602,84105170,137063258,1861232,2103924,8502335,12272471,8038395,12048378,10644526,15571996,6066808,10261919,6414476,11972692,6160303,4021576,36417095,68810302
60,000333,2017-09-18,-0.004500236854571238,0.000710563713879786,0.7342382522016091,88095.0,773875.361623091,3307,505637386,437679271,593338,534403,16333047,8864630,25358115,15708477,45684309,31166303,37224379,33450252,28204801,21961135,30296706,25913407,321942691,300080664
61,000338,2017-09-18,-0.0013140604467806183,-0.0026281208935611255,0.13316156718132172,21982.0,184950.7042431032,3275,121187874,121228700,2286081,2998621,11752206,17277692,13306985,17652868,21873427,23651320,10932477,13469494,10913153,9315818,5808609,5657621,44314936,31205266
62,000400,2017-09-18,0.021227768215720033,0.016064257028112428,0.3782881162694183,17730.0,124431.66238299118,2124,55279126,64006983,1980323,1194248,8391183,8426025,14670597,7759064,11933427,12175738,6626908,3860126,2297409,6349353,3469804,4004615,5909475,20237814
63,000401,2017-09-18,0.0,0.0011527377521614035,0.3216788099571183,52485.0,299734.42546321417,2910,204652920,213176074,1117971,1067782,12069380,13494945,18176862,17526317,33575434,32260937,25887403,22022956,27092132,16068573,11629025,13772294,75104713,96962270
64,000402,2017-09-18,0.004842615012106366,0.010492332526230719,0.22523398461747363,53707.0,396555.35897651606,3031,223259275,282148610,1005961,1647714,9431799,9717282,12944031,17825569,30741616,30177273,27139974,30667391,15465273,28354186,11599649,15476791,114930972,148282404
65,000404,2017-09-18,0.007672634271099765,0.0038363171355497716,0.18418566079379525,12220.0,137387.85045691332,1804,56703538,41624095,1888978,1016187,7646299,5654110,7008011,5917587,11542314,7795840,4780704,5130338,3601589,1660549,1753525,3214096,18482118,11235388
66,000407,2017-09-18,-0.002457002457002644,-0.004914004914005066,0.24594516631289295,4070.0,61051.47070480376,1095,15899956,10938410,670471,1579626,3156389,2983685,2544517,2284102,3460391,1695864,1679353,1116450,1998212,368742,1791943,0,598680,909941
67,000408,2017-09-18,-0.029298751200768414,-0.04082612872238234,0.4064171865643815,51739.0,295685.9440534558,2630,186282726,166593121,778786,1450058,7746188,12254417,15880718,15731994,25821469,25787397,20882049,23180813,16506452,10785433,12299255,15503682,86367809,61899327
68,000409,2017-09-18,0.003821656050955413,0.01146496815286624,0.250601590900669,11865.0,81606.06239885764,981,14964944,17975583,998680,1022830,4159651,4818846,2979884,3322813,2047528,2808928,1420890,1557205,700852,712200,474000,1796752,2183459,1936009
69,000410,2017-09-18,0.002132196162046851,0.002132196162046851,0.2895523769981566,13146.0,97891.94746078127,1049,19828557,22397493,1330187,952744,4810515,4409853,3498493,4240913,5743927,3537614,2024046,2300270,1391835,1359812,492344,907124,537210,4689163
70,000411,2017-09-18,0.03461538461538449,0.03221153846153846,0.5204526620961052,4338.0,59248.47334945759,1607,9085509,19065041,529246,4416164,3278926,3599820,1716217,1611958,2268878,2309956,514042,702066,335400,1017110,442800,1356117,0,4051850
71,000413,2017-09-18,0.009838998211091132,0.004472271914132353,0.18703432967662104,212251.0,881911.8257270125,3577,763248321,952118554,153482,169500,6345979,5942086,17187695,18797402,59028450,52011208,54158872,58229131,50581940,49168634,40562422,40337389,535229481,727463204
72,000415,2017-09-18,0.004373177842565523,0.0,0.15480349384577843,6192.0,146495.98964159776,1966,31350922,20791540,1626881,2550510,4096968,8249102,3006862,4048402,2693504,2381838,1703795,1103878,3059542,344688,870348,870517,14293022,1242605
73,000416,2017-09-18,-0.0037037037037036535,-0.007407407407407418,0.326182320784418,8070.0,89412.64454124976,616,14614920,5773786,482991,732661,2526135,2420907,2064386,1069107,2641737,1230311,761034,0,689890,320800,1644493,0,3804254,0
74,000417,2017-09-18,0.007954545454545325,0.003409090909090917,0.2580375352017853,17620.0,69505.12704529581,1163,26384010,21656410,881449,1320166,5403231,5257964,5240395,5396014,6729883,3805714,3102507,2533294,2228938,1353358,2145362,402697,652245,1587203
75,000418,2017-09-18,0.012398557258791687,0.012849413886384164,1.2517554078236537,17952.0,97816.13288046146,1256,17601024,35404974,869896,1617335,4432762,9807908,3894758,5699445,2403615,3362062,1687544,2480544,399254,2376967,0,1326345,3913195,8734368
76,000419,2017-09-18,0.0028409090909089496,0.0014204545454545858,0.29494615214029346,8472.0,73707.96816027297,569,7488906,7802677,410630,654466,1997053,2030840,1191405,1575932,1431423,974103,282400,479761,353500,1068310,0,0,1822495,1019265
77,000420,2017-09-18,0.0,-0.0028818443804035088,0.0914802455791446,2443.0,44781.54997525135,1444,10059042,10607252,1822003,1263054,3235770,3362260,1672625,1560117,1305168,2060672,767382,1513428,323872,0,0,0,932222,847721
78,000421,2017-09-18,0.009722222222222188,0.004166666666666652,0.267302229690704,8688.0,55347.804591929504,725,8169017,8175356,776016,422354,3406493,2148793,1687043,1005029,1025016,1540907,217200,202160,1057249,717243,0,880542,0,1258328
79,000422,2017-09-18,0.0047244094488190225,0.0015748031496063408,0.16539665018716115,18473.0,135815.66119744664,1475,43910473,43364872,1177034,979370,7045410,5167500,6726140,6704034,7698963,7648823,3451778,2997915,6487047,3069532,1275792,4003139,10048309,12794559
80,000423,2017-09-18,0.003918495297805746,0.007210031347962609,1.2513173017770378,45059.0,251647.77346970994,2599,146649639,142351191,855975,1050859,10851158,14405934,15698615,21319287,23201479,22764680,12382736,15176030,16735463,14116412,5447325,8819435,61476888,44698554
81,000425,2017-09-18,0.0026315789473685403,0.0026315789473685403,0.07270368608432405,9525.0,125575.80970176854,2750,31115324,62162412,1361598,4507711,7378844,15803669,3277361,9022629,5607772,8108751,1718714,3488277,1641694,3762251,1718691,850440,8410650,16618684
82,000426,2017-09-18,0.016666666666666607,0.00877192982456143,0.2315293515052557,17190.0,207585.85428872687,2431,88034554,87607355,2822570,1068900,11868791,7134090,10747661,7971656,14208153,12351130,10887684,11132891,8039987,10424336,5024141,5417809,24435567,32106543
83,000428,2017-09-18,-0.001996007984031878,-0.003992015968063756,0.22148746312345252,9980.0,98683.48899756605,511,11100898,7360680,305158,671355,2104622,2222920,1491666,790936,1398136,1625611,1232414,775358,1400693,0,845619,0,2322590,1274500
84,000429,2017-09-18,0.008235294117647118,0.014117647058823346,0.27151272977950747,5171.0,110511.18348405285,980,9737223,19434623,837225,1080474,2483313,3643550,1449164,1738337,1914690,1709775,936001,1106178,319310,348300,435279,412800,1362241,9395209
85,000430,2017-09-18,-0.006451612903225823,-0.011981566820276401,0.35042777828109245,10875.0,66115.6605409035,958,20827767,10954432,810384,928531,4753619,3872798,4129945,2646637,4325847,2797587,1950540,221904,1777147,0,950970,486975,2129315,0
86,000488,2017-09-18,0.01722222222222225,-0.0005555555555556424,0.3517207712676446,35980.0,252468.16556468833,2622,156243442,138006907,1217482,1304520,11601448,13385878,12749971,13420838,21875272,22961630,17098244,14060139,10031184,14881550,13401887,9777479,68267954,48214873
87,000498,2017-09-18,0.0386940749697704,0.0386940749697704,0.16343907868184712,12040.0,121777.59268364137,2565,45125749,77965743,1335175,3931564,6130971,14445234,5688621,11997385,10076713,11425885,7044716,5959920,5726018,5814574,3928516,5664602,5195019,18726579
88,000501,2017-09-18,0.006749156355455366,0.0022497187851517886,0.41990816012559634,8960.0,108823.74277805393,1793,28531119,38949734,1051217,2603363,5810964,9536788,3787066,4226309,5336445,5088138,2345685,1723759,2110120,2418230,0,1344457,8089622,12008690
89,000502,2017-09-18,0.002523128679562614,0.000841042893187538,0.44735517900269434,8976.5,66739.61805066955,706,11413428,8340612,602616,829105,2458942,2635950,2052066,1778869,2595152,1269840,1824669,744298,717300,666400,0,416150,1162683,0
90,000505,2017-09-18,0.008256880733944927,-0.012844036697247763,0.2790328159586033,24332.0,147310.07528200588,1528,60366890,52995507,691107,1070821,6000573,6341438,7994392,6607251,11596967,10934169,9417491,5492116,5094055,6010956,4455230,1790424,15117075,14748332
91,000507,2017-09-18,0.00847457627118664,0.007532956685499137,0.22398934911057827,21280.0,98589.78554224361,2249,63533527,57875002,1214685,1765825,10506098,12097734,10605856,11346587,15479177,13997939,5870577,5149433,5485213,3428310,2216378,3589336,12155543,6499838
92,000510,2017-09-18,0.02857142857142847,0.026600985221674867,0.21661270727272927,20820.0,129950.31875538013,2197,49085792,72866434,1263237,1308301,9034972,12230933,10147326,11051482,13134430,14815444,6540860,10583960,5473836,6702775,1303343,1264807,2187788,14908732
93,000513,2017-09-18,0.019449617214980508,0.022139457893647796,1.195413079490447,29478.0,194044.0956364251,1634,51752170,91326928,1111941,1823816,6238679,10332485,5649843,8514420,11349567,12919562,5971366,12385718,5625458,6845520,7016777,4907461,8788539,33597946
94,000514,2017-09-18,0.004878048780487809,-0.004878048780487698,0.16605300601471998,19584.0,123959.46998328358,2442,72886193,59602083,2258467,1484838,12748478,10224827,10194872,11000224,16782837,13836170,8613649,6841573,7407887,5062660,2372433,2745132,12507570,8406659
95,000516,2017-09-18,0.005671077504725952,0.003780718336483746,0.1834997702287267,11130.0,118498.53836081829,831,18304204,16302352,705039,613799,3717118,2742569,3493768,2405615,4239809,3512257,2585098,2278789,1399382,324360,0,1327665,2163990,3097298
96,000517,2017-09-18,-0.011160714285714413,-0.011160714285714413,0.12425948740041218,8850.0,57587.246296683006,1302,22178870,13667867,1638304,1095773,5187820,2995505,5148544,2625538,3519329,3142803,3753935,1636067,1469985,1043445,925618,442312,535335,686424
97,000518,2017-09-18,0.002621231979030192,0.002621231979030192,0.3605364421697985,7650.0,31442.927740042378,447,4398416,3645657,615352,580192,1562367,1306374,1146362,723382,871643,564437,202692,471272,0,0,0,0,0,0
98,000519,2017-09-18,-0.007839721254355392,-0.009581881533101133,0.2594011920214039,21660.0,102862.62016766789,1959,62004371,35637735,1225740,1242979,10687341,10250856,11404766,7393229,13528406,6553825,10248537,2751811,2756883,1466317,3520905,1685233,8631793,4293485
99,000520,2017-09-18,0.0,0.001848428835489857,0.19318137461334373,8145.0,90821.6034978375,784,14825619,12698939,700860,663435,2830245,2524601,1947956,1677205,1901178,1708579,3100728,1305121,346038,1027251,868430,0,3130184,3792747
100,000521,2017-09-18,0.0050167224080266415,0.0,0.21244680849365302,5990.0,58923.427905663266,792,7838676,8374732,526247,759673,1921103,3070461,1405362,1986836,2008437,506808,410815,217437,370712,1412986,0,420531,1196000,0
101,000523,2017-09-18,0.004158004158004269,-0.0020790020790020236,0.4607917671953588,10604.0,97472.20497432194,435,8680875,7252574,375879,516519,1733172,2383983,1301154,1342018,2194118,523064,273208,278110,321600,384000,0,485140,2481744,1339740
102,000524,2017-09-18,-0.013828238719068353,-0.020378457059679667,0.360760109732323,9485.0,51361.85214991838,1451,21194711,9516270,4934157,1057461,6230170,4496269,3014574,2112209,3490484,824889,1472406,270400,0,338750,0,416292,2052920,0
103,000525,2017-09-18,0.00461467466543608,0.00738347946469764,0.6270804465549598,19440.0,101954.77088877848,1195,20487880,32424303,412879,1423453,4604691,7207938,3124897,6771103,3925780,4875902,2343881,3427036,2790623,1768220,829405,435412,2455724,6515239
104,000526,2017-09-18,-0.027464982147761607,-0.01895083768195549,1.5766013966972114,17905.0,103789.94335827105,533,14240771,9764842,239666,353739,2644094,2884618,2400122,2296345,3403393,2482715,1212948,1029914,1429362,309720,427986,407791,2483200,0
105,000528,2017-09-18,0.016853932584269593,0.012359550561797716,0.17464788434592796,8990.0,74405.25569458817,2602,36268340,48889856,973245,3923058,6599856,12888240,6007707,9514721,9016519,10366764,4555439,5432219,3174623,2553414,1350369,1223590,4590582,2987850
106,000529,2017-09-18,0.002336448598130758,-0.007009345794392607,0.3932626351193596,8550.0,80862.97798326398,473,8206695,4428391,454802,517063,1308852,2203804,1373872,878108,1856784,481431,939496,0,383040,347985,426999,0,1462850,0
107,000530,2017-09-18,0.014473684210526416,0.015789473684210575,0.24023602517330758,15360.0,155596.75781796494,1001,24969530,29392136,791706,826807,3570183,5726948,3235338,3292571,3010296,4384901,3290127,3249347,3144583,4265811,2186836,1278525,5740461,6367226
108,000531,2017-09-18,0.0022573363431153126,0.0,0.27616264121549144,3544.0,32455.11658073588,1029,5145298,8556984,736573,1408144,1503840,4114340,913487,1371948,779490,420566,1211908,432219,0,366268,0,443499,0,0
109,000532,2017-09-18,0.00808823529411784,-0.002941176470588225,0.5722987474608469,14932.5,105147.15700506217,564,15399665,10861688,407360,461866,2074219,3333296,2182215,2677166,1429374,2056392,2321220,1657968,2129449,0,1304656,0,3551172,675000
110,000533,2017-09-18,0.01348747591522148,-0.0028901734104047616,0.5590411677848588,12468.0,140919.23083190282,344,11431919,6191927,241384,251832,1574610,1383366,1717839,698519,1719161,0,1324009,938802,704706,397808,415200,0,3735010,2521600
111,000534,2017-09-18,-0.009196811771919,-0.017780502759043526,0.4356536101091227,19116.0,177155.8669887274,1403,48614013,42860265,1397111,989256,7625702,4987900,9644464,4189202,7933339,5665847,3249795,3169543,3451106,2639576,2631314,1805625,12681182,19413316
112,000536,2017-09-18,0.005199306759098743,0.0,0.2299926386852938,10925.0,127601.75356158224,629,9890537,16866120,454001,665219,2114633,2846160,1225259,1510414,685320,1282548,1347631,2181270,1441786,0,449075,923999,2172832,7456510
113,000537,2017-09-18,0.059415911379657516,0.0725075528700907,0.20618521958829575,35211.0,481722.84288198967,2335,206793525,190407806,1094219,1220589,9157395,7724511,13127746,7680938,19153798,15545166,16931127,12888213,10063854,10246559,7742608,10831142,129522778,124270688
114,000538,2017-09-18,0.024860594795539148,0.022421003717472132,1.8021125172545591,44015.0,290478.28384224535,2281,159422943,154805170,1660579,1650479,10348639,9139554,15000635,13198708,23028993,20351328,14141982,12686122,16120577,9902834,13752589,9872369,65368949,78003776
115,000539,2017-09-18,0.0037878787878786735,0.0018939393939394478,0.24872614619792013,5300.0,38007.2658076666,450,3690799,3389818,515614,360213,1774281,946165,747600,590390,235120,616482,418184,0,0,0,0,876568,0,0
116,000541,2017-09-18,-0.0010857763300762269,-0.006514657980456029,0.26500311333717513,9180.0,150564.95102353577,1208,34019942,18967463,1154262,1487263,3916610,4463654,2867166,3982591,4883212,4026594,4287736,888746,0,1029362,2161344,1707395,14749612,1381858
117,000543,2017-09-18,0.0,-0.0017574692442883233,0.188839105706754,6816.0,124440.3283642477,908,18035468,12129527,749512,1135511,2443718,3013435,3269391,2321928,2397731,2038959,1753797,1491349,1027512,397600,0,410096,6393807,1320649
118,000544,2017-09-18,-0.005797101449275477,-0.006376811594202891,0.5879457693449657,17140.0,98018.40980410186,860,23460435,13816495,544568,1034446,3966046,4268603,3724685,2869061,3810322,1954561,1999079,1490991,1423382,386325,479043,481600,7513310,1330908
119,000545,2017-09-18,0.01748807631160587,0.009538950715421324,0.16317953633167684,12700.0,101707.714624699,1487,30603415,31726525,1164825,1326852,5924853,5858250,5928609,4991684,6051154,5380021,2444481,2420325,2850540,3435638,1339688,1319014,4899265,6994741
120,000546,2017-09-18,0.04531490015360973,0.03379416282642089,0.30164846270658885,21520.0,119625.13628236488,1869,36947120,47074607,671578,1372772,15164895,5741986,5730413,4225048,6296795,8632702,2680098,5414672,1710391,3950262,893728,2255518,3799222,15481647
121,000547,2017-09-18,-0.006076388888888951,-0.012152777777777679,0.27278480801548227,16016.0,114099.46270840243,1784,54547924,37534118,1524768,1093901,9519740,7691100,7660972,5942780,10274338,8364686,5981069,4556628,2093653,2055901,2755522,3564434,14737862,4264688
122,000548,2017-09-18,0.0037688442211054607,0.002512562814070307,0.29776057666352385,7995.0,55491.311900202905,714,9946831,9011316,802613,759450,3090314,2513549,2071430,1899804,1950121,1071843,1233353,959109,0,1334498,0,473063,799000,0
123,000550,2017-09-18,0.029006882989183858,0.0349065880039332,0.48252381524045757,24864.0,177338.7369838917,1777,40613731,75367815,856606,806287,9059216,10786196,6647755,9520045,8140967,12063221,7250318,9185185,4085956,8268209,1298337,5790182,3274576,18948490
124,000551,2017-09-18,0.002116402116402183,-0.0010582010582009804,0.3945122662766112,12259.0,83795.4231212736,573,14219532,7911209,703573,470709,2455585,1862356,2626905,1902467,2455641,1256661,1112577,793515,1691022,710393,471500,915108,2702729,0
125,000552,2017-09-18,0.014888337468982549,0.00992555831265518,0.0927582571137477,6919.0,115477.41297264535,1895,24329688,38033907,931449,2655861,3132113,8347422,2193453,5154110,2825992,4981649,4353708,3180061,2116630,2182233,2952908,2202952,5823435,9329619
126,000553,2017-09-18,0.004322766570605152,-0.005043227665706085,0.49677987719306627,13770.0,39790.30375372341,780,12460288,6868984,681296,524690,4384928,2754967,4069023,1396748,1891212,1916179,898389,276400,0,0,0,0,535440,0
127,000554,2017-09-18,-0.026706231454005858,-0.027695351137487556,0.21708846724077227,25250.0,185324.67348334388,2171,108917479,59292042,1187070,1807947,9668306,10840834,11445952,9898287,17782640,12887018,13066961,10458727,9681132,5068137,6968472,1339311,39116946,6991781
128,000557,2017-09-18,-0.005163511187607495,-0.005163511187607495,0.1715214216623886,10963.0,73003.12889988502,1148,21437429,14907737,1180778,1021715,5388916,3972990,4070830,2461946,5016589,2563685,1869736,1594014,617934,671638,1372327,1350334,1920319,1271415
129,000558,2017-09-18,-0.01836158192090398,-0.016949152542372947,0.1545537059121596,20670.0,208897.89479708098,2102,79453986,56809800,1231288,1761786,9611778,10699233,10469950,9403699,13021690,12258444,5436903,7229000,4136086,3362682,3840398,1843512,31705893,10251444
130,000559,2017-09-18,0.051739518287243325,0.057091882247992665,0.19229387378392857,95038.0,591214.9377990935,3405,299621510,496876102,477839,799071,11082454,12147201,21634113,21927678,44168698,51045516,41045183,37826511,23817904,34959101,28524064,30547681,128871255,307623343
131,000560,2017-09-18,0.027703306523681803,0.0035746201966042612,0.2666419228603229,22380.0,80010.30057538816,1762,47164613,41068754,1047335,981855,9088131,8887065,8548549,8414421,14730352,9614417,6174963,6351809,2394545,2807130,1297115,1279848,3883623,2732209
132,000561,2017-09-18,0.0201005025125629,0.019095477386934734,0.3052734611981675,10140.0,102900.48870332887,1062,16814942,18682948,917738,936792,3893368,4766085,2735212,2157894,2596708,2970021,762243,1433809,1043388,304880,860972,1381292,4005313,4732175
133,000563,2017-09-18,0.00540540540540535,0.0,0.10948669250488396,10564.0,220032.36571759422,2578,75204632,78431724,1067994,3444004,6989339,11212899,6549583,9252327,8481453,10387385,6332899,5486799,3278304,4754156,2641587,3635853,39863473,30258301
134,000564,2017-09-18,0.01228878648233489,0.006144393241167334,0.19621980008916085,3918.0,29166.85766342227,1101,8171047,5389582,1620489,814995,2759636,2275239,2352080,1301683,1236086,157614,202756,206325,0,0,0,0,0,633726
135,000565,2017-09-18,0.007253886010362809,-0.002072538860103612,0.308182079943282,9680.0,119258.83190322923,980,21406131,17821341,906530,1584388,3701450,3928192,2483456,2532479,3369016,2851870,1937509,1568221,1032803,752200,3015188,1849052,4960179,2754939
136,000566,2017-09-18,0.0007722007722008595,-0.006949806949806958,0.4596803136815208,15420.0,258194.09297141962,793,35397939,20200275,527168,704589,3403351,3392508,2579662,2834355,4854397,4664896,3491987,3439474,1466234,1025989,1901874,0,17173266,4138464
137,000567,2017-09-18,0.014648088603072429,0.0025008931761343334,0.7272945060725459,25200.0,137148.46512388263,1483,49259144,52633815,1254811,664806,7077653,5219834,9440776,6574092,9249279,9248073,5785674,7799769,4172293,2688568,3555803,1789405,8722855,18649268
138,000568,2017-09-18,0.019565217391304346,0.014492753623188248,1.0788666384068588,61974.0,464467.2650911916,2618,255368519,234255425,668545,898534,10374494,8572905,14322607,12945040,40232892,24234490,29506972,23439521,18531840,14930580,13642105,11311595,128089064,137922760
139,000570,2017-09-18,-0.005571030640668551,-0.0027855153203342198,0.32508388374900654,12223.0,95295.54034353884,487,9182612,9249135,245652,539056,1751472,2697338,1185939,1754729,1866992,1307666,254535,1522262,317449,0,0,450813,3560573,977271
140,000571,2017-09-18,0.0053547523427042165,0.0,0.1908505701186361,13554.0,95353.04316382346,1533,37206253,31041302,981497,1718285,5851419,6839412,5423615,5614119,6658564,4407379,4688345,4398329,3127113,3185868,2238265,2257490,8237435,2620420
141,000572,2017-09-18,0.05048543689320373,0.042718446601941684,0.10443717092601537,23552.0,247434.41443681423,2441,90603999,142588720,1391847,1814342,8843021,9894233,10077841,11608476,13350397,22613017,12048781,14417739,6931260,13134854,7478927,5292742,30481925,63813317
142,000573,2017-09-18,0.0,-0.0015797788309636074,0.16236903473326958,14570.5,115823.27058051307,1522,46017905,24917381,1643221,958867,7864981,4989071,8913703,5563937,7521382,5213304,3184876,2928852,1658473,1062534,2658296,0,12572973,4200816
143,000576,2017-09-18,0.0036014405762303525,0.0012004801920768582,0.6584025144953124,9975.0,204008.85643182325,640,9065016,13032685,627345,659392,2850048,2715973,2266328,2070110,1637277,732766,479833,996054,667965,0,0,0,536220,5858390
144,000581,2017-09-18,0.006525285481239873,0.0012234910277324484,0.4900500199324236,19584.0,138460.58108827373,2505,56637000,78578495,777412,3007058,9225313,16538230,5951497,16434958,8811844,10376948,7221160,6013007,3824628,4457409,5058983,3151310,15766163,18599575
145,000582,2017-09-18,-0.0008156606851549286,-0.004893964110929905,0.335525424348873,12270.0,82445.25079917576,1335,32549704,16391659,1375474,946789,7221034,5113521,5602178,5055491,6584641,2666980,3175480,1412982,1698329,763824,1778325,432072,5114243,0
146,000584,2017-09-18,-0.006910850034554383,-0.015894955079474804,0.4388211313791874,28440.0,110561.74369178973,1087,39579804,19146123,558916,680360,7530081,4623165,7829798,4611744,7427120,4425344,4149328,2266876,3360512,1654548,1381900,884086,7342149,0
147,000586,2017-09-18,-0.03656220322886983,-0.030864197530864113,1.0138065282722633,12342.0,48054.44067075243,431,7291843,5788353,174020,506925,1638642,2429158,1250858,1505113,2171065,1011377,1710798,0,346460,335780,0,0,0,0
148,000587,2017-09-18,-0.005134788189987138,-0.007702182284980652,0.2733475040788182,8525.0,126663.79502160757,812,17767636,19572758,423282,1397171,2855247,2391190,2639891,2528064,1949351,3245974,1228036,1963519,2087470,3387034,0,928800,6584359,3731006
149,000589,2017-09-18,0.003539823008849474,0.0,0.23528971131741513,10152.0,56358.5639703475,576,8509066,7151293,545727,468240,2441864,2346481,1229378,1083625,1870555,1558365,1066518,960082,1355024,0,0,0,0,734500
150,000590,2017-09-18,-0.006172839506172756,-0.008024691358024638,0.8270590750723379,16000.0,96502.26071900694,383,11152543,6174392,236315,419693,1005631,1987929,1482262,1035542,2100855,1432114,1378580,262400,968000,1036714,2372900,0,1608000,0
151,000591,2017-09-18,0.013114754098360715,0.006557377049180246,0.12991377489222244,8060.0,114340.85117898653,2211,41214783,46286359,1047180,3166331,7040042,8699031,6433032,6205412,7721902,6903207,3697484,4500679,2814905,4555682,3126120,1283130,9334118,10972887
152,000593,2017-09-18,0.009090909090909038,0.009090909090909038,0.49699760486643935,14417.0,101270.60492119094,489,9826292,11959737,326957,349083,1553821,2934492,1818870,1598728,2051638,1968605,636196,1818399,1049950,1027513,0,0,2388860,2262917
153,000595,2017-09-18,-0.007233273056057921,-0.010849909584086936,0.17063220169995003,9864.0,88800.17946755466,1051,21406537,11230261,1112921,884275,4640613,3667311,3229544,2433890,3470126,1444912,3423882,1050664,688508,303585,439815,0,4401128,1445624
154,000596,2017-09-18,0.10619122257053304,0.07817398119122254,0.9881086303462879,48753.0,371258.51454716665,2672,150350049,241329511,776034,668519,13738725,11025545,16267908,15224567,25970425,24962255,23138752,22360491,11338626,12489554,8874508,11096630,50245071,143501950
155,000597,2017-09-18,0.009606986899563408,0.009606986899563408,0.3086439801944561,11600.0,97770.08086911343,1376,28143342,28926983,1248198,803280,6600439,5398175,4809511,4456133,5455284,4149780,2946566,3807541,2764450,2113262,1389234,1795277,2929660,6403535
156,000598,2017-09-18,0.0,-0.005163511187607495,0.12377931028981924,15714.0,195112.14432689807,2208,86168294,53597683,1877431,1295514,10077346,8266528,10170267,7241647,12144808,10628732,9809110,7018372,3444120,3498996,4080898,2645805,34564314,13002089
157,000599,2017-09-18,0.009216589861751334,0.010752688172043001,0.23110623206368316,11862.0,56399.05109439991,793,9867138,13801196,502462,1110150,2799719,4086202,2591180,2566433,3190099,2622019,454678,1239902,329000,399354,0,470022,0,1307114
158,000600,2017-09-18,-0.028740490278951758,-0.025359256128486996,0.2211369823771149,41002.5,249217.20311634766,2864,172679290,134856211,744404,1478437,12445295,15010928,15322955,17768328,28847705,27765338,21027938,22606543,13188486,13478105,11601511,8720859,69500996,28027673
159,000601,2017-09-18,0.007874015748031482,0.002624671916010346,0.2842703245134743,19955.0,89440.55158947094,718,22194477,10453247,616521,543399,5823067,3174501,3066702,2251443,1897079,2167701,2923218,1025077,4134917,325374,0,440440,3732973,525312
160,000603,2017-09-18,0.00958247775496246,0.003422313483915085,0.47339184685793095,13167.0,97156.43382216527,952,17380911,20243529,655462,803413,3306697,4251649,2833057,3341845,4269906,4544675,1934121,1830615,1390070,1854935,0,2386313,2991598,1230084
161,000605,2017-09-18,0.00739299610894939,0.007003891050583633,0.7268400541962448,20728.0,157611.04009517535,1250,40586314,37603558,709102,860220,6712488,5372986,5984402,4299521,6867947,3258048,3336252,2738868,2045913,2321040,1359837,4360859,13570373,14392016
162,000607,2017-09-18,0.0024875621890549926,-0.0012437810945273853,0.20132751536264287,16863.0,106302.02484617788,1596,44914269,31143751,1149015,1227042,7922262,6864021,8604388,6299963,10048547,6335811,4329634,3862586,3075140,3777254,1780001,1787646,8005282,989428
163,000608,2017-09-18,-0.046454767726161306,-0.041564792176039145,0.1944549406789712,20358.0,232768.04734274422,1777,76960380,75963662,753904,1751269,5728273,7306586,7213869,9496394,11507150,11873499,9149802,6636797,7774918,5455465,4808662,6923210,30023802,26520442
164,000609,2017-09-18,-0.011635423400129352,-0.014221073044602517,0.46055771730276046,18504.0,108975.66787838165,1128,35473817,22214393,611656,1043112,5517255,6081660,5965413,3719959,7585866,4695854,3702329,2225719,3053146,1634816,1727431,872748,7310721,1940525
165,000610,2017-09-18,0.004573170731707377,0.0030487804878049918,0.36343260644079833,14465.0,54906.47919908627,1303,23980110,20447082,1327465,883648,7506816,4816097,4810156,5648984,5251606,5150157,1920876,2826116,1328700,648680,1225341,473400,609150,0
166,000611,2017-09-18,0.04561003420752563,0.04332953249714944,0.2688292952331162,17980.0,81883.66871024366,1065,20887049,28478780,1015245,793616,4657522,4702634,4764315,6142444,4505254,5463608,3146048,3580601,993012,2792203,1805653,2345570,0,2658104
167,000612,2017-09-18,0.002803738317757043,-0.0009345794392523477,0.26348533302418164,14079.0,101846.85282405913,1651,41379836,34789332,1311123,1264334,7523677,6654029,5842901,5894177,7940677,6853660,4164953,3358686,2815490,3611321,1746043,3286567,10034972,3866558
168,000613,2017-09-18,0.007070707070707005,0.007070707070707005,0.29939578803338907,12987.0,57838.72626336861,1093,20111510,14961593,1332814,1013529,6000856,4624411,4405131,2723786,4880530,2759852,2010553,1283319,981676,348610,499950,427284,0,1780802
169,000616,2017-09-18,-0.006493506493506551,-0.012987012987013102,0.13457773982036023,11425.0,126224.64284136002,1180,33117036,19721043,1141563,1065044,6341924,4128783,4125750,2716653,4198914,2816804,3672748,2615590,2063134,2418997,1721676,411284,9851327,3547888
170,000617,2017-09-18,0.018023255813953698,0.01104651162790704,0.5387206582176717,5217.0,40943.948821001184,1019,8704839,11904066,563547,1193872,2760056,4415555,1666108,2517102,2665939,2160672,703389,442425,345800,651840,0,0,0,522600
171,000619,2017-09-18,-0.0010245901639344135,-0.0030737704918032405,0.44050780066757,11652.0,51376.44388505033,490,8360940,6984766,784399,484359,2703255,1879281,1742615,1495741,1846953,1591252,1283718,1047133,0,0,0,487000,0,0
172,000620,2017-09-18,0.003947368421052699,0.0026315789473685403,0.22488803474502275,6128.0,26442.15806286481,1143,7700148,8372533,641978,2052969,3513384,3271078,1464675,1659959,1240515,1149082,462096,239445,377500,0,0,0,0,0
173,000622,2017-09-18,0.004918032786885185,-0.0016393442622950616,0.28329134699741376,9760.0,79646.88943750747,463,8448762,7602186,490886,366486,1941553,1424214,1363117,1104466,1690660,2022593,482596,675825,952065,1039976,0,455711,1527885,512915
174,000623,2017-09-18,0.0075022065313326,0.004854368932038833,0.568876458446678,22880.0,200311.5936102454,1586,63969845,74782232,744967,1274142,7363091,8693668,6345338,7099078,8533308,11887923,7751995,7871269,4200449,3869348,6856347,8229913,22174350,25856891
175,000625,2017-09-18,0.02467343976777947,0.026124818577648812,0.2451861395551615,56460.0,418143.5161934082,3160,208130864,327601484,1533363,1048099,13551039,13285070,17186804,19017898,35757132,38217325,23849138,32577730,18606914,21391207,13758828,16892646,83887646,185171509
176,000626,2017-09-18,0.0004675081813931836,-0.00654511453950446,0.5684924060788632,27690.0,160562.28952888184,1416,59485449,50032586,555136,669193,7818308,7777818,7840906,4518347,9431708,10282823,6762134,7376863,5503871,4111238,4970096,3916881,16603290,11379423
177,000627,2017-09-18,-0.002125398512221044,-0.0031880977683315104,0.20932642014956265,18800.0,106556.70068476515,2022,57832021,50499925,1410209,2060057,9350856,9696153,9415914,8573870,13046851,11582568,7181679,5012296,3963861,3306219,2215397,1393928,11247254,8874834
178,000628,2017-09-18,-0.014746543778801802,-0.006451612903225823,0.30461440082322716,21540.0,105205.51722058485,1269,31755630,32654698,884930,748573,6729843,5229598,6528032,5358605,7853909,6596068,3875626,3026047,1762420,2769291,2159418,1384606,1961452,7541910
179,000630,2017-09-18,0.006557377049180246,0.006557377049180246,0.058373671914008975,12894.0,250960.0826109629,2764,93865640,85327999,2251181,1869219,11204025,10067136,10910427,8538018,18453416,11777447,7848307,4636467,11864911,10005127,0,3687539,31333373,34747046
180,000631,2017-09-18,-0.004842615012106477,-0.007263922518159882,0.12013429316078662,6544.0,102443.52128230913,1185,24535056,16029836,1123565,1166669,3714887,3916094,2918119,1937064,4096032,3306156,1791071,1593600,1370853,693357,3799748,410486,5720781,3006410
181,000632,2017-09-18,-0.0015625000000001332,-0.006249999999999978,0.258390720819039,12840.0,78219.92692716215,613,11742065,11356488,463934,477740,2395716,2050840,2977350,2130752,2323041,2216065,688116,505948,961000,2086425,1425219,472226,507689,1416492
182,000635,2017-09-18,0.00412583806085598,0.003094378545642096,0.5559330084138507,17446.5,56990.38388538293,1216,23186118,18596675,1112334,1251742,6130962,6013135,5634468,4973754,5327919,3736142,1957445,1631926,370560,0,427635,479136,2224795,510840
183,000636,2017-09-18,0.014522821576763434,0.003112033195020736,0.22167424232419586,21340.0,130657.69195564964,1892,60037997,57092835,1481584,1987352,8785376,10118911,8615162,8948175,10705366,11016988,6201884,8612774,5849545,3685558,6592172,2289346,11806908,10433731
184,000637,2017-09-18,0.00843881856540074,0.005625879043600568,0.24733154159779447,7140.0,83139.43586812177,826,13607328,6993452,882310,720373,3417896,1989521,1757037,1360928,1835597,1254175,1446536,0,711500,381455,898626,0,2657826,1287000
185,000639,2017-09-18,0.007664562669071229,0.009017132551848439,0.8015358421598004,11125.0,86468.57123077466,765,12396268,10400493,1012874,310734,3998419,2988134,1797042,1680915,1675775,1514321,823828,491109,718794,0,0,0,2369536,3415280
186,000650,2017-09-18,0.003361344537815114,0.003361344537815114,0.19104853597197427,8940.0,65101.57340200204,970,12879981,12111245,868510,977172,2999546,4317874,2828137,2602568,1825154,1567140,1295505,743733,702088,989945,412930,912813,1948111,0
187,000652,2017-09-18,0.0019047619047618536,0.003809523809523707,0.13718808182845546,3688.0,47504.121178028116,1466,10919856,12499999,566442,1981900,3153144,4200130,2017979,2225084,2142190,1589341,743400,718264,342300,316800,902616,0,1051785,1468480
188,000655,2017-09-18,0.011025358324145529,0.0022050716648289725,0.24195759799270647,16461.0,79611.11914703067,1406,29012113,27345236,1166702,1332498,7097617,6762764,4647579,6165287,7270641,4665581,3355213,2858870,1824680,1059747,428732,930403,3220949,3570086
189,000656,2017-09-18,0.00588235294117645,0.0,0.11000956273279976,14293.5,204852.0258625217,2156,73789116,64063458,1773954,1068515,9666418,8265630,8235614,6435456,7978212,8914961,6118551,7262792,4790937,5601101,3597027,5972808,31628403,20542195
190,000657,2017-09-18,0.055518836748182476,0.044282881692002674,0.27469832830219804,57510.0,409751.770087987,3040,204651854,319180633,972030,1400810,11025416,13289157,17034730,18142090,27593288,33259437,23957234,29242541,20159811,19986741,14205173,17535144,89704172,186324713
191,000659,2017-09-18,-0.014669926650366705,-0.012224938875305624,0.1548185767846927,12105.0,67400.0598887071,698,13224399,9297587,605779,523898,3302671,3418151,2072896,2717740,1962774,1052965,2580308,842281,683027,0,0,0,2016944,742552
192,000661,2017-09-18,-0.006782742465561875,-0.003845884903153518,3.977681904404565,29088.0,278305.82866101636,1293,86042588,73843043,30907,23050,8719063,7077629,6589006,6181781,10050532,5566498,6347441,4757412,4886865,6311336,3098660,4783620,46320114,39141717
193,000663,2017-09-18,0.02108222066057608,0.024595924104005684,0.48853931337314827,14355.0,65604.33524721614,848,13328251,15945672,890363,516339,4095654,3546105,2842482,4085698,2538679,2757352,1505281,2033476,665002,1021380,0,910855,790790,1074467
194,000665,2017-09-18,0.0,-0.004065040650406582,0.5818661739477251,7373.0,178102.9550050169,446,13135951,4502131,493648,512445,1214551,1805885,1195561,928568,351393,511051,1703665,0,717480,0,0,0,7459653,744182
195,000666,2017-09-18,-0.012796208530805875,-0.013270142180094813,0.4920077327286523,20780.0,144136.5417837856,1839,68596660,46283403,868707,1523655,7915481,9554624,7531400,7048264,10643086,7666739,9465819,4781234,9425925,2862418,5781398,3195504,16964844,9650965
196,000667,2017-09-18,-0.002873563218390718,0.0,0.08080950953720054,9369.0,204809.85224332407,1866,56449768,42767291,1150340,2346493,6390046,7102327,5182723,4386199,5377554,6597967,4887672,3185126,2357559,3167966,2310287,0,28793587,15981213
197,000668,2017-09-18,-0.004029936672423684,-0.00921128382268277,0.8354382979430166,8590.0,46677.21948181144,432,5752681,2474900,486171,422107,1841518,1126801,1336136,431826,1134884,178396,232832,0,0,315770,0,0,721140,0
198,000669,2017-09-18,-0.004265691651432091,-0.003656307129798808,0.4863287330721624,16285.0,73087.7737045354,1138,25515703,16935885,1011789,1040969,6053543,5023482,5043825,2857503,4863893,4084933,3807909,277100,1981304,673984,848063,868703,1905377,2109211
199,000670,2017-09-18,0.06482758620689655,0.035862068965517135,0.12400355951542114,71064.0,292021.476080669,3439,241476978,298359193,784128,1173693,12049622,15004337,22725991,23447517,42679958,42122094,31035418,30109120,25422150,22673458,20897138,27466578,85882573,136362396
200,000671,2017-09-18,-0.01898734177215189,0.006329113924050667,0.14806294912040194,48184.5,428219.8233211589,2864,220821078,253338906,1229007,1184012,15475098,9353536,18059027,13978072,24883907,22534785,20142172,16919574,15835937,17177862,15586864,15860754,109609066,156330311
201,000672,2017-09-18,0.012380952380952381,0.003809523809523707,0.212081978420019,22197.0,104276.98188902867,2453,78150757,54497812,1634702,1275723,14634598,10261004,14481585,10627412,16830268,12791662,7668700,9477719,6127775,2930025,2342503,854433,14430626,6279834
202,000673,2017-09-18,-0.00656275635767023,-0.0237899917965545,0.39137269698806226,14430.0,188068.1540901468,970,42798184,18561405,583845,976870,3768228,3856132,3965400,4169935,4611361,4238290,2974662,2636806,2204116,703635,1852020,851127,22838552,1128610
203,000676,2017-09-18,0.007801418439716379,-0.004964539007092261,0.4453389702229186,11128.0,66716.09871817195,1002,15282755,14231251,939403,1132772,4045487,4895417,3101014,2958005,2197671,2792019,1787042,804464,349750,0,415500,0,2446888,1648574
204,000677,2017-09-18,0.0,0.0,0.2255483170432044,7237.5,70611.65078979632,456,8711899,4423133,458613,461888,1756374,1377763,1356771,1132963,1657475,905809,1001490,241000,1062168,303710,418376,0,1000632,0
205,000678,2017-09-18,0.0023474178403755097,-0.0011737089201877549,0.32996350947377634,11205.0,46110.99938833567,666,10788661,7884587,792105,710593,3773393,2464679,1734226,1652687,3099180,2489723,202569,257447,355284,309458,831904,0,0,0
206,000679,2017-09-18,0.0,0.0031880977683313994,0.40692166883552133,10362.0,72765.65928025375,534,10948388,5764425,775887,460814,2874774,2007828,2278757,873517,1330519,1463478,290470,215970,320112,336385,937805,406433,2140064,0
207,000680,2017-09-18,0.00996677740863805,0.004983388704318914,0.15275258227653157,12747.0,90400.05026230538,1555,32701667,32797578,1310585,1384235,6777859,6468166,6018878,5969390,8105466,6392753,3114162,4353196,1663635,1967530,1721707,435826,3989375,5826482
208,000681,2017-09-18,-0.0059331175836030425,0.003775620280474623,0.5585877063861746,18630.0,89511.1224705732,1103,18903882,21143096,727258,1020702,8414558,4420453,2173727,3689241,2717083,2050450,2912622,1012725,301920,2411324,408654,1780155,1248060,4758046
209,000682,2017-09-18,-0.003676470588235392,-0.003676470588235392,0.1680926029655279,8476.0,48992.54364828187,1048,14572319,8913677,792855,686066,5538135,3217822,2352134,2142866,2750618,1729448,1901191,235552,396744,0,0,901923,840642,0
210,000683,2017-09-18,0.020289855072463725,0.005797101449275477,0.06005621524820538,112029.0,325448.8412133129,3367,337404868,359894502,865681,714620,8554864,6473080,25694928,13109881,71251749,35927661,70743817,31010252,41179323,24705361,20999744,28645803,98114762,219307844
211,000685,2017-09-18,0.010027347310847645,0.005469462169553241,0.2833950245691563,17656.0,110724.54930900065,1498,27722148,49405083,443369,1752277,3755403,9580950,3857450,6132207,7078791,8027419,3557373,7574013,3071899,4635684,2208517,1263718,3749346,10438815
212,000686,2017-09-18,0.01325757575757569,0.010416666666666519,0.22231219134701863,37450.0,379217.55917827773,2257,121878547,206760722,700009,1115380,6868126,12798095,7252546,14338955,14192759,23743459,12182993,22559253,7339540,14742922,7178806,14637052,66163768,102825606
213,000687,2017-09-18,-0.0007407407407407085,-0.005185185185185182,0.36092286587401423,16224.0,139950.86304746216,1399,46397640,21530211,1258283,1052420,8326982,5119636,7078624,4214928,8408555,4579576,7584522,2932003,1067550,639312,490925,870585,12182199,2121751
214,000690,2017-09-18,0.021951219512195363,0.01585365853658538,0.2118390673187098,19297.0,198178.32165715852,1499,43356076,68042799,1182810,1216122,5088614,6927414,6793507,8430018,7839086,10747807,3412861,9654101,3636804,6912505,3632409,6077587,11769985,18077245
215,000691,2017-09-18,-0.004993757802746579,-0.0012484394506866447,0.5118669817844456,12855.0,52630.002401627826,244,3577729,3440707,260627,208634,1518340,880399,848839,380818,638388,468459,0,727987,311535,336490,0,437920,0,0
216,000692,2017-09-18,0.001404494382022392,0.002808988764044784,0.2669157558541172,8568.0,60843.67466743809,711,12516058,9006590,1065209,421358,2747972,1907255,2400697,2446660,2719946,2475842,1289064,1365971,1451615,389504,0,0,841555,0
217,000695,2017-09-18,0.016877637130801704,0.012658227848101333,0.4261043984207224,13145.0,65332.59459159047,773,12412789,12244583,763761,411368,3766077,4237329,2716668,2222712,1668514,1663873,1194119,872396,629905,1135820,434070,455515,1239675,1245570
218,000697,2017-09-18,-0.013612950699043447,-0.016188373804267853,0.5452997957832311,51034.0,390280.0773444124,2487,193133089,175596943,820099,858103,9947204,10811965,13185797,13465410,27254355,23576548,19003055,19528743,15534689,17436754,10207753,11942354,97180137,77977066
219,000698,2017-09-18,0.004347826086956497,0.0028985507246375164,0.275185368244789,13840.0,80920.51987022851,628,14619855,10434178,601599,449668,3206012,1813998,2537110,2114158,2301555,2472020,1221814,1611786,637539,1061326,2705150,911222,1409076,0
220,000700,2017-09-18,0.005486968449931462,0.004115226337448652,0.20243598878354105,14680.0,88498.0995779971,1297,27736491,28189633,1226305,1058401,6505382,5849732,4464532,5116387,5754968,6323494,3716073,2578784,1743130,1388476,0,459696,4326101,5414663
221,000701,2017-09-18,0.006254886630179923,0.0007818608287726292,0.44374311793019156,12850.0,104223.24959990985,830,18539349,11288710,543093,834865,3859426,3892392,2628854,2370688,3363474,3077373,1742283,765970,1021052,347422,0,0,5381167,0
222,000702,2017-09-18,0.005580357142856984,0.006696428571428381,0.24737306966303385,13559.0,44420.284520159286,1312,20578415,17234194,1341108,1322006,6972501,6402542,5080158,4689619,4169783,3658245,935805,1161782,1398860,0,0,0,680200,0
223,000703,2017-09-18,0.01760777170613248,0.013964784456587775,0.3472582446483335,10026.0,148217.1714500173,2253,52052900,42991625,1647891,2240397,6633122,10683537,6839616,7952093,7870025,7762348,3216511,3448061,2335727,3234966,1721847,1331550,21788161,6338673
224,000705,2017-09-18,0.015488867376573179,0.0009680542110357404,0.311102604919776,6192.0,43729.883979220474,1103,11784845,5963779,3219748,637232,2462914,2444875,1977685,1247106,1914400,571720,693796,671616,0,391230,0,0,1516302,0
225,000707,2017-09-18,0.03960396039603942,0.018387553041018467,0.24883013042319507,14220.0,162222.31323177787,807,15920152,25343086,720046,670142,3116125,3543817,2211023,2373767,2645319,6090170,499239,2547844,2717118,1601440,462802,1868344,3548480,6647562
226,000708,2017-09-18,0.03189910979228494,0.01928783382789323,0.33390564537210243,15015.0,95456.21329352366,1631,36015991,36828929,955351,1872662,7338968,6917624,6289043,6713400,7954590,6918656,3878631,4776274,3759175,1063260,911722,2619780,4928511,5947273
227,000709,2017-09-18,0.008733624454148492,0.0021834061135370675,0.08205490773200994,32130.0,361853.0450211429,3135,154098636,158337510,1533470,1771103,14703682,17153758,17124239,19128024,23698228,24672683,14284582,17643362,8241081,8241111,7696485,9505184,66816869,60222285
228,000710,2017-09-18,0.006564551422319598,0.006564551422319598,1.2648878929239684,83346.0,726371.2752995956,2946,283261849,329111375,625512,1189363,8517699,13636609,12143776,18043708,27132792,39232945,30483370,33671715,23392578,31279462,18728769,17175628,162237353,174881945
229,000711,2017-09-18,0.019270474879559574,0.018582243633860962,0.36529324447257894,19188.0,137312.47427194903,1582,38014232,57325419,741029,1397883,5502078,9515664,6773653,7035342,8473770,9255536,2895260,5853876,3740177,5875895,2649520,3791805,7238745,14599418
230,000712,2017-09-18,0.00048239266763139277,-0.010612638687891862,0.4284395655558489,45936.0,238289.54536419688,2343,143442181,129102275,711334,703143,8947481,11598327,13097502,14253261,25021473,23818213,18916772,19671194,9838615,13516755,10543878,10252979,56365126,35288403
231,000713,2017-09-18,0.003432494279176135,-0.005720823798627039,0.2762063890848437,13919.0,60499.364773277775,1001,20167349,14222469,986178,959682,4778817,4170431,3897952,4071721,4366415,3165259,2756325,744549,1838621,647650,855741,463177,687300,0
232,000715,2017-09-18,0.019855595667870096,0.020758122743682383,0.4278568257663625,11344.0,73519.33268188513,670,11861467,13563224,517204,432245,3150333,2035371,2618244,2876527,3197940,2850286,935940,1185351,1035902,1325648,405904,415370,0,2442426
233,000716,2017-09-18,-0.007363770250368162,-0.007363770250368162,0.1899704576058942,12132.0,75038.9645710371,1278,29910382,14354908,1146253,1240330,6280643,4848850,4828331,2996284,6565077,2925252,3230361,1981580,1808946,362612,894584,0,5156187,0
234,000717,2017-09-18,0.007334963325183352,-0.007334963325183463,0.14739267399217446,54672.0,616725.8243614549,3087,328832236,358569506,1132279,1713508,7996487,14473326,11142938,19968239,22278645,35656927,21843963,30835301,22128418,22934811,19132222,21304460,223177284,211682934
235,000718,2017-09-18,-0.003472222222222099,-0.005208333333333259,0.12909087587478651,22116.0,190804.0341860528,1996,88481450,83226436,868449,1790060,5786471,8133503,9180426,10702432,14749121,15380173,8316708,8519610,6200420,6471409,6300830,4921855,37079025,27307394
236,000719,2017-09-18,0.010110294117646967,0.010110294117646967,0.3859888410262311,6524.5,131610.67990994538,794,13063026,17900296,576671,745356,1769984,3967506,1389010,2222160,2543882,2469676,1002447,855156,1766078,2056785,0,0,4014954,5583657
237,000721,2017-09-18,-0.01143583227445999,-0.017789072426937724,0.2073009672965098,13328.0,83886.94792578903,1442,32863381,18912459,1621197,1241766,7449231,5940691,5709776,4611449,6283564,3329378,3582450,1884147,683397,1023849,889254,881179,6644512,0
238,000722,2017-09-18,0.0016638935108153063,-0.0033277870216305017,0.5922557848696884,12000.0,111578.09804238472,411,10954472,6013005,325102,399638,2103206,1695139,1349081,1316740,1855666,587885,956220,790553,652365,0,0,0,3712832,1223050
239,000723,2017-09-18,-0.004509582863585049,-0.006764374295377573,0.23416694309003683,17790.0,114321.80591473673,1436,38446775,45551901,969522,1501271,5089651,7704422,4170724,8100698,4738123,9532098,4879931,5527771,3303394,3609109,6485775,6855022,8809655,2721510
240,000725,2017-09-18,0.04155844155844157,0.03896103896103886,0.06453268340646925,167931.0,1627129.3499884894,3598,1050832850,1341884236,532624,536133,9101448,10351802,18476256,18983362,39048424,40213673,38433379,31169580,32255724,32992966,42385604,55600569,870599391,1152036151
241,000726,2017-09-18,0.019933554817275656,0.022425249169435224,0.27965038729342073,7370.5,61063.09094336608,1856,13028863,30628400,1338279,3096239,4776838,8630981,2717027,6666525,1607345,3145019,473920,1858274,985172,1020873,461456,1879697,668826,4330792
242,000727,2017-09-18,0.0,0.0035460992907803135,0.06948303227502434,2830.0,151974.77071263143,1659,26329912,32917406,853782,1424478,3780532,4702408,2682430,2444679,3190436,3012597,2334314,3840669,2014139,2078031,1356081,1278564,10118198,14135980
243,000728,2017-09-18,0.008867667121418732,0.005457025920873049,0.25656861703710115,97482.0,546223.1340377668,3267,361620257,481199026,689831,678366,10587873,10683475,18639541,22660858,37825367,40438668,31835517,44027027,31504993,35928798,33461935,28123996,197075200,298657838
244,000729,2017-09-18,0.0092592592592593,0.006172839506172645,0.17244528921245464,7139.0,68821.74500995384,1413,12702359,22968033,1156409,1192547,3755407,6422072,1924379,5067561,2274393,3170566,1233123,1055334,1345041,1384514,416640,0,596967,4675439
245,000731,2017-09-18,-0.005681818181818232,-0.012500000000000178,0.21321255765157765,17500.0,161523.48876093348,1705,71608995,40166844,1261689,1759383,6704728,8106429,7840380,7534961,10820751,8734671,5929372,4124514,5040209,3807230,6293145,1377949,27718721,4721707
246,000732,2017-09-18,0.00717835450027593,0.003313086692435352,0.4383507560281842,9090.0,123399.62164282889,1709,34898012,37034779,1437650,1981080,4882482,6819553,5833976,6763653,5868953,4396650,3924945,3601819,3428825,3759801,1956969,2701935,7564212,7010288
247,000733,2017-09-18,0.013601419278533422,0.010053222945002771,0.43331507235585326,25380.0,187822.0782225501,1523,58272328,55853063,1137142,781970,7497882,6945040,7924487,8227165,11191705,10315967,3988043,5388643,3354823,5155000,2163042,1859014,21015204,17180264
248,000735,2017-09-18,0.028169014084507005,0.028169014084507005,0.1432851177153043,29360.0,300089.009179186,2460,114794113,151297176,1739538,1420127,10295906,10328105,11021523,11766530,22674654,18685301,11800053,17121155,7935964,14161994,7960350,9694455,41366125,68119509
249,000736,2017-09-18,-0.01758241758241763,-0.038461538461538436,0.3759657642123806,36645.0,499608.2330929605,2354,151361678,164897758,836573,1527567,8018417,10878825,9745683,14652921,19848558,21945603,12663312,15831990,10839420,10495386,9231227,9311802,80178488,80253664
250,000737,2017-09-18,0.008510638297872353,-0.0028368794326240065,0.1363690951872939,25235.0,220537.7788024017,2684,117317106,105292943,1558542,1825513,10961925,11917677,13538144,12606867,19667032,19409501,11740552,12039371,10129411,9152568,11511697,4371152,38209803,33970294
251,000738,2017-09-18,0.004040404040403844,-0.006565656565656552,0.5444513335836356,13772.5,104156.47640426399,1322,33612209,16727353,1690143,1358269,6520118,5058120,5590106,3605441,7451229,3040672,1719209,922357,2325177,1339950,859986,0,7456241,1402544
252,000739,2017-09-18,0.0013192612137202797,-0.00527704485488123,0.18411068599882707,4506.0,84464.19981969563,1696,27484371,13275311,2638868,1342809,4582082,3052587,4307841,3452396,4388795,1487138,2187130,984395,2538900,0,1351362,929104,5489393,2026882
253,000750,2017-09-18,0.0,0.0,0.13375372722964915,18330.0,305664.33635266736,2069,81678209,106333505,716330,2256254,4505826,13249683,4571397,13778985,4268709,17229394,4601028,10647326,5605020,7625317,2691170,3648460,54718729,37898086
254,000751,2017-09-18,0.014285714285714235,0.007936507936507908,0.1254707689586877,24054.0,156103.37452627826,2527,81238338,96488772,1565970,1554831,11129751,13901658,11103860,13312005,12694787,19948215,8710688,9716473,10222509,11326727,4858520,3743874,20952253,22984989
255,000752,2017-09-18,0.018750000000000044,0.011805555555555625,0.34103764292412136,10297.0,71691.24374221801,1784,29094355,26526499,2398881,711582,8470994,6385840,6057799,5503175,4233440,4881647,2283091,2925842,915006,2252404,443940,434826,4291204,3431183
256,000753,2017-09-18,0.004210526315789442,0.00210526315789461,0.1847119122526643,9975.0,90952.53462532304,661,12695747,9277708,904833,486452,3308304,2305628,2273917,2080865,1619332,2255976,1189856,1498095,1069961,650692,410788,0,1918756,0
257,000756,2017-09-18,0.020156046814044037,0.020156046814044037,0.5240679638327574,15580.0,95268.70218257142,862,13472421,22789619,280143,1041319,2898660,4907126,2368175,4124185,2442523,3278977,2545664,1071925,697670,1825559,467636,2314799,1771950,4225729
258,000757,2017-09-18,0.005641748942172065,0.0028208744710860323,0.3200947960640805,7130.0,84294.71493639635,490,6881227,6757837,556799,482781,1492813,1654134,1015650,1086357,1162225,1073011,465740,1437714,355000,0,423000,455040,1410000,568800
259,000758,2017-09-18,0.008928571428571397,0.003826530612244916,0.16621283304157433,22120.0,180188.3141715724,2228,69159711,71128553,1409702,2017389,9772743,13479918,8357006,11837298,12389989,11050035,6641303,6886178,3116572,3647351,3087684,4463992,24384712,17746392
260,000759,2017-09-18,0.002185792349726823,0.0,0.25293029196073136,5502.0,53395.53320866967,1310,16529209,9019775,3580236,902926,3768037,3094612,2171236,1854938,2899194,2038274,1380460,458164,0,670861,885230,0,1844816,0
261,000760,2017-09-18,0.027607361963190247,0.020449897750511425,0.270894365299818,9950.0,119836.00504463499,1304,24239204,24149707,1757582,757968,4605150,4525247,4315279,4210293,5272811,4763737,2535305,1541799,1758069,1735382,940235,1372180,3054773,5243101
262,000761,2017-09-18,0.0031999999999998696,-0.0031999999999999806,0.12763800420110544,26124.0,268277.1743914791,2405,101128316,105858300,1160788,2098897,9360474,9462984,15774462,12637836,17883767,17494451,8741988,11299190,7792995,9885752,5864756,6229200,34549086,36749990
263,000762,2017-09-18,0.021080368906455815,0.02547211242863434,0.3888708425116829,170200.0,1251242.7909927373,3441,729415205,800655107,582978,364278,8303767,7125579,14531096,13335280,44329574,39054557,38302526,42482056,37949464,40196496,35738053,37129071,549677747,620967790
264,000767,2017-09-18,-0.0027855153203342198,-0.0027855153203342198,0.16066317866045476,7160.0,157407.22050892262,499,10455101,10851201,564353,337413,1623163,1404402,1331741,810891,1881376,1923461,0,224016,0,997951,0,872202,5054468,4280865
265,000768,2017-09-18,-0.000535905680600246,0.0,0.432975388992737,24244.0,173271.30799384217,1857,75095147,49706258,1177413,1561016,10689817,8216590,12333569,8408140,11408252,10521200,7708240,4144657,6758847,5647008,3598311,2698997,21420698,8508650
266,000776,2017-09-18,0.011006289308176154,0.00524109014675056,0.327946427710258,90193.0,517537.66919823043,3387,377887747,507007470,525318,1564909,8854438,12219910,19126866,19021245,32450613,36676989,28626749,36414440,29691925,30244869,31108758,35908548,227503080,334956560
267,000777,2017-09-18,0.003910614525139744,0.0016759776536312554,0.5455423635769748,14247.0,64125.29738122375,1076,19221566,16238644,1263487,971674,4953899,4711612,4647514,3715240,3907979,2926410,1720078,948565,1819789,715197,0,430560,908820,1819386
268,000778,2017-09-18,0.004615384615384688,0.003076923076922977,0.1277443532424969,13040.0,151769.245404073,2595,68750676,66198060,1637359,2510579,9797346,11384341,9068048,8917111,9701159,9822557,7389848,8095753,6519478,5870812,3959540,3614103,20677898,15982804
269,000779,2017-09-18,0.015593220338983027,0.01627118644067793,0.6414518505466127,11924.0,54443.12448843984,528,7107901,7987455,563267,389389,2523842,2172798,1453572,1845413,1664350,1904487,281060,693398,0,0,0,431810,621810,550160
270,000780,2017-09-18,0.005747126436781658,0.0019157088122607746,0.23712197293624426,10440.0,59593.200862312435,484,9523216,5871826,315511,433318,1746858,1804002,1592428,1128073,2273282,2081012,1871018,425421,748282,0,417877,0,557960,0
271,000782,2017-09-18,0.019668737060041463,0.01863354037267073,0.2986371729949841,18477.5,97897.85657926017,1046,20355264,29689780,1277515,781416,5272308,4370696,4746788,5397347,5096912,6075097,1764354,3036502,1069001,2050037,454146,3176617,674240,4802068
272,000783,2017-09-18,0.007000000000000117,0.007000000000000117,0.1985306016662634,21210.0,291695.9035519435,2539,96968055,148856497,1816121,1389394,10851597,11712592,9282105,11851777,13876177,16572422,9921354,15085755,6906688,12892136,5317538,7652160,38996475,71700261
273,000785,2017-09-18,0.008960573476702427,0.0044802867383513245,0.5215410674276517,8976.0,48340.48620744361,457,6555707,4549404,773688,204908,2113446,1230908,830831,1501985,1227547,721855,428905,229498,703318,660250,477972,0,0,0
274,000786,2017-09-18,-0.01775523145212421,-0.010779961953075401,0.2941527888182638,35025.5,218396.66856108286,2876,140248160,139125526,901851,2067356,10033870,14028943,13726869,26507518,22594055,26020492,15760958,15888105,18392371,12915496,11965268,8950232,46872918,32747384
275,000788,2017-09-18,0.004844961240309864,0.0009689922480620172,0.47760110257932975,10340.0,53691.80758509218,466,7666185,5765132,366916,365156,1690979,2211417,1750248,1219403,873794,1390898,1130861,260820,951093,317438,902294,0,0,0
276,000789,2017-09-18,0.007067137809187329,-0.0035335689045935537,0.1959910908638791,10266.0,99238.89358590709,1878,49935319,34153890,3151495,1006000,6758915,7197590,7810136,5574530,8472403,7803220,5327915,3707414,2015694,3123355,4665362,2158442,11733399,3583339
277,000791,2017-09-18,-0.008363201911588791,-0.007168458781361853,0.20819629683568563,14144.0,87397.21235712807,1617,35935351,36792970,1249079,1548241,6460845,6529038,6824791,5940732,7342035,9538288,3913813,5486738,3704858,2726598,2632895,2210941,3807035,2812394
278,000792,2017-09-18,-0.02745576571079933,-0.030506406345332526,0.2765652937964942,185806.5,2318354.402383004,3522,992753753,986187698,393687,404807,6988888,8482732,16851410,16288704,46533789,42132251,39932559,46307761,39676509,35293503,37397973,30228287,804978938,807049653
279,000793,2017-09-18,0.0,-0.004770992366412319,0.34084548424601935,16720.0,155914.8997706708,945,40995438,18416645,965892,532614,4826310,3554943,4734987,2287909,6497026,2639996,2081480,1763783,3425863,1452828,4485593,0,13978287,6184572
280,000795,2017-09-18,0.013480392156862697,0.008578431372548989,0.14847396948984118,35561.0,169716.70254222714,3026,125147844,138759146,1481323,1949094,13902599,15186482,17465051,21121331,25857801,28681475,18006057,17996452,9356444,10415048,8021498,8367074,31057071,35042190
281,000796,2017-09-18,-0.030459770114942386,-0.028160919540229812,0.35393279159370533,32737.0,135063.20313255594,2418,101974254,70917428,1261651,1336577,11999758,10590986,16724628,13389780,25335450,16889060,15020281,12116883,12235464,5990897,4571613,3569709,14825409,7033536
282,000797,2017-09-18,0.05706760316066717,0.047410008779631196,0.2308993031966886,41030.0,245536.45533636177,2438,128043474,183607109,879869,1401937,9504409,10490244,12341320,12878330,19580955,19932981,18551678,18193662,9845862,22381749,10753906,13893121,46585475,84435085
283,000798,2017-09-18,0.02169421487603307,0.006198347107438051,0.3721333494244505,9680.0,46066.88389005077,676,8724371,6543357,835087,741975,2973849,2213552,2022173,950264,1916063,698065,211554,679866,765645,718510,0,0,0,541125
284,000799,2017-09-18,0.04126984126984112,0.03880070546737202,0.49600762974971613,71004.0,363979.91014310106,3270,249573612,339216670,615391,718670,10583605,16078872,19466887,23819192,32882230,37304111,30222095,30533693,23189738,27203536,13963561,21644999,118650105,181913597
285,000800,2017-09-18,0.014184397163120588,0.014184397163120588,0.21850042873372574,45800.0,318732.79525286995,2669,147348095,222658768,678088,1267017,7994915,14047124,12120371,17992744,22928477,26358661,16972260,23721693,15074163,13284982,13435397,11281985,58144424,114704562
286,000801,2017-09-18,0.0036363636363636598,0.00242424242424244,0.2210196107514742,16460.0,107292.86991436504,1394,38786962,27174764,1515971,1096120,7784439,4595872,7371983,5196588,9557873,3807888,4389535,2922904,3103547,943096,1755722,843652,3307892,7768644
287,000802,2017-09-18,0.006670709520921969,0.0024257125530626755,0.39574952451872736,19974.0,113308.63177448195,1736,50436726,45127157,1160364,1750467,8278971,9274019,9292116,8154490,11080143,9631624,3741515,4095782,3561160,2960348,895835,2698978,12426622,6561449
288,000807,2017-09-18,0.014184397163120588,-0.007092198581560294,0.244055180779338,104317.0,1171803.2023233501,3345,561702239,587067300,670851,742862,11264901,10544912,17752227,16240148,39810779,32495735,35795537,37137705,27067073,32893446,30699343,26641067,398641528,430371425
289,000809,2017-09-18,0.0024630541871923928,0.0,0.22595558772964427,18113.0,127277.3041790728,322,11529796,5845193,227229,220385,1735058,1179812,1389313,1565119,1615117,1642148,2599994,204721,689386,351648,881018,0,2392681,681360
290,000810,2017-09-18,0.0,0.0,0.3502316411266327,11430.0,65494.14010404564,1061,18886033,12405748,766043,1093587,4728144,5397964,4227793,1979042,4346059,1872094,1696780,289685,307530,0,488050,0,2325634,1773376
291,000811,2017-09-18,-0.003976143141153132,-0.007952286282306154,0.2642591407839243,2002.0,153958.91313168962,1449,37011583,8007925,1476927,563455,4728588,2287292,3058405,1620763,5342445,1607448,1204938,1428467,2219266,0,1408414,0,17572600,500500
292,000812,2017-09-18,0.005506607929515406,0.0,0.2977072747836845,14520.0,58432.28731257702,930,18188563,15552724,1005061,833657,4776408,3997098,4271126,3113224,4667928,4269754,1759628,1600133,1254412,336700,454000,875268,0,526890
293,000813,2017-09-18,0.038130381303812966,0.03198031980319804,0.176391779632188,4200.0,34611.806798510785,2127,9425866,24027540,757994,3759421,3160194,10245295,1893577,3642238,1631742,3075406,713344,2561335,706837,318970,0,424875,562178,0
294,000815,2017-09-18,0.0,-0.013461538461538414,0.4530862811813375,16786.0,104824.6769199391,1186,32251515,20434714,992824,745231,6765953,5092358,5206546,4752010,6963593,4663264,1228085,1990207,2369974,978687,2681720,0,6042820,2212957
295,000816,2017-09-18,-0.001366120218579292,0.005464480874316946,0.15175131319498922,36886.5,341512.82109748764,2332,137416137,145505591,1533300,970619,15104248,6620473,16742182,10075946,23474496,17650809,12524309,14655424,11206950,17410100,10075980,6772384,46754672,71349836
296,000818,2017-09-18,0.005333333333333412,0.0,0.3444978582594725,11390.0,130805.21676470092,1066,21776001,18015534,743426,791510,4603472,4821724,3768137,3484312,3249640,4673744,2859580,2659315,1691746,629589,452000,446840,4408000,508500
297,000819,2017-09-18,-0.0022136137244050946,-0.0016602102933038765,0.6174590031558503,18045.0,60836.68872127979,856,17964014,13759818,751758,730525,4311810,3727374,5198850,2967629,4285123,2335911,2042272,1026606,1374201,1533499,0,867002,0,571272
298,000821,2017-09-18,0.011450381679389388,0.0,0.3754615776842809,18284.0,53800.6465768217,1217,20562997,18496829,642045,817865,4799262,9484573,4444726,3912317,5620934,2943614,1645363,546760,1575667,791700,0,0,1835000,0
299,000822,2017-09-18,0.0008460236886631556,0.004230118443316222,0.2527516310369833,25137.0,221894.0084714374,2189,91159485,90168844,1170684,1293243,10885232,10365456,12401474,10434478,16300289,14318779,9941754,6146477,6937602,5874555,5802413,1783613,27720037,39952243
300,000823,2017-09-18,-0.0006839945280437965,-0.002735978112175075,0.36614652090560385,20608.0,161934.96490208688,1595,56723198,43688284,1370923,711405,9180911,5886507,8131484,5605555,10432084,8747245,5610821,3296573,4362535,3506427,2281895,2679036,15352545,13255536
301,000825,2017-09-18,0.009708737864077666,0.007766990291262044,0.09427696103594722,21882.0,258283.86150423027,3001,124090977,137097404,2153876,1813073,8310998,11525002,19673079,13924829,26097520,18533367,12942720,14387974,6123249,7526351,3773024,7354213,45016511,62032595
302,000826,2017-09-18,0.019181219582021125,-0.0048668766103636685,0.8575120998266221,34670.0,254531.27244637668,1659,96178755,87627998,685657,726799,8771435,6297611,13001497,6025054,17534326,10162803,6736297,6345783,12453227,6529610,4019012,3618413,32977304,47921925
303,000828,2017-09-18,0.002358490566037652,0.002358490566037652,0.4323362618639917,22806.0,94933.57604738936,865,27297874,20437544,614124,419509,4324632,4272536,3200387,5188841,5768377,3921492,5522998,4127149,2127891,689280,430780,1818737,5308685,0
304,000829,2017-09-18,-0.0009302325581395099,0.0018604651162790198,0.24650169719075987,12900.0,206674.15529516886,1906,43037853,46488696,1279496,2364748,9639699,7418454,6797827,5688973,9861182,5655426,3306528,1541702,2036848,1105099,1774303,903946,8341970,21810348
305,000830,2017-09-18,0.018750000000000044,0.019791666666666652,0.17870120942346046,19400.0,200281.5130100708,2891,96042465,118230158,1638271,3466854,9123382,13462852,13762787,13243331,16240193,17950158,10122413,10327173,8333440,6996892,7395158,6548336,29426821,46234562
306,000831,2017-09-18,0.016069221260816002,0.013597033374536327,0.29468636458439496,58842.0,296803.66204747866,3018,212495090,238511255,1077789,1175133,13366117,12099560,19418596,20393036,31308521,33777397,24053613,25049112,17313528,24007421,13148251,14355822,92808675,107653774
307,000833,2017-09-18,-0.009153318077803174,-0.009153318077803174,0.2121698335497706,17360.0,96017.28578437994,1698,48021643,31016657,1379589,1544807,8653207,7884984,8884579,5905441,8500184,7311655,5912984,2622642,4609358,2133754,871408,1371292,9210334,2242082
308,000835,2017-09-18,-0.01188118811881178,-0.01188118811881178,0.28984026282525893,19920.0,98389.31883449387,1214,32874102,21947622,958274,1042250,6945089,5182719,5959308,4180832,7861290,4693601,3221042,2875515,1320418,336052,2341419,420840,4267262,3215813
309,000837,2017-09-18,-0.0038809831824062613,-0.0038809831824062613,0.2438444267414371,12352.0,88643.64983647614,1005,25041671,13266004,973438,859972,4760526,3290423,4622798,2598741,4685433,3295814,2769801,1825663,2410037,1395391,870540,0,3949098,0
310,000848,2017-09-18,0.012793176972281328,0.010660980810234477,0.23313462694305684,16064.0,104884.73357977463,1619,29984515,50398054,1206930,1966290,6564087,8352091,5872718,7968873,5931877,8424982,1407757,6339748,670476,3620439,1811126,2710524,6519544,11015107
311,000850,2017-09-18,0.007393715341959428,0.007393715341959428,0.22705659985719187,8160.0,115998.10977209266,567,7291047,16858576,213756,821580,824186,2487999,1840769,2464835,1094057,1255458,969114,2366816,0,1437084,1801357,0,547808,6024804
312,000851,2017-09-18,-0.012987012987012991,-0.009523809523809601,0.3348329850633726,21850.0,95523.9005366417,1190,34583309,29326912,803124,516596,5384960,5815310,5589715,6357691,6815659,6763812,4885091,3698522,3491514,2464115,2251759,3169293,5361487,541573
313,000852,2017-09-18,-0.011142061281337101,-0.005571030640668551,0.29177685867325226,31064.0,140948.02050351174,2423,97144150,78096720,1254285,1526748,12954575,12408229,15426586,14602795,20090220,19675283,11730141,8996976,8688111,5819062,3091826,3581206,23908406,11486421
314,000856,2017-09-18,-0.02817403708987154,-0.02674750356633382,0.5564788932541923,36387.0,158517.8333658857,2539,124504424,92513479,965697,1233720,12630102,13562649,16564842,14991742,21711085,20456493,16616450,12300365,10587750,8714239,5563829,5757355,39864669,15496916
315,000858,2017-09-18,0.023028105167724355,0.02103354487760667,0.966484209234092,112270.0,1079423.4449812814,3256,473515544,673712235,493970,685045,9195244,7719299,18585600,20857701,33489701,43355626,35785375,43399496,31715771,33905646,23660395,23801133,320589488,499988289
316,000859,2017-09-18,0.00957854406130254,0.0019157088122607746,0.19211078432795212,10460.0,93800.26031121773,738,15196578,14192814,583524,431653,2726724,2699624,2841632,2235547,2824098,1658777,2478816,2972814,652550,698894,402462,495337,2686772,3000168
317,000860,2017-09-18,0.016409746394828506,0.01044256588761816,0.4853995187717862,20335.0,155339.16473987346,1716,48403354,59130715,692410,891276,9283389,8360979,8358411,9538886,10053865,9330299,6679310,8164483,3591165,2983854,1399892,3950442,8344912,15910496
318,000861,2017-09-18,0.0,-0.005249343832021025,0.1398180293508261,9475.0,73304.37366571256,743,17153972,8123831,645202,679795,3073092,2665395,2542555,1147286,4083359,2306672,1249184,231648,3296659,0,962455,0,1301466,1093035
319,000863,2017-09-18,0.015047879616963078,0.013679890560875485,0.2459730404006781,11115.0,99322.19735488288,883,17858552,18280542,879395,813007,3698916,2586980,4134043,2164080,2459213,3489086,2402555,2486995,1445612,2637150,1362074,862680,1476744,3240564
320,000869,2017-09-18,0.01053230856817522,0.00996299459151695,1.2897560542806747,17765.0,94931.42212847514,741,15287288,20622301,549642,531706,3657847,3735897,2464365,3333344,4069022,4126263,2538143,2109896,1031067,1354864,423402,1247635,553800,4182696
321,000875,2017-09-18,0.0,-0.0019762845849802257,0.1808329307951222,10584.0,100138.32507489873,783,16629134,13415212,687170,532977,2759912,2379385,2893173,4070791,2463301,2592102,2212554,813939,303600,728134,0,1791885,5309424,505999
322,000876,2017-09-18,0.004016064257028162,0.0013386880856760541,0.20379796075551534,8217.0,150943.5671563838,1344,31204275,25999750,1095211,1623668,4852832,4717063,3490253,3036734,4644581,1939989,3223927,2694064,2781673,2185432,1370539,937335,9745259,8865465
323,000877,2017-09-18,0.0,-0.0023219814241485226,0.24457113356892685,27142.5,154691.51562614788,2792,102153437,98844911,1423645,1490011,14488344,13300487,17711789,14661289,21144259,21407342,10788008,11873029,8398702,7204397,5807957,6719789,22390733,22188567
324,000878,2017-09-18,0.010288065843621519,0.003429355281207247,0.284243418050146,29310.0,283461.3084092001,2634,140987960,150391535,1019030,2089883,8306912,13828342,12257626,15256667,20241927,21697216,12356407,16263089,10085048,12183103,6766506,8607136,69954504,60466099
325,000880,2017-09-18,0.009540329575021822,0.004336513443191636,0.305152869526243,4636.0,48740.183456573235,1428,17500380,8747351,1853513,479637,5636730,2930942,3386976,1653300,4175397,1791251,1190875,529432,0,317018,0,0,1256889,1045771
326,000881,2017-09-18,0.009726443768997006,0.003039513677811634,0.5809649216168319,16410.0,85157.71780450385,801,16538424,12441097,575460,837616,3160845,5070351,2637163,2870912,4467910,1270214,1147089,1178349,318160,0,941250,0,3290547,1213655
327,000882,2017-09-18,0.0,0.0,0.13202326948496,10980.0,142576.22248759092,769,21192165,11877849,666735,502507,4146789,2493391,2238885,1754145,4671149,2312488,745755,794952,703990,1137820,496662,0,7522200,2882546
328,000883,2017-09-18,-0.0038910505836574627,-0.0058365758754862496,0.1384499548270002,6156.0,113568.80836679362,1380,28142993,14885161,1070427,723410,7925728,2886670,4888584,2046053,4597657,2303772,1954699,955432,1070750,1327208,948224,887996,5686924,3754620
329,000885,2017-09-18,0.004362578768783321,-0.0067862336403295975,0.4066157057415722,35054.0,124588.48217527417,2575,105865150,83041563,925446,1208187,14000378,12351514,16962174,12992270,26614955,20515601,16881928,11866916,9900674,7564749,5250166,5948916,15329429,10593410
330,000886,2017-09-18,0.001547987616099089,0.001547987616099089,0.18266544598482584,26300.0,128848.16225384988,1252,42950791,38848500,866820,736689,5575663,6275967,6222209,5693967,6916113,6563906,4797999,6269809,5037418,5783636,4039722,1284988,9494847,6239538
331,000887,2017-09-18,0.026004728132387633,0.026950354609929006,0.4272354139625669,54324.5,404061.3259066747,2452,158068008,226931427,834431,762943,11545692,9545838,13501574,12327128,31610459,19887164,20220880,25253386,14168454,16293019,9482431,18072356,56704087,124789593
332,000888,2017-09-18,-0.010152284263959421,-0.011844331641285955,0.3436051235999303,23580.0,105258.50312371705,1183,47366587,20442881,497674,870796,5449390,5781604,12712375,3439205,8472403,5032442,5004001,1911988,3137434,718762,3570987,1409583,8522323,1278501
333,000890,2017-09-18,0.005069708491761693,0.0025348542458809575,0.2978569305574283,3960.0,51830.25592537434,701,6994386,4816514,491753,828079,2116350,1781174,1096899,1331063,1232392,428875,237600,447323,789000,0,0,0,1030392,0
334,000892,2017-09-18,0.007500000000000062,0.004999999999999893,0.3158258250168695,12816.0,70593.76693389402,641,11017247,9778719,603126,621484,2839289,3334641,2203620,1797604,1629197,1215235,1480074,796157,1379042,321599,882899,0,0,1691999
335,000893,2017-09-18,0.03095975232198156,0.011351909184726727,0.20588545698590807,20727.0,343549.07365400426,2228,86090396,129607408,956073,2563829,8051370,11540823,8480552,9361472,11900245,13425568,8889037,10160645,3806730,10300641,6605248,4531078,37401141,67723352
336,000895,2017-09-18,-0.0029876227059325577,-0.0034144259496371454,0.48107038398596264,32802.0,196305.9379314927,2373,112067808,91427545,1375768,1179487,13510171,11786019,12602896,10727706,20581456,12383060,14640143,16246858,10906469,10178097,9582793,2201693,28868112,26724625
337,000897,2017-09-18,0.0,0.0,0.13635055077742295,8379.0,100954.26130953747,1052,18832918,14955517,1128803,1163116,4220339,3271218,3719404,2342308,2679200,2590377,2676847,1428727,967880,364589,490160,484218,2950285,3310964
338,000898,2017-09-18,-0.001481481481481417,-0.011851851851851891,0.1256081417982457,25049.0,222992.34524494087,2897,153857856,109171870,1633703,1582602,13023094,9392425,15202796,12235522,25861813,16753889,21526623,14213955,14808398,9675984,8857901,7646109,52943528,37671384
339,000899,2017-09-18,0.0013550135501354532,0.0013550135501354532,0.34228064177527817,13708.0,73433.89856059586,464,7698088,9215227,430968,558778,1573586,2397543,1383277,1736251,968631,1929513,1402282,1159484,300440,0,400340,413280,1238564,1020378
340,000900,2017-09-18,0.0016286644951140072,0.0016286644951140072,0.1689593715754804,9824.0,47912.66952538535,1322,13274340,12094408,2431692,1424033,4107459,3783174,1759173,2525171,1906854,2288868,787449,780178,389890,337568,449565,955416,1442258,0
341,000901,2017-09-18,0.010634648370497546,-0.0013722126929673895,0.7543249370647191,23264.0,111501.8715616327,1493,46995922,33514698,1146379,1178383,6519059,7985302,7701156,6703833,8583419,10293163,5452707,2846229,4664042,2089561,3049270,845653,9879890,1572574
342,000902,2017-09-18,0.006198347107438051,0.00723140495867769,0.2784594732089449,19520.0,114944.29305420126,1209,31728887,29739131,1453091,815766,7372044,3627360,5634722,5953294,5987113,4385829,2946805,3383072,2128645,2119534,2677369,3670666,3529098,5783610
343,000903,2017-09-18,0.01228501228501222,0.00982800982800991,0.11697398655918262,12330.0,119622.04895047759,1213,18421594,34765952,832928,1366220,4194834,6990369,2867920,5100857,3087011,6273514,1088142,4468113,615074,2359278,843372,2485787,4892313,5721814
344,000905,2017-09-18,0.014224751066856278,0.012802275960170695,0.34340949047671226,18525.0,132436.49504918026,1676,36725609,47952673,1279916,1433920,8704085,8935390,6086573,8145885,8424101,10194966,3681452,5793014,973077,3325204,938644,2212100,6637761,7912194
345,000906,2017-09-18,-0.0010626992561104665,-0.005313496280552665,0.43320705090363915,12207.0,58178.69623017964,471,7748446,6957832,439495,506653,1747659,2743078,1657564,1353769,1479324,893313,1322052,527679,687960,0,414392,933340,0,0
346,000908,2017-09-18,0.007978723404255428,0.003989361702127603,0.34191242204876865,6072.0,69851.94461419995,483,6653431,5679697,309847,544208,1226033,2049369,1073143,1258524,1298810,899984,453900,0,679900,0,495078,0,1116720,927612
347,000909,2017-09-18,0.019145802650957222,0.015463917525773141,0.3579480890331941,17979.0,84383.80056904744,1440,31614532,31137751,1101505,1024083,7326158,6697282,7103266,6572200,8878040,6275837,2643621,2772743,1292510,2066030,463926,1904669,2805506,3824907
348,000910,2017-09-18,0.012563983248022437,0.007445323406235493,0.5242037470325727,4294.0,43956.0861430722,1681,13683699,12805558,3074583,705880,5184477,4166364,1773304,1836603,1587291,2615589,429417,1694712,718086,306010,916541,432800,0,1047600
349,000911,2017-09-18,-0.003993610223642086,-0.005591054313099031,0.29957380052220733,19984.0,176857.25806193543,1747,67581922,39066866,1470260,1133279,9496218,8224752,8758845,7743649,10028726,8216615,6847915,3313730,5392998,2026274,2322975,1317570,23263985,7090997
350,000912,2017-09-18,0.004048582995951344,-0.005060728744939347,0.20634108436151435,19700.0,79569.38517970165,2295,53705082,50110146,1912930,2089241,10834381,10787010,10816455,12638704,14335048,11478840,6632834,4789773,2410038,3372238,1342566,1675063,5420830,3279277
351,000913,2017-09-18,0.016384489350081965,0.026215182960131145,0.6013324225358967,18650.0,96721.63041941101,927,18535938,21761276,939728,615623,5406602,4535378,3612598,3676998,3772020,2557169,1105337,1677385,371200,1425620,1270953,1870413,2057500,5402690
352,000915,2017-09-18,0.01949941792782317,0.019208381839348254,0.7849792418343879,35230.0,176638.68051211137,1917,64236601,98854760,582014,775542,9363909,10213203,11138982,12461291,11864046,19727243,9218698,12895190,5961082,7578284,3654482,3537930,12453388,31666077
353,000917,2017-09-18,0.006398537477148025,0.002742230347349217,0.28532835296949294,20852.5,158408.45547503952,1470,58453242,44682102,1263905,872328,6514510,6156545,6569276,5598478,9264112,9885667,5594212,4220731,4480496,4046201,5355650,2686343,19411081,11215809
354,000918,2017-09-18,0.005681818181818121,0.0,0.20971697542790468,17500.0,103533.26521165374,1127,26234851,22384268,998856,876262,8490235,3987852,3972661,4465024,3151327,2468435,4581834,2633133,2002723,1836453,1769395,866210,1267820,5250899
355,000919,2017-09-18,0.0065543071161049404,0.0037453183520599342,0.47295714595467925,11792.0,62885.16372439056,509,7256132,7803703,325753,409598,2998972,1850257,1878165,1259644,1839042,1116786,214200,855448,0,349472,0,458172,0,1504326
356,000920,2017-09-18,0.0008620689655172153,-0.0017241379310344307,0.4842276282205808,12771.0,66544.56297273257,573,12472310,8157465,408207,444480,2866455,2659864,2109633,1616665,3997082,1327245,1694043,714011,1396890,0,0,0,0,1395200
357,000921,2017-09-18,0.009516837481698293,0.0,0.2641762945691945,23485.5,131624.27871943152,2676,83085843,78494895,1539932,2240441,15403595,12655327,11431643,14017914,14548103,17372932,7342245,7905410,5567967,4598084,5828307,3918963,21424051,15785824
358,000922,2017-09-18,0.004813477737665384,-0.010830324909747224,0.3271257084560378,9900.0,213942.04488937804,645,17276064,6282661,725519,718436,2922312,2119520,2274271,889517,3213481,960827,1576962,766362,381339,0,931720,0,5250460,827999
359,000923,2017-09-18,-0.02534246575342458,-0.02534246575342458,0.7538441125030794,19964.0,86693.61787751476,1500,43843468,24804681,933205,1208257,8632511,7531591,7575183,6187120,8848111,4244916,5921173,1934117,3683648,1683354,1899110,0,6350527,2015326
360,000925,2017-09-18,0.009216589861751112,0.008064516129032251,0.6684152647053317,14004.0,101359.29276876818,674,16331437,8961745,720020,473789,3227203,2470546,2372561,1639424,2329443,1311019,298368,0,2383894,342022,490761,494966,4509187,2229979
361,000926,2017-09-18,0.014901960784313717,0.007058823529411784,0.2777341159599106,25440.0,167961.5795092892,2110,75135011,83002083,843398,1417265,6149219,13184778,8206578,12320363,14159314,13055730,10212711,8174337,9113290,5245027,5208898,5310871,21241603,24293712
362,000929,2017-09-18,0.0059880239520957446,0.006736526946107713,0.6048887707432028,9394.0,34600.21779539671,487,4311427,5356043,385259,785760,1497137,2067238,642792,900570,1585539,825374,200700,777101,0,0,0,0,0,0
363,000930,2017-09-18,0.04335664335664324,0.060839160839160744,0.24067525676530654,248997.0,1090984.9058661258,3537,756065086,923329431,250394,228940,7032023,6575612,13162745,12538814,42905412,38998777,48657970,43733898,49191969,49427554,51608629,49721066,543255944,722104770
364,000931,2017-09-18,0.003973509933774766,-0.0013245033112582183,0.266678427221298,8788.0,52891.234483291184,801,12060879,7743981,920094,1043326,3310584,3587515,2461871,1938142,1583184,681983,2404758,493015,382278,0,0,0,998110,0
365,000932,2017-09-18,0.0,0.0,0.2854160618890151,7008.0,379285.8378646996,941,0,47343420,0,2434404,0,5267388,0,3254340,0,6906384,0,1805436,0,1342032,0,2165472,0,24167964
366,000933,2017-09-18,0.007824726134585402,-0.015649452269170472,0.22570800354323534,65841.0,551928.6366430927,3211,379107871,327368999,796295,1150548,11304464,12364741,16418372,19544742,35284246,30190640,25461283,28505847,18365724,23232911,22794726,24563657,248682761,187815913
367,000935,2017-09-18,-0.02444444444444449,-0.017037037037037073,0.47768464035653513,58432.0,330990.35104098043,3201,267866442,220922160,906764,952778,13726438,13038219,19661427,22337969,39195465,26966647,27177233,19539545,22597918,16453791,14750490,9852781,129850707,111780430
368,000936,2017-09-18,0.006821282401091366,0.004092769440654953,0.20076590526699137,4404.0,50328.05785185949,1333,12736746,10244326,2892640,677346,3913112,3047827,2267739,2034535,1672907,1063558,999921,713532,990427,393760,0,0,0,2313768
369,000937,2017-09-18,0.01298701298701288,0.0,0.1433159130186932,17437.5,172764.44710671616,2342,70194123,83450642,1247368,2190900,8061189,13346995,10160987,10806397,11282242,11591154,4540760,9977878,6482729,6778846,4029635,3205200,24389213,25553272
370,000938,2017-09-18,0.0062937062937062915,0.0038461538461538325,1.3139854355320553,17184.0,164831.90561648962,1896,65754475,63582669,1577921,1975052,7514451,7475321,6865160,7413379,10941858,7347989,8993725,7350271,5836483,3526466,3525550,4698508,20499327,23795683
371,000939,2017-09-18,0.023381294964028854,0.023381294964028854,0.10909148987805616,26904.0,206343.0584779582,2608,96184663,98440553,1620323,1444618,12138983,11051225,14222198,14759218,20022846,18515166,12434530,14788940,9824748,9686131,4327582,2316062,21593453,25879193
372,000948,2017-09-18,-0.002473206924979432,-0.0032976092333059093,0.4905070564289452,10899.0,63495.19957351601,611,12136713,9053869,409386,870291,1624106,2495967,2234502,3042899,2925973,1775790,3573420,505622,0,363300,0,0,1369326,0
373,000949,2017-09-18,0.004415011037527394,0.004415011037527394,0.17589707376125857,8135.0,79525.27516780868,663,6043723,11392868,730515,749309,2288016,2592899,1463494,2289590,1158981,1187340,0,1176403,0,394072,402717,1393825,0,1609430
374,000951,2017-09-18,0.048560135516657166,0.024280067758328583,0.3362664417832561,16326.0,79089.02393142488,2780,40763717,54078113,1369474,3598075,9541856,21368730,7754454,11442509,5866625,9231613,2855286,2521198,3471690,988031,1394524,2248431,8509808,2679526
375,000952,2017-09-18,0.003625377643504457,-0.006042296072507614,0.4883854716658838,19793.5,88789.94442983675,1148,30760046,24296825,858881,1000232,6412507,6271406,5850019,4922134,8083009,5121619,3725729,1335488,1310350,681520,1308214,409200,3211337,4555226
376,000955,2017-09-18,0.019938650306748684,0.01840490797546024,0.23404165058312484,13220.0,102048.87062910083,776,11692736,23373543,585760,824199,2690474,3455204,2134952,3836155,3188540,4631160,1217359,2154901,332000,1408050,920091,1294205,623560,5769669
377,000957,2017-09-18,0.09148264984227139,0.09148264984227139,0.3081602021267765,33670.0,1065448.1259021559,1695,218098124,106396803,2077781,15246,11583772,797388,10531628,2916073,17638269,7598500,18445254,8998274,11830632,7419917,10878744,6727164,135112044,71924241
378,000958,2017-09-18,0.0025094102885823144,-0.006273525721455453,0.1647686568274843,21438.0,147521.47600883854,2343,85016949,65014895,1734759,1758570,12007050,10471949,13381836,10404502,13122453,12663055,11456938,7678951,6445455,6287405,5308362,5268274,21560096,10482189
379,000959,2017-09-18,0.002808988764044784,0.001404494382022392,0.1462357767367605,6489.0,46651.8512967523,2377,34413627,18412228,3096341,2184944,6292501,7731822,8897815,4235228,7907497,2339600,4487226,235235,1734447,736471,1266048,948928,731752,0
380,000960,2017-09-18,0.021438450899031736,0.015214384508990264,0.27208347957190854,23552.0,280345.7574907023,2827,116874389,140737803,884421,3149749,9005284,14509453,11062235,16424078,16385269,23009345,9598293,17311832,8878924,10883255,7398867,10668972,53661096,44781119
381,000961,2017-09-18,-0.0196629213483146,-0.016853932584269704,0.13977742317423222,43555.0,382376.9077836458,2602,212404959,207062828,1439842,1261846,8767013,10006147,14837433,15088657,19956618,20073082,16024878,21306788,18965894,14764309,14238704,9195151,118174577,115366848
382,000962,2017-09-18,0.01443695861405181,0.00673724735322434,0.2621738246697238,9549.0,89767.36132980298,1572,36647991,22184899,3234680,748590,6021367,4740811,4300552,3778281,5488669,6365257,3826178,2646075,3851006,1147084,2534438,915906,7391101,1842895
383,000963,2017-09-18,0.018779342723004744,0.01941954758856168,0.9962923732895509,19040.0,204191.36565079898,2212,66999779,110012601,1332245,4299961,7420906,8618463,5899073,10748311,9773092,20118674,8251104,15449077,4708922,10308768,5818131,9283680,23796306,31185667
384,000965,2017-09-18,-0.007978723404255317,-0.007978723404255317,0.2122973485929948,15080.0,108738.06697245003,1255,34894871,25761097,876976,1318710,5872210,6580720,5179642,5278590,6802999,4053431,2640331,2314131,2552351,2066714,1380276,1281946,9590086,2866855
385,000966,2017-09-18,-0.002044989775051076,-0.006134969325153228,0.18246647962152776,9720.0,105439.77496960203,718,16477118,9549678,901757,774419,2923071,2445903,2007291,1252476,1494422,1478662,2217861,928658,1754581,1420405,1461000,0,3717135,1249155
386,000967,2017-09-18,0.0020661157024792765,-0.0010330578512396382,0.36515324113840725,14520.0,114004.03953071873,702,13774271,14215137,635071,1043448,2733693,4759196,2506799,1996351,1876005,2353946,2543735,770017,725250,0,1390181,0,1363537,3292179
387,000968,2017-09-18,0.043624161073825496,0.026174496644295164,0.4150436538675814,19760.0,134503.18981528605,1289,22931136,35457098,1103276,701896,6205191,9166831,3822904,7400414,4029051,3414082,1605524,4505898,1649706,2336041,1739064,1365062,2776420,6566874
388,000969,2017-09-18,0.020776874435411097,-0.0036133694670280603,0.23654460318870824,33255.0,266955.05170325015,2194,116429980,100069613,961123,1175808,9235459,11160839,9553777,13157345,18299443,18143728,13492477,14641511,9308262,6792970,9527982,7707719,46051457,27289693
389,000970,2017-09-18,0.01569037656903771,0.01569037656903771,0.3354476133328136,126132.0,632895.506182942,3252,510452862,569403044,713382,819945,7838611,9565877,14527207,19303641,33454482,38592502,32366217,44281507,29689767,37798337,33502031,31766178,358361165,387275057
390,000971,2017-09-18,0.0011904761904761862,0.0011904761904761862,0.5144096269589209,5048.0,45373.49596256331,1066,9153862,7973887,1491356,881573,3038274,2848776,1712538,1088828,1458657,1429058,455117,252750,0,1068983,0,403919,997920,0
391,000972,2017-09-18,-0.007009345794392607,-0.007009345794392607,0.23015901829605453,8540.0,63321.610331013486,345,6912546,2610171,463255,203321,1857046,1070657,1630803,552302,664517,783891,1001725,0,0,0,445200,0,850000,0
392,000973,2017-09-18,0.0241837968561065,0.02297460701330123,0.1535892366892988,37466.0,270390.5662666827,2904,123267327,173025070,1491276,1571808,12287962,15177224,15119610,18927179,25703952,28441141,17047686,19635167,11546201,12733259,10938775,10711417,29131865,65827875
