,code,date,pchange_whole,pchange,change_std,amount_median,amount_std,length,sumsell,sumbuy,sell_vol_0,buy_vol_0,sell_vol_1,buy_vol_1,sell_vol_2,buy_vol_2,sell_vol_3,buy_vol_3,sell_vol_4,buy_vol_4,sell_vol_5,buy_vol_5,sell_vol_6,buy_vol_6,sell_vol_7,buy_vol_7
0,000001,2018-03-07,-0.008230452674897082,0.0008230452674897748,0.2054613990063162,112838.0,946187.1836577988,3500,698335423,694996675,1180017,684253,10556982,10824123,20330578,17715886,47911606,36379766,36340721,30068565,28840617,29793509,24528179,23801418,528646723,545729155
1,000002,2018-03-07,-0.01614832535885169,-0.00837320574162681,0.5655391528112209,115440.0,529783.8256589421,3497,473614324,459874168,655848,658913,9914155,10737488,20813687,21783260,44779326,46754765,46863740,42016462,39722988,33336223,34866275,25442037,275998305,279145020
2,000004,2018-03-07,-0.012753897024090799,-0.0051960321209260085,1.1069806730679939,10600.0,49713.730852910485,365,4583746,3446754,338403,277541,1594763,1465508,1071083,755253,121916,504600,746301,443852,0,0,0,0,711280,0
3,000005,2018-03-07,0.109375,0.109375,0.09946902893433528,10224.0,342111.02783743135,1495,57212627,25400470,2099272,759674,8184245,4143549,4938633,2862791,4876206,4955602,3923392,2063906,939446,2063973,1762985,458843,30488448,8092132
4,000008,2018-03-07,-0.007936507936507908,-0.006613756613756627,0.2419412461961748,7550.0,62475.751043721866,976,11364041,12042080,668341,2124681,1976680,3547397,1734551,1596149,2309889,2019373,1239606,924942,363910,1357407,431648,472131,2639416,0
5,000009,2018-03-07,-0.003278688524590123,0.004918032786885185,0.15216144358179176,12180.0,160018.01644916864,1609,36408637,40034905,1578067,1222705,6452423,6789037,4178317,7988685,6301207,6259654,1300561,3418810,1971015,2999837,1354357,1397036,13272690,9959141
6,000010,2018-03-07,-0.0021459227467810482,0.012875536480686511,0.14015114752666513,9300.0,51990.53385261734,1107,13038221,14856943,1303814,1043437,4605344,4189336,2356624,2534389,1563576,2940245,1779813,2490410,351000,709495,0,949631,1078050,0
7,000011,2018-03-07,0.013838748495788256,0.028880866425992746,0.348308789952098,26264.0,141313.9363016584,2280,69795652,73430210,1586536,1109944,11674385,9464779,12839053,13736472,17204242,14648579,8771448,7556775,6214888,5317029,4148376,5227846,7356724,16368786
8,000012,2018-03-07,-0.013496932515337567,-0.009815950920245453,0.2035920000967056,12976.0,126108.80483725075,1603,43074627,38026199,1476612,1300076,8136726,5178859,5293600,5691373,9015300,6868502,4982757,3628007,3599889,3348904,3883731,2799361,6686012,9211117
9,000014,2018-03-07,0.045454545454545414,0.07090909090909081,0.24507023280016668,18976.0,136535.0363620286,2023,49697070,54322650,1456753,1469698,9760802,10050572,8474561,8161505,9450689,11750178,5361420,6864871,1444904,3103666,2702064,3171672,11045877,9750488
10,000016,2018-03-07,0.02110389610389607,0.02110389610389607,0.14408479406122204,19746.0,151437.41570627218,1832,58937779,71932873,1395982,1211512,7259152,7418305,6683848,7196659,11722646,14926289,9650671,12820026,5895958,4905543,1257602,4020968,15071920,19433571
11,000017,2018-03-07,0.11538461538461542,0.11538461538461542,0.15663547511327472,11620.0,196030.00725696955,1220,44245415,25150281,1313412,711069,5581281,3780617,3714844,3536812,5468871,4354372,2767420,4060878,4712780,1314834,881961,408479,19804846,6983220
12,000018,2018-03-07,-0.015280135823429464,-0.008488964346349714,0.16964630082916846,5830.0,39728.80565571356,1206,14900052,9020425,1282835,713322,4875963,3120370,4075383,1356588,2753751,1869556,1562320,1338377,349800,622212,0,0,0,0
13,000020,2018-03-07,0.06333333333333324,0.06333333333333324,0.4433718997934711,25721.0,455626.0862246898,1147,63935204,50183100,1017967,491664,5375153,3951365,5100413,5299478,9162732,8691047,6819218,5442520,4795224,3231590,2592103,3036228,29072394,20039208
14,000021,2018-03-07,-0.015712682379349086,-0.006734006734006814,0.18656095635651104,19624.0,116139.2705890745,2283,69869058,52554401,1458589,2285287,10791777,11626116,13903012,9796547,14182422,9316570,8236646,4831424,5674189,3659662,3569156,3986274,12053267,7052521
15,000023,2018-03-07,0.023857868020304762,0.07208121827411174,0.41695140893502214,21185.0,114217.94020632659,2248,57508500,55774464,1841451,1147594,11645478,9541139,11684949,10156995,10021950,10240420,9317381,7500927,3054702,5693011,4860629,1682346,5081960,9812032
16,000025,2018-03-07,0.07731707317073178,0.07731707317073178,0.7774062657684978,75933.0,979616.613441463,2792,289571004,285378072,1519745,543010,12540253,7898407,18388757,14526245,31137913,30201476,23385676,26475005,19933215,26098615,19068584,13761526,163596861,165873788
17,000026,2018-03-07,0.00968054211035807,0.019361084220716362,0.33927756133161713,10520.0,75523.40812270466,927,14644640,18367230,914111,828107,3295223,3478224,2802801,2925394,2579905,3636899,2100966,2304365,2059095,1639172,892539,846675,0,2708394
18,000027,2018-03-07,0.0,0.005102040816326481,0.14893627642926283,11720.0,175791.8517948804,1561,47647333,43255907,1257124,1402861,4162223,6982392,4285736,5370464,3953893,8169897,4905820,3781347,6229884,2804511,3135871,1692823,19716782,13051612
19,000028,2018-03-07,-0.006185567010309256,-0.003951890034364358,2.4561712689542086,11632.0,58175.98219785027,561,11054703,6076399,598442,507881,2961892,2000989,2926023,1186086,1554959,1150797,1475539,215340,370432,1015306,0,0,1167416,0
20,000030,2018-03-07,-0.006561679790026198,0.006561679790026309,0.26414273573343866,9919.0,33354.830489500644,832,6663006,7310003,937487,966208,1939359,4286409,1095732,1353258,690439,704128,1228849,0,771140,0,0,0,0,0
21,000032,2018-03-07,0.0583524027459954,0.06864988558352403,0.21313936140183096,12259.0,79452.51734170874,1687,27891751,31721012,1685024,1537822,7808623,7053828,6185931,6754406,4507503,4844198,2862882,4355833,1865273,2165927,1244983,1751820,1731532,3257178
22,000036,2018-03-07,-0.006486486486486531,0.00324324324324321,0.2218165684486039,18440.0,158655.51727360525,1740,58756929,47612323,1330712,1209377,8273305,7250664,7730698,8214207,10798499,7279253,5751298,4201659,5070422,4069656,3651466,1337510,16150529,14049997
23,000037,2018-03-07,0.10950080515297911,0.10950080515297911,0.20930351955061546,8021.0,116210.77573130383,881,20018351,10101109,1111580,441232,4046108,2588023,3286678,2225217,1711371,1506488,1208522,825049,1418122,1423256,421760,425700,6814210,666144
24,000039,2018-03-07,-0.013763896241397622,-0.004235044997353166,0.37887302133430834,18850.0,107918.2942951212,2487,65942350,61725824,1830923,1800075,13231564,9674407,9851230,11471296,16055452,14574390,6271780,8525643,4694889,3865730,1394940,2708048,12611572,9106235
25,000040,2018-03-07,-0.0064102564102563875,0.0,0.44580102121955434,3747.0,42407.15561419454,783,6265608,5588269,542868,1026347,1522811,2015116,1538428,935328,633630,883187,625695,728291,653976,0,0,0,748200,0
26,000042,2018-03-07,0.002562459961563235,0.013452914798206317,0.7144101082426038,7770.0,51167.29288761305,477,5458004,4099759,1108511,299450,2061416,1043216,712106,504300,673439,845062,474042,227650,0,0,428490,0,0,1180081
27,000043,2018-03-07,-0.013114754098360715,-0.010928961748633892,0.4616611671923678,10065.0,72518.39964922926,392,8756720,4470879,407904,245270,1904534,1390059,1565783,857132,2379041,611832,227500,0,688892,0,894044,853271,689022,513315
28,000045,2018-03-07,0.02296211251435132,0.057405281285878296,0.1823520888896812,22661.0,151250.5750367291,2288,76747286,75520202,1658629,1758643,10630961,11198521,9455359,11673352,12681124,15082451,6825424,10116680,6555691,8576543,4050292,4820430,24889806,12293582
29,000048,2018-03-07,0.007707910750507141,0.01947261663286004,1.0221060500932508,12520.0,40760.97465997765,581,6229275,8696518,506087,490621,2373355,2709704,1548889,2123124,1358248,1981636,442696,1014288,0,377145,0,0,0,0
30,000049,2018-03-07,-0.019230769230769162,-0.011538461538461608,0.8971166555253406,17992.5,95262.44370093003,1646,47757614,29861586,1305197,1203853,7516200,7578270,8218513,6115579,10640704,5123285,4189165,3543024,4526264,2125330,1787472,2696711,9574099,1475534
31,000050,2018-03-07,-0.02348993288590595,-0.01957494407158822,0.34457920679756304,33231.0,231533.94834786165,2694,155493055,76752286,1567546,1241264,16356916,11960673,17922854,13969407,22477307,17236371,13277700,8174021,14689293,8192345,7980807,3039090,61220632,12939115
32,000055,2018-03-07,-0.027348394768133222,-0.015457788347205792,0.1743113683339914,23184.0,135000.87880942936,2330,94780996,52040396,1881520,1636902,13263445,8980368,15449967,9606027,17251815,10934598,14683396,5524335,6637452,6779360,8051597,3139894,17561804,5438912
33,000058,2018-03-07,0.0,0.014925373134328401,0.17975274686804066,11347.5,79619.78068618804,1392,21576751,23696431,1130146,1501987,5494536,5734197,4001335,5366171,3415285,4696969,1472154,2785562,1322742,1061601,441428,463757,4299125,2086187
34,000059,2018-03-07,-0.01147028154327423,-0.010427528675703845,0.23895073340186804,18031.0,233872.3555444449,1611,88295094,38587190,1361617,1174549,7107616,6349033,9034683,5062812,8197276,5494308,7676474,5006638,4970520,3116379,7152306,3603484,42794602,8779987
35,000060,2018-03-07,-0.016831683168316847,-0.01188118811881178,0.19829806781972398,29072.0,280783.62715120264,2596,158812266,121033408,1166859,1774899,10946387,11711144,11974216,12694566,18192170,23333360,14091286,12750788,10587268,9018018,6191359,6188606,85662721,43562027
36,000061,2018-03-07,0.014814814814814836,0.029629629629629672,0.18610425602169603,7458.0,95821.71505635233,1317,17769070,27751662,1278466,851100,4077854,4853390,3326410,4341520,3385096,7322203,2224372,2954525,1059095,654630,1266880,1752432,1150897,5021862
37,000062,2018-03-07,-0.01658536585365855,-0.0024390243902439046,0.6667988421924272,10185.0,57018.16030761262,945,15138464,10573955,1103909,495349,4598213,2633081,3093387,2244486,3007208,2270612,1059212,1557227,1062411,0,408000,845332,806124,527868
38,000063,2018-03-07,-0.01299093655589123,-0.009063444108761476,0.5553285116054404,171392.0,756180.2710056546,3553,753243871,573059598,514750,278851,8290982,8151565,19113399,21380034,50315709,44847866,55452406,52849083,50866380,50993885,37019484,36598451,531670761,357959863
39,000065,2018-03-07,-0.026548672566371723,-0.01643489254108721,0.43210170013599153,10181.5,65617.38308991809,1340,24996165,14103955,2135500,859627,6706473,3986968,4396530,2295226,4638772,2877130,2836513,1158660,1034332,671853,469800,477020,2778245,1777471
40,000066,2018-03-07,-0.007032348804500765,-0.002812939521800395,0.14647785735021454,14805.0,176380.58638037828,2360,83093746,51968801,2187553,1120550,11651643,8765462,11592661,7094994,12990285,8568534,8649696,7077452,7561821,5125437,4068369,3526325,24391718,10690047
41,000068,2018-03-07,-0.00849256900212314,0.00849256900212314,0.15070299523307662,4167.0,48341.73884534891,979,9435784,9531109,656983,949996,3123339,2594454,1291311,1956688,1968255,1962381,1142128,982310,345114,336000,908654,0,0,749280
42,000069,2018-03-07,-0.010477299185098987,-0.0011641443538998875,0.15590281043408669,28314.0,254679.94099913718,3041,148503919,134221500,1521278,1433675,17061767,10907719,20690575,12945566,21482488,18031934,13794163,12634470,9032955,12008287,13130835,14296459,51789858,51963390
43,000070,2018-03-07,-0.011866235167205974,0.0010787486515642097,0.29112593540887444,11190.0,72950.36393722719,1014,19904510,12868468,1043611,1057122,5338633,4459580,3338555,1895758,3289487,1136592,1317134,2207697,1047017,1363719,1381418,0,3148655,748000
44,000078,2018-03-07,0.03626943005181338,0.04835924006908465,0.10411382611486902,23960.0,191088.1081685795,3105,102489440,161284044,1714410,2983067,13208159,13521448,13973500,14576495,19159643,21458281,12837891,23520261,15536648,17457297,7205789,11549104,18853400,56218091
45,000088,2018-03-07,-0.004975124378109319,-0.0012437810945273853,0.23688943263809176,13566.0,103009.18282001105,1152,20956064,30966716,1233228,1063395,4947347,4732742,4025399,4561719,5206262,5208613,1683499,2717386,1027268,3090737,1320674,2786586,1512387,6805538
46,000089,2018-03-07,-0.002309468822170868,0.0034642032332563577,0.3032260939622749,8680.0,77120.95401645868,815,11275587,16869715,1043055,983769,2761381,2759295,2185428,2919810,1135940,2443369,2985499,1971848,732020,1269280,432264,1319787,0,3202557
47,000090,2018-03-07,0.013930348258706315,0.023880597014925176,0.21907397479689505,9252.0,155593.09251509653,2109,40658706,53152071,1850892,2740369,6534932,5922132,5344850,8689999,10439910,10273474,4972400,7426838,3325394,2058132,1231596,1308715,6958732,14732412
48,000096,2018-03-07,-0.004457652303120341,-0.0014858841010402246,0.6863038837376148,26820.0,47073.2673250541,384,6091563,8801577,229761,181130,1478089,2217502,2302487,2480900,1287800,3384445,485686,537600,307740,0,0,0,0,0
49,000099,2018-03-07,-0.01081730769230771,-0.0024038461538461453,0.2851186657496974,3315.0,25251.13278426783,851,6023302,4977522,572062,1322651,2139551,1757357,1896219,1153131,1208720,449733,206750,294650,0,0,0,0,0,0
50,000100,2018-03-07,0.0,0.0026595744680850686,0.0668019008874871,37700.0,460261.3347650764,3198,219739202,261976384,1530559,1540378,13617664,16338856,13952205,18781094,22387716,29020861,16272003,30326609,11208092,17207658,8472547,11414477,132298416,137346451
51,000150,2018-03-07,-0.017241379310344862,-0.011034482758620734,2.3223268015404215,8637.0,31723.51907522839,155,1602995,939779,146536,208858,615103,371209,172286,74776,243930,284936,425140,0,0,0,0,0,0,0
52,000151,2018-03-07,-0.012081784386617,-0.013011152416356975,0.41092516455261363,10630.0,49287.848006458895,685,11745653,6670948,830825,406560,3034084,2223397,2974062,1610661,2090755,963292,1961227,1112868,320700,354170,0,0,534000,0
53,000153,2018-03-07,0.030026109660574285,0.030026109660574285,0.2163579311441535,10400.0,77485.10419275316,1255,16266766,19466772,1328611,1110366,5104078,5848754,3048492,3304404,4842821,3352858,912107,1233160,1030657,1407372,0,413882,0,2795976
54,000155,2018-03-07,0.0,0.0029197080291971655,0.14234846223964512,25437.5,121166.525481026,2320,80964107,64518365,1517414,1240545,12378729,9708303,15992074,11215296,18802716,15213511,10493389,8098397,3825036,5836547,2634524,2228135,15320225,10977631
55,000157,2018-03-07,0.0023255813953488857,0.006976744186046657,0.10005174556298815,12124.0,148343.27546403636,1853,38792321,64701200,1474070,2023457,6343465,8064617,5989334,6660818,6397803,9940337,3482113,5982651,1034962,5157725,3076054,4453372,10994520,22418223
56,000158,2018-03-07,-0.007643312101910826,-0.001273885350318471,0.22006875299782913,5488.0,58219.61152594942,1273,18753254,13796876,811853,1299602,3501312,4154048,3605524,2211746,5762727,2793722,1958530,1635245,1812519,1069175,443251,0,857538,633338
57,000159,2018-03-07,0.0,-0.002192982456140302,0.19468541776231088,2275.0,30578.47639058527,548,5034935,2398425,573960,225944,1925423,1145413,1041157,648215,637651,378853,454500,0,0,0,402244,0,0,0
58,000166,2018-03-07,-0.00990099009900991,-0.003960396039603853,0.128136835854323,10584.0,136097.5158172693,1556,44884518,24475489,1809819,822083,8444110,4403918,5621906,2868982,5747838,3723591,3969660,4071280,2462325,736149,872021,2362187,15956839,5487299
59,000301,2018-03-07,0.016949152542372836,0.02003081664098616,0.15997574058402628,20196.5,108177.5766571841,1648,43639514,51469701,1391811,1120265,8777410,7878428,7168926,7276682,5880030,9806854,6408579,7255487,4990449,5445616,1798984,2754205,7223325,9932164
60,000333,2018-03-07,0.0,0.0047991468183434804,0.9682375643967484,135360.0,569304.7055363221,3377,454382732,477850901,482893,227193,11344749,6655161,21770282,15200573,53144218,50023724,44103659,45253327,37330068,37094165,26182551,28538525,260024312,294858233
61,000338,2018-03-07,-0.014319809069212486,-0.005966587112171906,0.1502776969686091,24374.5,140078.69231838718,3116,96095565,108712824,1220980,1371793,12254123,19492006,17004434,19203868,17805307,25966362,8856877,11693163,4910540,9487703,7000365,4973732,27042939,16524197
62,000400,2018-03-07,-0.012842465753424737,-0.006849315068493178,0.3147438242239217,12760.0,85134.91962624977,1377,27160825,20989581,1510002,727646,6938863,7631145,5121319,4283183,3916018,2786831,2547858,870773,3508688,1026091,475257,0,3142820,3663912
63,000401,2018-03-07,0.005610098176718203,0.012622720897615736,0.2527519304494541,57620.0,303416.914833272,3186,233180791,233766030,959122,1076049,14255355,12494836,19644063,17545629,37689613,31988814,25541941,33776193,28703685,22851766,15110589,15624486,91276423,98408257
64,000402,2018-03-07,-0.005736137667304075,-0.0019120458891014325,0.23023539758902012,4391.0,99394.99749774857,2065,40774883,26956115,1588252,1578606,5926924,5647922,5509160,3738358,7324023,6505184,4234292,2891568,2826857,2135317,3062335,1286669,10303040,3172491
65,000403,2018-03-07,0.00033557046979848515,-0.0003355704697987072,2.356189080844757,17820.0,51566.63044163033,159,4079511,1208889,98162,94404,992608,373488,822313,300471,1359143,440526,807285,0,0,0,0,0,0,0
66,000404,2018-03-07,-0.035175879396984966,-0.028475711892797295,0.14447215231826158,20300.0,230149.61278176017,1711,72652981,57577001,848183,1489775,6248784,7894381,7521950,8588147,13171379,10952470,9835964,4755001,5438499,4535404,3986601,3145237,25601621,16216586
67,000407,2018-03-07,-0.0016666666666665941,0.010000000000000009,0.20962307134124175,9600.0,68845.67839791827,819,13811732,13378309,603690,704828,2382762,3217623,3225468,2543656,3409917,2663621,2152046,1277488,656148,2188493,0,0,1381701,782600
68,000408,2018-03-07,-0.025856885147324093,-0.020444978953698123,0.6053290731227559,16450.0,97014.76090865931,754,26355200,7979279,900037,669187,4936167,2585264,3579705,2196725,6908250,1232756,1660575,722047,2105596,0,1873205,0,4391665,573300
69,000409,2018-03-07,0.001776198934280604,0.007104795737122638,0.20447657355664164,5650.0,59403.79762854983,758,8682291,8640578,483026,1137986,1895132,2416629,1333598,1928583,1155599,1508669,1525375,993243,338624,655468,0,0,1950937,0
70,000410,2018-03-07,0.012605042016806678,0.015966386554621792,0.205977752265905,75474.0,555151.3356042856,3348,343061103,481517400,945273,1121391,11207869,12700803,19317937,19797670,31746642,39388218,25186875,32172471,25250049,23406851,18946480,25337727,210459978,327592269
71,000411,2018-03-07,-0.010859728506787403,-0.005429864253393757,1.3219714636722444,11005.0,195132.49391313305,279,3648582,7716274,342687,136922,1199302,1715387,1283106,643675,605188,365060,218299,0,0,0,0,438000,0,4417230
72,000413,2018-03-07,-0.007177033492822837,0.005980861244019309,0.15223835452731574,42050.0,302532.99047785724,3020,186250987,228196589,1465849,1468646,13078496,13963737,18743382,17993106,25142630,25569993,20396563,16109139,11705777,16655511,16023977,16579547,79694313,119856910
73,000416,2018-03-07,-0.010714285714285676,-0.0017857142857142794,0.21664743222802446,5570.0,52932.37147584414,668,9138782,4938187,472236,824628,1992435,1845155,1969780,1322519,901396,670165,1366961,275720,778094,0,0,0,1657880,0
74,000417,2018-03-07,-0.00899742930591263,0.0,0.27972716019529775,3880.0,22562.62004849717,774,4329376,2987490,1060960,834201,1605431,1404573,646960,341953,685100,108003,0,298760,330925,0,0,0,0,0
75,000418,2018-03-07,0.0042949176807445255,0.008017179670722907,1.8313350878302515,20883.0,89386.55725322981,1455,29727767,34704039,1370729,1426291,9313238,7423988,5509734,4435266,4878747,5470531,3890279,3549081,2702979,3113704,912721,2802786,1149340,6482392
76,000419,2018-03-07,0.001808318264014508,0.0036166365280287938,0.2793805773063225,11100.0,61840.9823480994,391,5970204,6374393,385004,295075,1739506,1425591,1333764,1172666,1281994,1340017,726551,277000,0,1311624,0,0,503385,552420
77,000420,2018-03-07,-0.006644518272425071,-0.0033222591362125353,0.14875354249875108,6300.0,63528.957780242374,409,7045584,3650466,388408,450551,1102862,1374688,910814,804397,2076490,222300,693699,798530,1083909,0,0,0,789402,0
78,000421,2018-03-07,0.0,0.005586592178770999,0.21737403256814472,3787.0,26076.162718647563,610,3405127,4187571,772564,387644,1118378,1545029,656147,906633,418048,1348265,439990,0,0,0,0,0,0,0
79,000422,2018-03-07,0.0,-0.008928571428571397,0.0925441136759912,7682.0,66269.62766995748,1323,20935631,14421821,1676495,1004161,5695847,4047378,3310516,2798236,3087252,2147512,1913645,1823420,717765,1353210,2284975,408576,2249136,839328
80,000423,2018-03-07,-0.01636393388970714,-0.012927507772868552,1.1992861287829997,30422.5,187644.50242067804,2596,138521963,97132210,1529210,702013,17265157,12575151,15367374,13146547,20288125,17312066,17985212,12451856,12606207,10500757,7699505,4997435,45781173,25446385
81,000425,2018-03-07,0.004629629629629539,0.011574074074073959,0.07453293635478228,40687.5,281563.9742442664,3384,188741591,260015437,1214519,1950991,12725760,15570548,16698250,18823620,24946667,32557616,20292913,31244424,16684529,26910750,15013071,18165762,81165882,114791726
82,000426,2018-03-07,-0.031818181818181746,-0.021818181818181848,0.2308102876909363,17192.0,185982.6925313593,2274,95129678,66512134,1580811,1265791,9799557,7404791,11198085,6964176,20575786,13133105,9584341,7816735,6367401,6191069,2106105,5803189,33917592,17933278
83,000428,2018-03-07,-0.007915567282322011,-0.00527704485488123,0.2573502759340266,7530.0,53307.02602747606,216,3182056,1982372,239569,175544,963127,619981,409206,249117,540640,0,726458,533906,303056,0,0,403824,0,0
84,000429,2018-03-07,-0.004956629491945641,0.0012391573729864103,0.23965037036584316,14490.0,46090.51670992304,1134,6909773,14841331,605916,620297,2621315,8408621,1465182,1469080,1069855,1036204,659700,257752,0,323200,487805,839936,0,1886241
85,000430,2018-03-07,-0.0024783147459727095,0.0,0.3467102356953396,1622.0,28567.260971851847,541,3299081,3070748,296423,623345,1272770,1283512,567640,386322,884886,290969,277362,486600,0,0,0,0,0,0
86,000488,2018-03-07,-0.02003248511099065,-0.013535462912831586,0.3488649871216062,35083.5,295734.03668553947,2804,183095942,146937078,1397332,1701317,11919469,11627809,16082533,14527755,26002123,22440708,17064716,11902051,17806483,15756107,9771317,7758159,83051969,61223172
87,000498,2018-03-07,-0.012195121951219412,-0.0060975609756097615,0.24944128561634696,3270.0,56481.70306345343,691,10381416,3579562,743632,396885,2128556,1233606,2595362,851764,1155362,683371,1238698,0,759066,0,436840,413936,1323900,0
88,000501,2018-03-07,0.004315659679408057,0.009247842170160503,0.35820074459110657,13032.0,107028.79342766013,2051,42150207,42816220,1708234,2230231,10746497,7777749,5232452,6166072,6736267,7178688,1178330,4335854,3041684,3713999,2674690,2733159,10832053,8680468
89,000502,2018-03-07,-0.023706896551723977,-0.02155172413793094,0.3249710487775269,9100.0,41473.24835759289,815,10929382,6820623,1218848,774735,4131213,2128490,2456716,1176463,1333276,1645502,1423821,213145,365508,386737,0,495551,0,0
90,000503,2018-03-07,-0.02285714285714291,-0.0019047619047618536,0.7816906711107661,91102.0,1056912.8457285643,2892,401971019,513724396,759372,941692,9694354,9800213,12907484,14184202,23954288,30516211,30115380,30633695,17438182,29847177,25201434,28881021,281900525,368920185
91,000504,2018-03-07,0.002941176470588225,0.015126050420168013,1.027291029894875,16919.0,70898.80177163811,536,13314756,7626526,324018,788584,2746351,1606114,4329319,1631860,2793608,2169765,1175160,211552,381600,655956,0,0,1564700,562695
92,000505,2018-03-07,0.02530120481927689,0.03734939759036138,0.22092457662154025,19412.0,80114.17959394006,1413,27784230,37682207,1029182,1191720,6667201,7483439,6235002,6967300,6664789,9022194,3103152,6758176,998292,2451114,1413161,435174,1673451,3373090
93,000507,2018-03-07,0.008421052631578885,0.011578947368420911,0.1862184386276834,23812.5,178026.88644153453,2606,89591338,93573838,2289199,1922199,12772134,11210645,12919182,14055092,18127635,18487099,11198636,11490142,4021088,6235893,6386878,4437490,21876586,25735278
94,000510,2018-03-07,-0.01251738525730195,0.0,0.25834173322959375,12299.5,44676.05999050964,774,9256552,11360459,763073,705273,3457840,3863238,2048157,3147278,1781486,2317365,217200,657670,0,669635,432236,0,556560,0
95,000513,2018-03-07,-0.01587086272381988,-0.009766684753119925,1.5445006619186803,36465.0,188114.07981454607,2278,113397699,89979895,1262286,1422028,10278053,10623693,15425400,14570296,16933614,19128982,12838851,10242392,11232797,8865987,8937881,3616249,36488817,21510268
96,000514,2018-03-07,0.0993788819875776,0.07298136645962727,0.13620412034621082,19604.0,158628.93074117514,2242,52376280,85583607,2268501,1205438,11140001,8467593,10584228,9961446,12896951,14012191,5478149,11260479,4145338,6016257,1358956,8991373,4504156,25668830
97,000517,2018-03-07,-0.02155172413793094,-0.012931034482758563,0.08345986034241756,32095.0,186823.11777171938,3110,140994232,109604033,1531429,1802277,14713661,15906937,18243456,17801520,28246231,24526239,18976383,13973151,13433026,8104082,10259697,6023271,35590349,21466556
98,000518,2018-03-07,0.10017574692442865,0.10017574692442865,0.17982134420757434,12520.0,171456.88730368786,1001,49960766,11567120,1785730,50465,7017133,755033,5208616,1222569,5830516,1931361,5364861,2413332,3238934,1011428,2104530,0,19410446,4182932
99,000519,2018-03-07,-0.020987654320987592,-0.013580246913580174,0.1779386397718246,15860.0,92803.91034444862,2074,56098921,30745749,2065994,1648834,11042028,8164378,10073721,5483771,12322715,7146722,4737998,4025952,2839231,1332430,3446336,913305,9570898,2030357
100,000520,2018-03-07,0.0239520958083832,0.03293413173652704,0.10554882257365301,10410.0,140524.4307531669,1005,28440000,28791325,1026294,630507,3634409,3411218,3495636,2041201,4585778,4981423,3035239,4676928,2847800,4468630,1398371,1323340,8416473,7258078
101,000521,2018-03-07,0.0022831050228309113,0.004566210045662267,0.18485862110524154,8800.0,49052.54620773795,561,7454756,7833961,499115,687664,2098895,2007051,1863943,1167282,1360368,2353178,1632435,1160032,0,0,0,458754,0,0
102,000523,2018-03-07,0.040000000000000036,0.05931034482758624,0.23143871894437013,15590.0,172739.28959991224,984,25534767,33374041,780268,722945,4002402,4123906,3625289,4941392,5185830,5003573,1422167,3417628,2327469,1791042,1340322,3689006,6851020,9684549
103,000524,2018-03-07,-0.0028598665395613843,0.015252621544328049,0.3582252061247163,7500.5,40907.77613883808,858,8669931,8762340,1099378,599649,3259101,2330065,1580483,1560261,1449339,2346380,918345,865336,363285,622680,0,437969,0,0
104,000525,2018-03-07,-0.018275725069527238,-0.0166865315852206,0.5162427762285356,27698.0,129208.27076318665,2378,95924018,68044417,1308978,1214562,12762128,10721168,11920220,13692713,23648245,17030905,13640592,8692941,6777273,4517239,3698121,2631339,22168461,9543550
105,000526,2018-03-07,0.010849909584086825,0.0043399638336347746,2.514257775114203,13902.5,47419.981911282805,120,1489534,1791757,122818,64106,604622,270377,367434,368632,394660,190128,0,898514,0,0,0,0,0,0
106,000528,2018-03-07,0.03649635036496357,0.039624608967674835,0.16758020201009424,57420.0,312329.5721798165,3282,238411235,287652598,1029183,1946100,12222312,13132606,18466573,19720855,32127660,33221613,30285231,27098098,27155763,22809745,17234283,17842485,99890230,151881096
107,000529,2018-03-07,0.009448818897637823,0.020472440944881987,0.23104792656256112,9495.0,81382.24479043888,756,11707286,15234542,1114718,457910,2472053,2845905,2634740,3679137,1908505,2644519,1183229,1139221,622888,773340,886143,881862,885010,2812648
108,000530,2018-03-07,-0.014084507042253391,-0.008048289738430636,0.20881949227587873,6422.0,52646.01515895899,566,8389935,4510788,1187715,389644,2207857,1362758,1468011,869930,1554966,941575,501444,222255,1469942,0,0,0,0,724626
109,000531,2018-03-07,0.011251758087201136,0.016877637130801704,0.3333872397981515,8359.5,47047.29709191937,454,4816846,6577743,575218,347618,1973002,1664939,1111817,1557126,912390,990919,244419,1127242,0,369195,0,0,0,520704
110,000532,2018-03-07,-0.015399422521655493,-0.004812319538017418,0.3919821398620041,10490.0,48825.991188136606,702,11454255,6119153,597825,457780,3867234,2875225,2306020,1330356,1462451,1010010,760335,445782,1051081,0,870589,0,538720,0
111,000536,2018-03-07,-0.014184397163120699,-0.007092198581560294,0.1357794593301184,7578.0,147436.62712855998,972,22389804,11427779,675163,1241117,3900756,2847982,2181568,2104211,2432689,3336903,3209685,1897566,1374950,0,421000,0,8193993,0
112,000537,2018-03-07,-0.01635687732341995,0.0074349442379182396,0.3201193482000194,18956.0,151831.35743059145,1767,51276226,59813428,740181,2082567,7646965,7628292,7095450,7582093,8642777,10213086,5487019,8277807,5081052,4875491,3311934,5572364,13270848,13581728
113,000538,2018-03-07,-0.005575266092245457,0.0,2.2713026037835458,29847.0,221298.5680317352,1886,83269329,80171424,1733553,2212637,9212878,13440918,10531876,9893230,18802922,11695825,6924374,7613513,5446048,6756082,2607311,4035666,28010367,24523553
114,000539,2018-03-07,0.006507592190889255,0.013015184381778733,0.17533898794661387,9380.0,92332.64028218438,691,11291524,15481919,548402,864644,2172286,3099453,1520025,2069060,3143239,2422682,508246,1747721,373464,1346085,888878,1721457,2136984,2210817
115,000541,2018-03-07,-0.006749156355455588,-0.004499437570303799,0.25307033502986515,6195.0,49477.06537723058,1234,14395323,10341073,1431207,1438690,4400060,3569346,2891661,1629660,2054051,2043721,1001184,266700,1359717,724255,0,0,1257443,668701
116,000543,2018-03-07,0.08245243128964042,0.08245243128964042,0.09538897811020235,40960.0,450621.1639477348,2467,172622065,150482655,1847097,617805,12327149,8107336,13001555,14836621,22483946,29676411,14758575,17892021,9420574,12713682,3921380,8497406,94861789,58141373
117,000544,2018-03-07,-0.00911854103343468,-0.0007598784194529085,0.5982408345053702,6600.0,43932.284245087954,483,4326313,4371417,367325,687330,1917769,1317100,1437300,1126345,603919,416826,0,0,0,0,0,0,0,823816
118,000545,2018-03-07,-0.02114164904862592,-0.014799154334038112,0.14333279883291777,9400.0,88501.55836911021,1090,24922440,11244641,984721,1331354,4647980,4576607,3764240,1777827,3091012,1731610,3386671,1278518,1105181,0,1293579,0,6649056,548725
119,000546,2018-03-07,-0.012104909213180859,-0.010087424344317308,0.46459071369324634,5912.0,50066.86032636212,1024,13441814,7766071,1283611,987589,3990751,2379449,2643319,1916192,2403853,1836801,468983,294200,778039,351840,443118,0,1430140,0
120,000548,2018-03-07,-0.004792332268370503,0.004792332268370725,0.25269689959297803,7548.0,40139.01358421862,613,5813302,7607599,471310,679102,2215866,2739658,1204628,1762605,1577392,1033225,0,978442,344106,0,0,414567,0,0
121,000550,2018-03-07,-0.01581632653061238,-0.00612244897959191,0.6043816724368328,19490.0,95228.71279547564,1051,26963177,19974872,1202489,857245,6069954,4746016,5768408,3489208,5526829,3408507,2711943,1440365,1738431,1080517,1393745,417709,2551378,4535305
122,000551,2018-03-07,-0.012587412587412694,-0.013986013986014068,0.3424933639068846,7140.0,42222.93393149886,435,7637423,3662745,395816,341731,2084038,1248883,2081150,1248007,2217859,552804,212400,271320,646160,0,0,0,0,0
123,000552,2018-03-07,-0.016172506738544534,-0.010781671159029615,0.08733820371373154,10543.5,160651.22188235552,1812,48151547,26064875,1614251,1930237,7781451,7125446,4898883,4922445,7987470,4297683,1707756,2350350,2487877,750062,3492341,932512,18181518,3756140
124,000553,2018-03-07,-0.02098849018280291,-0.016249153689911977,0.43227897990407466,13167.0,75370.72986949755,1167,28469700,11655987,1112254,865430,5621156,4602356,5231905,3130763,5715197,1952178,2914827,734615,2105596,370645,2272555,0,3496210,0
125,000554,2018-03-07,0.005847953216374213,0.014619883040935644,0.21962185590664723,15927.5,101390.69579188044,970,18964270,21823728,934962,715135,4902668,4397389,4360448,4420297,3995064,3900520,2034377,2272669,626628,1349127,0,1294193,2110123,3474398
126,000555,2018-03-07,-0.0008857395925597755,-0.009743135518157642,0.2719734302396392,16785.0,89839.02296960368,1724,40229268,31612834,1255560,1065329,8870792,7655262,7638985,7144071,7222473,7475515,3101396,1904754,3119972,660510,2211057,3105368,6809033,2602025
127,000557,2018-03-07,-0.011415525114155223,-0.004566210045662045,0.21032965394601078,8720.0,29859.21269123993,433,5301183,2670944,506566,411915,1773792,1793997,1183616,364752,1391682,100280,445527,0,0,0,0,0,0,0
128,000558,2018-03-07,-0.009280742459396807,-0.006960556844547439,0.11893230764512282,9867.0,75253.53822547161,1316,22673478,18345229,1256406,1591332,4824731,5995133,3299635,2688610,3333064,2923166,2887255,1424337,1703714,1311152,1755573,452809,3613100,1958690
129,000559,2018-03-07,-0.014317180616740144,-0.0066079295154185536,0.2620006548604297,9030.0,111312.60254071554,1201,19283083,16416661,1059588,1773355,4745691,4507549,2751774,2296294,2825994,1537095,2425277,1759762,1768452,342598,1780537,405178,1925770,3794830
130,000560,2018-03-07,0.0,0.005847953216374213,0.2827085417203504,6784.0,98035.97507954977,915,8953388,15485396,652495,1365900,2479949,3236435,2288286,1710171,1570567,2030482,1207011,299600,0,695040,0,894452,755080,5253316
131,000561,2018-03-07,-0.0013986013986014845,0.01118881118881121,0.24738802638418972,5680.0,45599.28379924545,835,9967082,6709737,1128864,608157,2677098,2387894,1423252,1128201,2408202,1509177,1475903,219708,352500,331200,0,0,501263,525400
132,000563,2018-03-07,-0.01207729468599028,-0.007246376811594013,0.11400998680502489,9042.0,144503.9630711785,1322,27055979,18280939,1239797,1509444,4228225,7536764,3613932,1826506,3051220,1694156,2060429,1152485,988134,726789,1712649,850511,10161593,2984284
133,000565,2018-03-07,-0.00797448165869219,-0.0031897926634768536,0.2847900210789351,9105.0,47549.24590300177,484,6099098,5015734,506589,374447,1948309,1973976,1446322,1339814,1125260,1327497,0,0,316368,0,0,0,756250,0
134,000567,2018-03-07,0.0027058368766912366,0.006184770003865525,0.7882965787370038,17857.0,88745.82842468598,1077,26935222,26193428,918927,559702,5682312,3524533,5112366,3403710,6370116,7043956,3840091,5144210,1675511,2444902,915260,2219211,2420639,1853204
135,000568,2018-03-07,0.0027662517289073207,0.007952973720608547,1.1039439393714894,40999.0,232494.0152449972,2746,121827521,150322445,683497,1164525,10345253,15031703,15954696,21217083,23539666,33735774,13604606,15430391,8789429,12081966,7564282,6949952,41346092,44711051
136,000570,2018-03-07,0.07554671968190863,0.04373757455268379,0.1898073591539935,11121.0,50860.510945087706,702,8175541,12241753,541266,342726,2787994,3552865,1596620,3334669,1965439,2742377,951664,1231116,332558,0,0,421200,0,616800
137,000571,2018-03-07,0.01851851851851838,0.028806584362139898,0.13870157584901466,7334.0,66676.95107709726,1229,13428653,22809018,820704,1881329,3447220,5211815,3257554,3987782,3188154,4559668,1027021,2165601,383568,1099584,0,1317062,1304432,2586177
138,000572,2018-03-07,0.0,0.007653061224489832,0.136281076768658,7101.0,110467.29394374651,828,13380036,11582231,995161,602192,3451083,2768740,1972212,1126923,1955589,1835969,751877,1555948,1513838,696613,0,0,2740276,2995846
139,000573,2018-03-07,0.0,0.008264462809917328,0.2089417639588114,7274.0,57653.7841340165,536,5835968,8252245,483961,600309,1905383,2452581,1124428,872222,1110696,2064863,243500,1311336,0,325316,968000,0,0,625618
140,000576,2018-03-07,0.005816771691711242,0.01114881240911303,0.698441186653786,14784.0,312625.3718623038,884,20400456,52191701,706399,593326,5224446,3518706,2656295,2587286,2976385,1735501,1145871,641992,383568,662804,476519,0,6830973,42452086
141,000581,2018-03-07,-0.011354079058031985,-0.005887300252312877,0.5213911321147772,23780.0,161066.68179989693,2080,82187705,40490296,1787155,1570565,12005965,9833993,13341735,8257103,16582164,8409551,8501439,4575025,4464215,1037325,2730686,1381501,22774346,5425233
142,000582,2018-03-07,-0.02414928649835335,-0.01207464324917662,0.34815717645008626,10824.0,67896.56504737113,684,13568352,9375409,660438,809952,2480356,2915134,2907324,2693857,3248301,1001759,1469996,487981,672574,303363,866763,492131,1262600,671232
143,000584,2018-03-07,-0.0019736842105262387,0.0006578947368423016,0.5439745763761297,16775.0,52716.209070473844,780,14968918,11183555,573009,483650,6599258,2602245,2599768,2437576,3293235,3033825,1449766,702414,0,1312091,453882,0,0,611754
144,000585,2018-03-07,-0.0117647058823529,-0.002941176470588225,0.14964964567393238,5585.0,80982.19210270308,516,6699242,6176222,532720,427326,2014264,1470609,1124993,484174,1959702,1158497,1067563,0,0,338000,0,0,0,2297616
145,000586,2018-03-07,0.002547770700636942,0.00445859872611476,0.707282999307766,7890.0,43151.827626797574,492,5333221,5385529,735449,568299,2081583,1169531,923937,1390538,698202,649168,578250,672241,315800,935752,0,0,0,0
146,000587,2018-03-07,0.0014430014430015792,0.0,0.17779962246503614,11024.0,107146.16787505112,1521,23737212,39049143,1153819,1532505,6676530,6382871,5137337,4136177,3293489,3744617,2018359,2998116,678911,5718101,943172,1653943,3835595,12882813
147,000589,2018-03-07,-0.0023255813953487747,0.0,0.24791911763494337,8600.0,42626.530450848986,300,3516863,3332278,217053,462560,1076124,1293927,639730,727115,844356,300171,421830,246105,317770,302400,0,0,0,0
148,000590,2018-03-07,0.09409751924721976,0.05303678357570574,0.47236293992802775,12430.0,74546.35162397526,613,8238443,11909487,356383,655438,2709296,2701649,2079092,1950870,2062228,2021660,718230,1843142,313214,400000,0,449468,0,1887260
149,000591,2018-03-07,0.0,0.001976284584980448,0.11840940483535368,6591.0,84025.69352830194,1831,23604927,24467489,3684231,1352729,5603894,6176825,3983029,3259111,3655654,4258553,2129194,908035,1677662,717615,429429,891032,2441834,6903589
150,000592,2018-03-07,-0.0044345898004433115,0.006651884700665134,0.11836583151411353,13380.0,136508.40480381018,1455,40041679,35396402,1358647,1281098,6448279,5658004,3852988,5315662,6440003,5849435,4482205,5125273,3492497,2454500,4920044,2191948,9047016,7520482
151,000593,2018-03-07,0.009762900976290068,-0.00557880055788007,0.2864146854406251,7150.0,40734.454005189364,626,6929761,5770768,425137,924149,2067528,2032139,1373500,1403254,1063374,882923,961194,200634,1039028,327669,0,0,0,0
152,000595,2018-03-07,-0.011415525114155223,-0.011415525114155223,0.21458272638675388,8680.0,39538.95686707997,416,5552982,3713852,400273,419672,1543134,1493194,1268479,1007595,1515180,593292,504016,200099,321900,0,0,0,0,0
153,000596,2018-03-07,0.003755102040816194,0.00620408163265318,1.5899299912742217,18727.5,103504.84897243418,1484,40561923,38045098,956442,1102625,8352797,8015531,6662011,5187315,9737533,7660614,4239086,3952259,4276062,3836995,1810723,1357623,4527269,6932136
154,000597,2018-03-07,0.015936254980079667,0.0,0.27911831372146134,10110.0,53096.42325150318,1294,21134890,16347975,1423368,757081,5473381,5174742,3866072,3832291,6262004,3595025,1738507,1529804,1269079,0,432479,886241,670000,572791
155,000598,2018-03-07,0.007984031936127733,0.007984031936127733,0.13573359698075785,10080.0,137220.9622210468,1364,21281387,27816907,814624,1680038,5503930,4935194,2787430,2935635,2581059,2607684,4039872,3266358,988688,1061510,400800,1360821,4164984,9969667
156,000599,2018-03-07,-0.012558869701726816,-0.006279434850863463,0.217320581575084,10778.0,84286.16258738746,859,18008073,10824677,706636,883266,3682437,3155516,3361868,2087455,3547130,2001483,1074553,1020193,700539,632000,1788106,412764,3146804,632000
157,000600,2018-03-07,0.016129032258064502,0.014662756598240456,0.1578357820059307,13700.0,109807.4933456787,1869,38090343,52526244,1408935,2182637,7579841,7462617,6401468,6458995,7168287,7941911,6368888,7216421,2762355,4042541,2645390,3386312,3755179,13834810
158,000601,2018-03-07,-0.0014705882352941124,-0.002941176470588225,0.24757131692878914,3425.0,28534.600240027277,754,5766364,5314208,446487,829301,2580584,1834734,1577370,940983,719618,1092198,442305,616992,0,0,0,0,0,0
159,000603,2018-03-07,-0.010569105691056957,-0.005691056910569148,0.4262565204777153,13563.0,71917.14874650935,832,18844584,12619466,610368,768459,4006372,3674337,3920521,2077569,5332960,2192123,3045463,1868398,362260,373920,920040,0,646600,1664660
160,000605,2018-03-07,-0.011635027556644029,-0.003674219228413933,0.47612541579055984,11518.5,52229.193584474786,1176,21983070,11233099,1423989,915208,6120774,4016562,5223575,2688156,5228813,2385742,851321,446138,737118,333330,1859640,447963,537840,0
161,000607,2018-03-07,-0.025782688766114115,-0.007366482504604033,0.262880855312015,2705.0,27627.91688830635,426,3351635,2294321,320461,377635,1115364,871261,852082,518328,797376,527097,266352,0,0,0,0,0,0,0
162,000608,2018-03-07,-0.013986013986014068,-0.006993006993007089,0.20249402256357854,9191.0,60598.14209282862,1247,21194528,15905443,981135,2278386,4715319,4431849,4537494,2918659,3532520,2059296,2571487,1627297,2340772,1699509,824085,890447,1691716,0
163,000609,2018-03-07,0.018358531317494542,0.024838012958963374,0.32233416923665403,11895.0,163049.03308608144,825,14457073,21649332,735735,636254,3362424,2956758,3372167,4266791,3005773,3839196,1806834,1533179,398400,1774225,891200,478856,884540,6164073
164,000610,2018-03-07,-0.008919722497522264,-0.008919722497522264,0.4616894424691605,9126.0,99790.3547591857,477,10745018,3535418,392853,449219,1870690,1745182,1243989,1078542,1126197,262475,1062479,0,1381510,0,459000,0,3208300,0
165,000611,2018-03-07,-0.021897810218978075,-0.010218978102189746,0.38726881186457296,3400.0,32269.182965009964,312,2033525,2286957,198488,402706,549902,746234,718119,767907,0,136200,248826,233910,318190,0,0,0,0,0
166,000612,2018-03-07,-0.03785103785103783,-0.030525030525030417,0.17673324715230992,5684.0,45282.15214896715,2150,29021009,13642885,3842697,1304004,7851182,4870751,6434201,2747013,5994499,2570285,1354511,1441584,363636,709248,1799330,0,1380953,0
167,000613,2018-03-07,0.01452513966480451,0.015642458100558754,0.2932428333982022,13290.0,76621.43382379487,933,16393522,17152522,937926,979131,5278251,3370262,4330537,2809877,2608688,3398239,548244,1842552,0,1865512,445000,906889,2244876,1980060
168,000615,2018-03-07,-0.025052192066805867,-0.014613778705636848,0.21339689402176834,20900.0,96129.84621824014,2017,59607849,45271101,1508958,1546688,10699504,9847215,11600665,8602031,11698479,10861159,7492124,6444597,3551737,1003758,2755439,3465137,10300943,3500516
169,000617,2018-03-07,-0.008510638297872242,-0.0099290780141843,0.6897635538881115,6990.0,39503.86299666836,417,5882694,4167192,451157,325252,1852967,1034150,1610445,1167906,1017845,1639884,950280,0,0,0,0,0,0,0
170,000619,2018-03-07,-0.0027855153203342198,0.0027855153203342198,0.4146030945357144,5768.0,38279.1783626994,299,2955554,2637392,249196,629478,1065991,567606,747982,361539,434880,320845,457505,757924,0,0,0,0,0,0
171,000620,2018-03-07,-0.0032573289902279035,-0.008143322475570036,0.27948512877858345,16965.0,32942.41904752072,482,7948366,2671656,252966,273623,5239432,1399101,775693,308535,1129885,166803,222882,221760,327508,301834,0,0,0,0
172,000622,2018-03-07,-0.002309468822170868,-0.002309468822170868,0.27174909647553,7722.0,17068.40516258259,253,1913813,1099052,493953,160610,982090,701194,308770,237248,129000,0,0,0,0,0,0,0,0,0
173,000623,2018-03-07,-0.00952380952380949,-0.004761904761904856,0.4522401456435705,21030.0,127546.84775217078,2156,75801420,39247159,1255367,880895,17223118,9052737,8001901,5790471,10299551,7565796,15134357,6109050,3178624,2403344,6076638,2159772,14631864,5285094
174,000625,2018-03-07,-0.011551155115511413,-0.005775577557755707,0.24129928552819113,12100.0,140441.24779240065,2524,66504572,48336133,1837405,3340559,10846967,10883965,6208739,7583987,9318070,8574181,5707051,2484971,4138976,2281891,8069497,3466022,20377867,9720557
175,000626,2018-03-07,-0.024582967515364484,-0.014925373134328401,0.4465476553747764,11215.0,47733.68710282242,650,10242360,6863857,704701,507903,2552595,3014219,2063741,1333343,2394988,855377,1518527,724785,1007808,0,0,428230,0,0
176,000627,2018-03-07,0.0012836970474967568,0.0012836970474967568,0.17784810210057966,10892.0,113279.00573647792,1921,40269086,38479833,1959362,1730096,7774749,7711568,6591993,6250619,7540670,8111879,4868811,4613443,3238745,2062946,2294653,400384,6000103,7598898
177,000628,2018-03-07,0.010322580645161228,0.024516129032258194,0.25410377033084697,14382.0,63373.870975831196,931,12793047,17082448,906136,721875,4627462,4083881,3166274,4354898,2290031,3007035,414674,1965710,0,337600,436870,897341,951600,1714108
178,000630,2018-03-07,-0.007246376811594013,-0.0036231884057970065,0.06554528036082165,8250.0,168578.1802803393,1789,44147555,35362811,1474110,1745097,7216075,5685263,5270000,2176604,5665580,2414693,2068762,3699038,1423847,1113690,887614,1833156,20141567,16695270
179,000631,2018-03-07,-0.004784688995215225,0.0,0.12300297067855738,5028.0,39700.75151172311,1157,9372419,8674512,649890,2219365,3263009,2509401,1500720,1138964,962213,574951,2344925,462140,651662,914769,0,854922,0,0
180,000632,2018-03-07,0.010309278350515427,0.0068728522336769515,0.27882865991152445,1174.0,29478.79201354532,435,2583688,2588719,245527,344229,711982,660368,678846,635750,464708,745377,482625,202995,0,0,0,0,0,0
181,000633,2018-03-07,-0.0023866348448688957,-0.009546539379474916,0.41977653048626024,16540.0,47698.85076478633,398,5460160,8823212,388350,238980,1929865,1879652,1037524,2469950,1410559,3703885,693862,201235,0,329510,0,0,0,0
182,000635,2018-03-07,-0.027185892725936744,-0.02865540044085224,0.4765980676550355,10856.0,40524.92613384688,815,13101176,6451865,928595,827936,3650021,3395641,3485407,1381644,2599388,846644,1020194,0,938903,0,478668,0,0,0
183,000636,2018-03-07,-0.012769353551476459,0.002394253790901857,0.22915372192834066,65406.0,306434.24870925,2995,204599673,145251876,889551,846279,11049031,8905430,43222034,19394991,42989995,28313003,23730970,20415897,16444615,13392194,7846392,8416858,58427085,45567224
184,000637,2018-03-07,-0.007448789571694592,0.0,0.343885027379921,10740.0,45969.87830074402,243,3680161,2539479,229030,180299,1309574,902685,888420,396471,908303,216883,0,422940,344834,0,0,420201,0,0
185,000638,2018-03-07,-0.0011123470522802492,0.0011123470522802492,0.29554682700712764,13485.0,49479.4829375142,925,15934891,11983530,1163219,733301,4546923,3824597,4069554,3486217,3367438,2922255,1250748,1017160,0,0,441409,0,1095600,0
186,000639,2018-03-07,-0.013588634959851853,-0.011735639283508403,0.7809504450838125,8060.0,58452.53125612639,429,6390647,4450124,343167,495604,1601353,1727494,1139483,594949,1387538,876408,748129,442889,356577,312780,0,0,814400,0
187,000650,2018-03-07,-0.008080808080808133,-0.0040404040404041774,0.16815940516076266,5412.0,39332.108053855634,867,8132903,4557162,1103731,991808,2799681,1742733,939990,535467,712243,820755,907380,466399,375666,0,1294212,0,0,0
188,000651,2018-03-07,-0.0028918449971081506,0.00019278966647395812,0.8715471858359912,181825.0,649767.0708213106,3542,672957132,641459543,130130,130154,8293239,7669963,20450771,20609478,46069184,39030577,47394849,45919587,49794372,37162030,41566933,42935987,459257654,448001767
189,000652,2018-03-07,-0.004524886877827927,-0.002262443438914019,0.15563835349912547,4420.0,43271.17273732613,807,8340536,6339257,832759,701263,1998542,2261597,1823539,1875381,1298741,638864,461727,241332,1456708,620820,468520,0,0,0
190,000655,2018-03-07,-0.005576208178438735,-0.0037174721189590088,0.19020084121790837,6994.0,50732.99583152736,800,10691339,7282541,760143,780602,3423196,2132915,1895486,906198,1648296,1680109,1561729,1474065,637617,308652,0,0,764872,0
191,000656,2018-03-07,0.0077821011673151474,0.009727626459144156,0.12442040574336342,7280.0,131360.65593767905,1710,25216559,37298791,3420410,1092929,5161692,5663302,3911510,4392035,3363692,5709326,1420743,3619664,1965778,2929710,2600415,1728862,3372319,12162963
192,000657,2018-03-07,-0.020477815699658675,-0.016211604095563215,0.3537819038435782,8064.0,35136.41383061384,1097,13791228,7787551,1052014,1105863,4726087,3307470,4271658,1890019,2495039,894855,453376,229124,318550,360220,474504,0,0,0
193,000659,2018-03-07,0.014084507042253502,0.014084507042253502,0.15611787134058824,13395.0,71711.35801488241,517,11205811,8200217,331046,394895,2417143,2117941,1951006,2365934,3034241,1334142,216445,294120,1697361,725430,838189,442500,720380,525255
194,000661,2018-03-07,6.0132291040293495e-05,0.006013229104028905,3.843068356589039,49590.0,230986.82127597032,1873,99633063,90219175,663,22062,11412629,13393738,9137389,12086336,16955696,16629184,9239666,8823138,6869663,6541593,3955478,6387395,42061879,26335729
195,000662,2018-03-07,0.05752961082910324,0.08460236886632821,0.2649019513227212,23978.0,154149.61874765446,1998,51395756,84082913,1346781,1226339,8564683,8671396,8714359,10288205,11304120,17142041,7451874,12803247,1507598,7837025,3624050,3483436,8882291,22631224
196,000665,2018-03-07,-0.011351909184726505,-0.008255933952528438,0.4013825321816618,9670.0,89006.02154635648,582,14298820,7781117,1134955,471799,3246277,1356339,2047735,1366064,2152027,1524610,1983394,257655,1425917,0,953967,482500,1354548,2322150
197,000666,2018-03-07,-0.0022988505747125743,0.0005747126436781436,0.37962846106132414,8665.0,74862.61983995613,2101,29291637,26802599,1195970,4558834,4827634,7046601,6367321,5663301,4692205,3674583,4074689,1576635,3283057,1308188,409536,0,4441225,2974457
198,000667,2018-03-07,-0.0033003300330032292,0.0,0.09176667392273166,3040.0,77133.47203618825,1094,14333047,10803598,1123967,837536,2944331,2392708,2172524,1274378,1999779,1510789,501162,721857,710567,617514,1313960,1337770,3566757,2111046
199,000668,2018-03-07,-0.011843079200592133,-0.00962250185048108,1.0854531159187935,10792.0,54417.901165967334,154,3251608,1372277,132182,139039,422126,572320,702606,319950,1110159,340968,220939,0,663596,0,0,0,0,0
200,000669,2018-03-07,0.0042337002540220325,0.003386960203217493,0.4439052656471091,5940.0,44566.15463976852,707,8754347,7607501,444401,773300,2306328,2703490,2005814,1794238,2679534,1620937,233248,237200,1085022,0,0,478336,0,0
201,000670,2018-03-07,0.012612612612612706,0.027027027027027195,0.1030737817539819,21584.0,85797.29148066993,2910,73166805,69658242,2006665,1890145,14590276,14671914,14324032,12792416,20056780,17379762,8206751,8720206,5712905,6006894,1297785,3949185,6971611,4247720
202,000671,2018-03-07,0.009422850412249772,0.029446407538280317,0.1505136038360994,59754.0,323582.0862318345,3192,222614450,249528394,1465060,787065,13107851,10533442,18563240,17179425,33006346,50536422,28658712,37122927,20348176,22074290,22193342,15247080,85271723,96047743
203,000672,2018-03-07,-0.02213438735177875,-0.011857707509881465,0.2245062033286053,55396.0,251846.3874887572,3179,212639176,203638627,761016,1216606,11351371,14874537,19087329,20472202,35146039,37800075,27186392,25247868,19793957,22667477,13759630,15635911,85553442,65723951
204,000673,2018-03-07,0.010046885465505806,-0.0006697923643670389,0.5625053001357276,27996.5,287275.77143674134,704,17035835,48306370,401266,381330,2950142,2554398,2719165,6621746,3173383,8148861,1493809,2857091,982026,609158,2241718,1432574,3074326,25701212
205,000676,2018-03-07,0.00877192982456143,0.016666666666666607,0.3295650146553455,8085.0,48527.51751416805,1197,12788505,16659033,644801,2016592,4272249,4653845,2390612,3107958,2670314,2299096,1416526,2975652,951635,1063946,442368,0,0,541944
206,000677,2018-03-07,-0.017964071856287456,-0.0119760479041916,0.18541402527364423,4648.0,38858.606911234114,324,3534993,2088063,299451,320719,1005195,799912,807821,110882,537234,525550,885292,0,0,331000,0,0,0,0
207,000678,2018-03-07,0.0015455950540959051,0.0,0.2727408479299675,8733.5,33879.92974533805,562,6530351,4435962,677247,641025,2146583,2081622,1858547,1108737,696798,604578,464752,0,686424,0,0,0,0,0
208,000679,2018-03-07,0.008169934640522847,0.0032679738562091387,0.29979871437068173,1851.0,30319.368273595213,416,3100569,2046190,359908,239438,1226576,678819,661110,812155,408051,315778,0,0,0,0,444924,0,0,0
209,000680,2018-03-07,0.0,0.008869179600886845,0.12410663937883289,10580.0,106249.41299777036,1323,23618450,32978007,1250942,1028551,4608194,5607577,4113030,4095848,5130768,5797589,2224945,4689026,1719819,1744013,947930,3526541,3622822,6488862
210,000681,2018-03-07,-0.006772009029345383,0.0015048908954102824,0.5080620033559774,31355.5,172949.5472789086,2740,121122506,92270493,1819106,821442,15102565,11308908,19271354,12938413,25163102,16583961,14091470,11766361,6189929,10304342,5866137,3619467,33618843,24927599
211,000682,2018-03-07,-0.00440528634361248,-0.0022026431718060735,0.2477543534391041,6795.0,40203.55600632706,335,4473045,2203045,427235,323981,1358092,884190,1221400,407299,544729,358759,469590,228816,0,0,451999,0,0,0
212,000683,2018-03-07,0.0,0.003472222222222321,0.07402037218434378,8640.0,96826.89291892771,1524,20639259,27411189,867080,1069362,5144453,6456831,2035909,8374384,2508807,2283952,3241598,1912574,683800,1035043,0,445904,6157612,5833139
213,000685,2018-03-07,-0.00915564598168872,-0.006103763987792554,0.34826487402983686,3920.0,121196.5791225996,796,16233867,6157564,1009326,573076,1957882,2450326,1733269,1033688,1641174,1322681,1756424,777793,791843,0,0,0,7343949,0
214,000686,2018-03-07,-0.014723926380368235,-0.008588957055214785,0.2232371517541044,16140.0,129417.69499101923,1333,45371557,27190346,1372403,1004975,7837278,5023214,5223768,4099650,5878720,4815076,4706681,1516381,4222542,2713058,2631702,2574326,13498463,5443666
215,000687,2018-03-07,-0.008919722497522264,0.008919722497522375,0.33664034530886544,11699.5,58605.637897590816,898,15710296,13218764,566895,873109,3960098,3884045,3374307,1917693,3294118,3060631,2416500,2895471,306300,0,1240579,0,551499,587815
216,000688,2018-03-07,-0.0010277492291880241,-0.0010277492291880241,0.33165010526181515,6811.0,129231.16624591821,860,21957896,10232190,973359,910077,4294802,1543170,3245955,2407901,2119796,1887956,915624,215784,339850,960336,1939140,486500,8129370,1820466
217,000690,2018-03-07,0.007528230865746499,0.012547051442910906,0.22445220046441358,16079.0,152992.79950588493,1261,26933096,34833517,1219692,1371193,5364886,5798078,4583317,6817676,4068110,7548037,1652475,3810307,2324231,766010,401999,1774910,7318386,6947306
218,000691,2018-03-07,-0.013157894736842146,-0.013157894736842146,0.3157372440885014,8714.0,101105.8655284224,370,7145081,2780377,376286,313270,1978245,1141584,811246,704167,1055933,411259,744803,210097,378568,0,0,0,1800000,0
219,000692,2018-03-07,0.009975062344139696,0.014962593516209655,0.17076658941138373,1215.0,41888.56751264164,551,3690294,4528622,254579,467718,1199760,1166999,557485,880596,632079,1169018,239591,442292,334800,0,472000,401999,0,0
220,000695,2018-03-07,-0.011815252416756294,-0.00537056928034374,0.6168316703557329,6475.0,23101.85284340935,227,1881322,1352679,421487,144109,800613,754712,398440,206928,260782,246930,0,0,0,0,0,0,0,0
221,000697,2018-03-07,-0.020982599795291712,-0.01228249744114629,0.6247444720010369,9795.0,80090.30341111615,978,21143392,15652084,574326,1910352,3728462,3737452,3954200,2839479,3577830,1866520,2157068,1692899,2976157,2074089,1315305,414950,2860044,1116343
222,000698,2018-03-07,-0.007207207207207245,-0.003603603603603567,0.26803564285172576,9703.0,69261.26165945058,428,7532012,5677249,317434,276559,2254268,1253819,1077151,840095,1732901,815678,765954,756020,325164,689295,0,405677,1059140,640106
223,000700,2018-03-07,-0.00591715976331364,-0.0019723865877713243,0.23392729403867965,5060.0,42330.75176777907,469,6430536,3119763,705871,339412,1461897,728994,1480572,671784,1412676,554262,1369520,825311,0,0,0,0,0,0
224,000701,2018-03-07,-0.008274231678487065,-0.007092198581560294,0.2211142063986699,6720.0,60632.74631454266,1465,22870716,12226356,1789630,1700597,4900342,4721805,3200064,2450654,3761333,1815810,2810237,892208,2048318,645282,846728,0,3514064,0
225,000702,2018-03-07,-0.007949125596184436,-0.0031796502384738856,0.2450908706592274,11998.5,58162.43422119869,658,11049580,9024895,766838,546827,2678246,3039633,2463659,2203057,2608947,1159452,760000,1456566,331056,0,867534,0,573300,619360
226,000705,2018-03-07,-0.006675567423230944,-0.004005340453938633,0.3433753163333614,5243.0,32257.616115450386,475,3618360,2886339,237775,827307,1017233,1087440,1054561,709092,627517,0,271524,262500,0,0,409750,0,0,0
227,000707,2018-03-07,-0.02483069977426622,-0.020316027088036037,0.13502534384771672,6104.0,50856.089919379694,1078,13959610,6970771,1399202,958469,4357826,2786133,1837910,1448181,2822903,638925,770614,705559,311144,0,465544,433504,1994467,0
228,000708,2018-03-07,0.006255585344057124,0.00536193029490617,0.3359502315595092,10143.0,67786.53873383699,1109,14839867,18925329,646703,1309069,3970058,4204866,4038617,3678502,2556362,3883737,737677,2701943,644644,1099102,408435,405403,1837371,1642707
229,000709,2018-03-07,-0.010309278350515427,-0.0077319587628865705,0.08820301141593949,13158.0,201211.344297597,1944,73389591,52952885,1557110,1544162,10068631,7244634,7673534,5633032,9743908,7811447,7565690,3988903,3434727,3144061,3126372,4930805,30219619,18655841
230,000710,2018-03-07,-0.030910609857978333,-0.018588137009189598,1.3711707451744037,14268.0,76632.11250600123,1219,29414659,19851006,1647348,1421881,6197699,4826167,6336316,3646884,5025527,4001703,4084425,2170869,2590654,676660,1820845,1761132,1711845,1345710
231,000711,2018-03-07,-0.01652242328874909,-0.013375295043273172,0.5357912180396415,12620.0,87858.39775586108,562,14782577,4575241,466439,381813,3397441,1967987,2144197,1453224,3578706,552803,1013852,219414,970440,0,448897,0,2762605,0
232,000712,2018-03-07,0.01477832512315258,0.025334271639690265,0.30105220203326694,24701.0,252503.38750644552,2231,70976133,94169374,1047806,1385417,10490402,13055356,9020323,11686440,11624548,13210763,7149031,10513591,7735820,5925940,6278099,6894494,17630104,31497373
233,000713,2018-03-07,-0.01477104874446078,-0.013293943870014702,0.25932725339186274,8016.0,88887.77646049915,681,11030565,6449300,850595,652441,2862470,2152701,2151710,1132858,1513222,878268,1779768,0,0,0,0,0,1872800,1633032
234,000715,2018-03-07,0.025670945157526104,0.010501750291715295,0.45007313658051207,2587.0,30233.05403168646,362,1630081,3205096,254529,362875,810473,1120582,55900,958219,225581,486620,283598,276800,0,0,0,0,0,0
235,000716,2018-03-07,-0.005714285714285783,-0.0019047619047618536,0.24949940257380787,9937.0,47872.70847165527,442,6583194,4022973,439056,395971,2222539,1368350,1043446,826046,1431900,917514,718078,0,728175,0,0,0,0,515092
236,000717,2018-03-07,-0.03302509907529727,-0.021136063408190298,0.13833831225204185,24064.0,198641.09153391555,3001,133871637,89381219,1626755,2264108,13261539,13633638,18851638,15399160,21388191,15707374,15147080,13499599,7308218,11427987,9789078,6049619,46499138,11399734
237,000718,2018-03-07,-0.018475750577367167,-0.009237875288683584,0.12558393366829795,8640.0,111876.4128244413,1191,28528617,15938461,1278923,988841,4076377,3905836,3964617,2777717,4592828,3712004,2572941,1965309,2343064,327024,864302,2261730,8835565,0
238,000719,2018-03-07,-0.012687427912341342,-0.005767012687427964,0.27390508560509597,3458.0,23121.441238499687,1002,4978121,4807042,772171,2002299,2044507,1500059,829197,358402,797544,727690,534702,218592,0,0,0,0,0,0
239,000720,2018-03-07,-0.013793103448275779,-0.0022988505747125743,0.2016080159981129,8680.0,41815.05505492451,465,4706964,5450709,451194,468079,1886620,1764235,1337964,608674,777147,793416,254039,1511105,0,305200,0,0,0,0
240,000721,2018-03-07,-0.0200803212851407,-0.010040160642570406,0.2112779962253199,3451.0,27247.3876686519,555,5041597,2532333,717684,424521,1797807,913050,1152044,571730,1130027,623032,244035,0,0,0,0,0,0,0
241,000722,2018-03-07,0.003296703296703507,0.01098901098901095,0.3246838312067123,4590.0,35876.39844839498,785,5839248,8249448,587899,1070895,1731371,3268655,1855158,2083261,953206,964591,263320,457144,0,0,448294,404902,0,0
242,000723,2018-03-07,-0.008333333333333304,-0.020000000000000018,0.13029396365569743,19371.0,212187.31658518082,2124,67592562,79312971,979940,2415822,5331977,13547232,5381146,10995626,12195776,14133111,9587037,8867541,14767596,6687518,6941743,4417869,12407347,18248252
243,000725,2018-03-07,-0.01903114186851218,-0.01557093425605538,0.09653540893096758,295091.0,2354882.8366236123,3600,1591848280,1377955155,77431,103200,3601369,4949354,12876605,13750663,44663527,57693340,48969700,66419302,55914231,63973796,48771065,55113360,1376974352,1115952140
244,000726,2018-03-07,-0.0028142589118198558,0.0009380863039398779,0.35096399570492626,8552.0,46450.860698812554,922,11862596,8308944,1153492,690322,4819284,3017304,2045199,1136482,1630211,1469102,439192,1459163,641594,0,494624,0,639000,536571
245,000727,2018-03-07,-0.014705882352941235,-0.003676470588235392,0.046989959741134554,32558.0,934537.5021821213,3420,208223782,404988374,1288926,2353473,9892711,18672431,10954864,20975602,16742845,34056357,16935887,26481751,13690898,17955292,10524671,15042095,128192980,269451373
246,000728,2018-03-07,-0.0031746031746030523,0.004232804232804366,0.23294952947076517,20034.0,154707.02832559004,1646,59189494,49669756,1446585,1400757,8696105,6913121,8154741,7748817,8618458,10923805,8133901,4332801,2071237,5042479,4614632,2248570,17453835,11059406
247,000729,2018-03-07,-0.0027662517289074318,0.0055325034578146415,0.17134167096882721,13946.0,95849.85122896351,1783,30695884,33023079,1065695,1313889,9957265,7306707,4479980,5540539,3898580,6204911,3336630,3864077,2383847,3183796,971819,1816272,4602068,3792888
248,000731,2018-03-07,-0.01176470588235301,-0.002614379084967422,0.30316974300195615,13734.0,73109.11909533852,636,14243853,7354206,786794,518176,4408895,1919469,2677972,1651918,2457107,1284798,1948606,477560,671202,0,0,405684,1293277,1096601
249,000732,2018-03-07,-0.01604782882315925,-0.010383889238514854,0.5370579362049183,218570.5,1716777.1384080837,3508,831200241,943125424,188849,515687,4758456,7594339,12450253,18212143,38996399,49120984,35626757,50771463,46116223,51367052,41125444,48083096,651937860,717460660
250,000733,2018-03-07,-0.020642201834862317,-0.00840978593272168,0.37396502283806,12910.0,73252.20690907362,1223,24330867,15779451,1138776,1190270,5778220,4683660,5134104,2804562,3147317,3153551,2106135,1456709,2729890,1018108,1266350,923231,3030075,549360
251,000735,2018-03-07,0.02850627137970352,0.06613454960091225,0.15767278894570141,77846.5,427301.6516169573,3102,279459529,368405953,1178327,1056301,10854493,10577162,16904915,19631449,28022531,35505442,32246250,31354423,26365550,32969244,26623695,28073902,137263768,209238030
252,000736,2018-03-07,-0.02696871628910469,-0.023732470334411948,0.5837819965266824,16456.5,66454.82078955758,1010,22626404,12988768,846940,1052946,5394443,4550815,5700729,2455752,3811184,2995542,3101229,944671,716947,319748,918478,0,2136454,669294
253,000737,2018-03-07,0.028708133971291794,0.021531100478468845,0.15168227415305904,8440.0,69646.53642381902,760,8339196,12998824,839822,567944,3426792,2618442,1544264,2304049,2027528,1855884,500790,1709015,0,0,0,442000,0,3501490
254,000738,2018-03-07,0.0012492192379762734,0.024359775140536888,0.2947967158643835,44800.0,318792.9740912014,2955,214461820,162228181,1353739,993809,14645410,12194558,18498992,14298261,40610645,25295495,22975352,13488074,15134319,13770950,10863067,10886794,90380296,71300240
255,000739,2018-03-07,0.018181818181818077,0.020000000000000018,0.1754456137934365,10134.0,54128.470187295636,983,11102116,16892036,667104,956974,3037975,4347309,1858259,4265340,3557094,2973096,1229998,2414145,344400,389900,407286,942080,0,603192
256,000750,2018-03-07,-0.010845986984815759,-0.004338394793926392,0.14141105215357047,9220.0,149516.72512724984,1064,27217488,20717392,692492,960304,3974738,4615214,3145230,1782290,3771369,1950528,3351240,2465762,1094875,300300,401625,2592156,10785919,6050838
257,000751,2018-03-07,-0.01848049281314168,-0.010266940451745366,0.13938075644366377,9680.0,100569.23528934778,1222,28283715,14560554,1134345,1539044,5082008,4546249,4099602,2882232,3639627,1420741,2749603,1405155,1008334,734440,3253903,486513,7316293,1546180
258,000752,2018-03-07,0.03453343130051434,0.03306392358559895,0.3736296536400052,14100.0,144000.90884891033,1327,20553446,40311472,1072250,1348517,6070084,6821796,3949222,5674829,2925759,5042883,2956849,2967909,1092438,2871153,419584,2691608,2067260,12892777
259,000753,2018-03-07,0.03508771929824572,0.03801169590643272,0.10553396667968329,11520.0,112195.31551059385,1058,19594719,26412188,811191,1144292,3752249,4572400,3303176,3314974,6261914,4360916,1190847,2604324,2847126,2876918,0,840462,1428216,6697902
260,000755,2018-03-07,-0.008902077151335397,-0.0029673590504452063,0.3167321110446654,13420.0,51519.35653438788,452,4981890,9047093,427642,308581,2642640,1434111,975877,3140600,721044,2339314,214687,456615,0,735925,0,0,0,631947
261,000756,2018-03-07,0.002431118314424552,0.0032414910858995505,0.4060183080175612,12380.0,40665.22002718223,923,11824720,9746717,879858,580213,3767377,5396263,2271424,1495128,3009260,1497119,1011257,417736,351592,360258,0,0,533952,0
262,000758,2018-03-07,-0.00952380952380949,-0.007936507936507908,0.17802213161827543,10676.0,169837.5687258032,1253,39739581,15979065,1268839,1181580,5151963,4187412,4733107,3697283,6018403,1788810,1885975,1042963,2644220,993836,2201663,423125,15835411,2664056
263,000759,2018-03-07,-0.013398294762484886,-0.0073081607795372205,0.32409546934944905,14634.0,58238.4131739585,641,14765518,5429031,806467,392782,4262035,2139722,3142440,1401898,2214707,1015815,2465951,478814,607181,0,419508,0,847229,0
264,000760,2018-03-07,0.0,-0.010000000000000009,0.15327257305358377,8500.0,63343.32401036357,1065,19967370,8584421,1283082,1076625,4570689,3331722,2507034,1640760,4871173,833476,2290497,667958,1040477,342500,0,0,3404418,691380
265,000761,2018-03-07,-0.009727626459143934,-0.0038910505836574627,0.13455902379140944,10240.0,103242.62761047055,1461,37251248,16789903,1248864,885396,6941518,4220441,6130859,2974009,5840497,3869112,3067077,1688151,2321624,1009496,0,1340430,11700809,802868
266,000762,2018-03-07,-0.014184397163120477,-0.007092198581560294,0.35241025765875417,15455.0,113768.36701270039,1601,42826896,27203662,1257569,1277774,7491510,8211530,7878221,5083644,7751376,6214256,4802824,2853548,2098593,1094944,2211844,1312476,9334959,1155490
267,000767,2018-03-07,0.04850746268656714,0.04477611940298498,0.07489991234611913,10569.0,198313.81521665718,1295,35818309,40420852,955082,1176998,4151647,4696266,3416565,4649060,5871986,5724635,3391760,3158190,687405,2512549,2785870,892444,14557994,17610710
268,000768,2018-03-07,-0.014649681528662306,-0.00828025477706995,0.33022667722380944,20130.5,168430.3438934584,2262,90917254,63441361,1882101,1633539,11319222,9748084,11330030,7570583,14897677,12097244,8795165,4602547,8738093,4884946,3656642,3776840,30298324,19127578
269,000776,2018-03-07,-0.008393285371702697,-0.0005995203836929308,0.3221033869500511,43510.5,247305.52412713517,2682,167812815,157502225,1385328,1181520,11049750,9998457,16902095,15134886,26537804,29257441,17889093,18548365,17346722,16456483,13376184,10842248,63325839,56082825
270,000777,2018-03-07,-0.006498194945848357,0.0007220216606498298,0.5308357735798434,12474.0,58897.77672283042,680,11170859,9416645,747891,607816,3316723,2387206,2592421,2305016,2623480,2056055,654600,995196,0,0,449064,402230,786680,663126
271,000778,2018-03-07,-0.013487475915221592,-0.009633911368015502,0.11885282595296452,10360.0,84194.8771349859,1911,32269291,30904614,1291598,1813848,5357445,10274543,4338023,4022968,3952927,4794711,4727966,2447541,4225355,1353620,1334270,1277580,7041707,4919803
272,000779,2018-03-07,-0.003162055335968472,-0.0039525691699605625,0.6782527101789089,11358.0,32616.444399092255,347,2893568,3150401,347370,250186,1817242,1335521,350557,587057,126000,628937,252399,0,0,348700,0,0,0,0
273,000780,2018-03-07,0.0019607843137257053,0.00588235294117645,0.25077207024844766,12825.0,278355.1461908027,413,15281049,14381909,283808,285508,1565863,1521382,1725367,1116591,1749560,1474087,714199,1247366,1018373,948019,1345798,415140,6878081,7373816
274,000782,2018-03-07,-0.004366812227074246,-0.00727802037845704,0.3333304671616423,7196.0,49032.59566253876,424,4897848,6033337,426432,399890,1719422,1638839,653768,710301,1878263,675412,219963,1653441,0,955454,0,0,0,0
275,000783,2018-03-07,-0.004010695187165791,0.0,0.2100011442242005,9048.0,139495.53807329145,1269,26466087,25168989,1483462,1540614,4443110,5362748,3310513,3342757,3104552,4663856,2741782,1070267,681428,2091246,1307346,940801,9393894,6156700
276,000785,2018-03-07,-0.008510638297872353,-0.009574468085106314,0.4151007284152064,6510.0,35197.851742468076,512,6537453,2327921,756059,340052,2305432,1152405,1241165,427727,844095,407737,1014703,0,375999,0,0,0,0,0
277,000786,2018-03-07,-0.006558810668998771,-0.0013117621337997987,0.4050185445903104,32354.0,138539.00708749235,3190,129793622,104567232,1445239,1797949,15020082,15288456,19651315,21710184,30327714,21857110,17411572,13982276,12220282,9552729,4934414,6752192,28783004,13626336
278,000788,2018-03-07,-0.0012836970474967568,0.007702182284980763,0.2783196236078976,11865.0,49179.01821300617,783,11648733,10500932,670803,837453,3607170,3480722,1941889,3039195,2191549,2632305,1252850,205140,741127,306117,1243345,0,0,0
279,000789,2018-03-07,-0.019266055045871644,-0.014678899082568808,0.210891067525396,33495.5,219326.31294577266,2674,153453264,111596075,1127914,1480452,12166076,12261538,15539804,13577115,25074597,22710042,15593953,12834027,11234295,14652849,11164344,7122623,61552281,26957429
280,000790,2018-03-07,0.055405405405405395,0.055405405405405395,0.22945517226818307,40143.5,490409.7340030242,1042,97682810,65261372,1020267,193160,4997736,2269896,7874286,4970805,8584935,9203712,6722914,6934065,3716320,4200228,4864012,5766590,59902340,31722916
281,000791,2018-03-07,0.024531024531024626,0.025974025974025983,0.17857967741372735,15900.0,128876.33021610144,1508,41773727,38646494,1069978,1180419,6829862,6256440,6500086,5245654,8204938,7932647,5118271,7131238,2041480,3441560,1727495,1683954,10281617,5774582
282,000792,2018-03-07,-0.019186492709132752,-0.014581734458940843,0.2728350796266584,32312.5,311116.7039689677,2282,166212795,90034014,1084577,1293896,8621617,10225102,13691584,12431468,17164923,14050463,13869009,15605666,11551597,8244159,11051340,5283870,89178148,22899390
283,000795,2018-03-07,-0.022146507666098825,-0.01873935264054516,0.12691099936513553,16114.0,99525.56802951955,2144,56043309,41851419,1436442,2098954,8903681,10221419,9312065,8669599,13291023,6388105,5259773,6158919,3707238,1325699,2319702,891703,11813385,6097021
284,000797,2018-03-07,-0.008676789587852451,-0.002169197396963307,0.3446535148281357,3684.0,43115.63151173577,715,8803405,4489657,872381,604310,1973915,1796119,2517573,1235712,1629323,853516,769442,0,381056,0,0,0,659715,0
285,000798,2018-03-07,-0.006024096385542244,-0.006024096385542244,0.4684958185762122,8280.0,31833.742927252875,313,3997048,1816390,368621,352009,1429490,851247,875475,365634,1076562,0,246900,247500,0,0,0,0,0,0
286,000799,2018-03-07,0.04672489082969444,0.039301310043668325,0.4376033970669481,35895.0,162643.7834710295,2741,103631709,132365383,1378808,1445112,11902356,13790476,14200606,17191554,23749061,23126530,20139270,22136445,8876377,11090790,5751136,7574333,17634095,36010143
287,000800,2018-03-07,-0.0009302325581395099,0.005581395348837281,0.26159970758777434,23760.0,125049.40899148109,1689,51194800,53404172,917668,983159,8073471,7737780,8330470,9609224,13630817,11527468,7362585,6071256,3155478,3420527,3162955,5867575,6561356,8187183
288,000801,2018-03-07,-0.028380634390651083,-0.008347245409014992,0.17058011214875263,10932.0,95072.28210842979,1234,29937770,12543786,1283166,925598,6120604,3707809,4289806,2877822,5547037,2469730,3943835,748611,1278666,624888,431737,414400,7042919,774928
289,000802,2018-03-07,-0.01603375527426154,-0.006751054852320637,0.37613812491062887,11790.0,48984.151768478805,992,17962079,8991621,863669,873958,4878089,4010945,2811002,2368026,4778236,1331894,2587672,0,654715,0,1388696,406798,0,0
290,000803,2018-03-07,0.0032833020637899057,0.007504690431519689,1.997954040049679,10660.0,26745.897399324618,113,1148311,715501,106898,81555,574228,352340,51168,281606,416017,0,0,0,0,0,0,0,0,0
291,000806,2018-03-07,-0.01984732824427482,-0.010687022900763288,0.15236815742831836,14300.0,89710.39626232156,1850,49065299,30477391,1522352,1704616,9013661,7890904,7403530,5714151,10302611,6809011,9490702,2563197,3439488,1022455,2792980,1703130,5099975,3069927
292,000807,2018-03-07,-0.012672811059907807,0.0011520737327188613,0.14702865753436659,131955.0,933178.4317499679,3494,431403504,639286739,685416,685744,8171205,9791430,16576032,18114346,45315711,81792006,33140004,56432313,24570320,34877375,21817953,35345880,281126863,402247645
293,000809,2018-03-07,-0.011661807580174988,-0.005830903790087438,0.22431004362559123,10260.0,44044.42612080821,233,3126014,2787349,215776,122393,1131554,1024153,521316,539882,661696,1100921,214434,0,381238,0,0,0,0,0
294,000810,2018-03-07,-0.012158054711246202,-0.006079027355623157,0.29918954004982096,6560.0,30134.708041445556,483,5116662,3415060,559745,398756,2131683,1192539,889735,1076481,1088119,747284,447380,0,0,0,0,0,0,0
295,000811,2018-03-07,-0.017379679144385096,-0.012032085561497374,0.3383142574608157,8211.5,49961.32059206531,488,9626975,3375297,899385,256633,2026560,1057037,2389382,1074552,1813967,987075,1011919,0,1041162,0,444600,0,0,0
296,000813,2018-03-07,0.016470588235294237,0.021176470588235352,0.21470536621040046,23382.0,35849.03368900371,1569,7388849,30844520,443595,1526803,3493743,22154995,1328978,2317216,898533,1856598,470183,762612,753817,341086,0,1292000,0,593210
297,000815,2018-03-07,0.011450381679389388,0.005343511450381699,0.31793832237024866,18662.0,75873.57206486248,1698,34625482,36920968,1200726,1160739,9643284,7416367,7142359,8408499,9014121,8878205,3912105,4783746,1023992,1718812,1323031,421668,1365864,4132932
298,000816,2018-03-07,0.012077294685990614,0.021739130434782705,0.07153978284430518,50248.0,307501.64092339034,3378,213594734,270530046,1366546,1329560,14541363,14532730,20690721,22271645,33107601,34658981,22918345,27709484,19406861,18716038,12435353,19666864,89127944,131644744
299,000818,2018-03-07,-0.015055467511885912,-0.009508716323296307,0.37229373023259904,19035.0,122735.15749478342,1149,36727796,31704189,641938,805121,5058798,5649261,4670538,5278767,7018076,5464890,3652088,5617075,1490308,2412807,3108019,1755296,11088031,4720972
300,000819,2018-03-07,-0.025960539979231534,-0.013499480789200491,0.4232362085256253,7600.0,41948.940783903025,517,6515319,3540855,457891,949514,1825299,1114690,1913339,548853,884986,927798,503504,0,388800,0,0,0,541500,0
301,000821,2018-03-07,-0.031350482315112393,-0.022508038585209,0.3350683013174537,12130.0,95688.42751818658,1381,29123340,18924335,2895028,664188,6972127,5181910,3153533,4017461,3655374,3087198,1777693,1852739,1069115,942513,463047,1763618,9137423,1414708
302,000822,2018-03-07,-0.020689655172413723,-0.0034482758620688614,0.18288865941579324,17360.0,154905.79601425913,2265,71106384,65985011,1563822,1749830,8034859,10908449,8218410,9007429,11582448,13888297,9461371,8757448,7415849,4391160,5872468,2658418,18957157,14623980
303,000823,2018-03-07,-0.007597340930674323,-0.007597340930674323,0.21187188173130073,22144.5,124691.94332466755,2472,91847054,54271028,1403928,1462975,14033726,10743321,13638038,11003278,17333291,11042614,9560585,6724724,6986521,4701882,6233887,1365246,22657078,7226988
304,000825,2018-03-07,-0.035816618911174825,-0.03295128939828085,0.11847414751915629,89100.0,725421.0209580594,3483,554541564,418343646,573308,816909,12173106,13775282,20223453,23503472,38614323,45924518,34804325,34435498,30018220,33874426,27864041,24674869,390270788,241338672
305,000826,2018-03-07,-0.014196675900277067,-0.007271468144044224,0.6919421602856365,20125.0,195941.41658957422,1742,59670090,49847527,907364,1983700,7191192,9974806,7134039,7969592,9536161,7158369,7704223,7935462,2323838,1676537,1766180,949928,23107093,12199133
306,000828,2018-03-07,-0.016304347826086918,-0.009963768115942018,0.37658477798125284,11030.0,106275.97812736857,859,24285837,11482352,734268,557602,3468071,3091537,2997039,2158768,4820295,1812226,3428721,1403664,610115,1059789,465872,426143,7761456,972623
307,000829,2018-03-07,-0.019189765458422325,-0.006396588486140775,0.24047577782945867,9250.0,74776.67238588109,1522,26502009,20052410,1545831,1313698,6386971,5490955,4216247,3091400,5153393,3525493,2862957,2157401,1430153,2769823,457875,0,4448582,1703640
308,000830,2018-03-07,-0.07769304099142038,-0.06339370829361302,0.3508625326293674,223440.0,793611.5954927907,3581,924897363,669776919,122778,138869,5115847,6613365,15568879,19108832,38562329,56994386,52098182,56920666,47138456,58592777,54656218,46668045,711634674,424739979
309,000831,2018-03-07,-0.015454545454545499,-0.006363636363636349,0.26321654960019375,14209.0,120802.76440644951,1747,56696751,32576356,1675457,1024610,8130654,5844678,7582979,6196985,8506705,8193611,5873833,4048965,6499583,2022401,3036393,826244,15391147,4418862
310,000833,2018-03-07,-0.006369426751592355,0.0,0.27816024087479085,8190.0,44472.15108829815,509,7113984,5125713,456511,700416,2067803,1842248,2100955,1384679,1385872,741302,474215,457068,0,0,0,0,628628,0
311,000835,2018-03-07,-0.001322751322751281,0.005291005291005346,0.3444279261917991,10640.0,35952.20087831902,481,5960252,5018944,398855,539882,2180636,2316630,988296,1159564,1802899,1002868,243318,0,346248,0,0,0,0,0
312,000836,2018-03-07,0.026974951830443183,0.032755298651252485,0.10856059963305748,25702.0,388333.92814514204,2296,82355693,120040975,1382778,1344750,9978688,8826524,11267622,10947429,15267596,19438270,10535955,10202117,7521802,6280085,7270346,8587256,19130906,54414544
313,000837,2018-03-07,-0.020618556701030966,-0.003436426116838587,0.17317245506534498,12285.0,64675.70781529313,1130,21108679,19181392,965974,898501,5294931,4780208,4694806,3931803,4891862,3204237,3053054,2236477,697746,1722245,924136,1294133,586170,1113788
314,000838,2018-03-07,-0.007504690431519689,0.0,0.17479743359407232,10117.5,74399.34825116642,930,14750849,10645281,835115,767386,4457323,2923388,3645022,1855426,3403499,2294212,283536,257334,0,326095,894322,0,1232032,2221440
315,000839,2018-03-07,-0.023076923076922995,-0.019230769230769162,0.15056111349730147,23870.0,202579.57117295184,2688,135303533,85590722,1758360,1880874,12169101,13133056,14000475,14899168,15613597,15001282,13281153,10090153,7709742,10155064,8480144,5282448,62290961,15148677
316,000848,2018-03-07,-0.0041407867494824835,-0.0031055900621117516,0.2604347103785907,8815.5,68989.90827948722,1376,23264698,13430753,1861682,1105595,6183682,4273107,4043472,1828314,3150344,2361803,2207615,2108891,3112082,767315,447329,416448,2258492,569280
317,000850,2018-03-07,0.0,0.0,0.23528304739682177,9798.0,83278.30893283595,327,4456801,4609989,227083,586000,1601531,1191729,1091419,1085195,338583,426051,693801,0,0,0,0,0,504384,1321014
318,000851,2018-03-07,-0.01245330012453294,-0.001245330012453305,0.21029714728208582,16968.0,129023.12568643846,1459,40813001,34062320,1377370,941494,6667068,6159943,7804868,5700874,9142650,9007952,4951521,3478341,2775839,3043809,2759888,1242905,5333797,4487002
319,000852,2018-03-07,0.019728729963008673,0.020961775585696563,0.23454053304571615,12419.0,62750.01389275928,1196,20115225,19351559,1380026,974797,5865159,5081606,4699737,2580641,4253507,4925792,1947753,2247341,1504307,696710,464736,1361842,0,1482830
320,000856,2018-03-07,0.0015527950310558758,0.009316770186335477,0.3657170543778066,34866.0,138279.3564051334,2793,117130438,97948886,1833796,1495327,15165112,13111100,19087248,15885478,24295728,20704610,15808054,14667400,7324718,8404316,5411981,5742691,28203801,17937964
321,000858,2018-03-07,0.0005461496450027692,0.010513380666302696,1.2378220907442803,188938.0,1004850.1412418735,3501,780343147,879429378,334338,282149,6943962,7071669,19986951,19660371,39424411,45058201,45475964,46045628,37680736,34005536,35629194,35112486,594867591,692193338
322,000859,2018-03-07,-0.005235602094240788,-0.002617801047120394,0.2066314865573915,9410.0,58074.44605237691,341,5131659,4071802,382849,290510,1769842,1166863,651661,505814,975267,1556546,253840,250698,0,301371,418000,0,680200,0
323,000860,2018-03-07,0.002024291497975561,0.010627530364372362,0.4499129345473923,19980.0,129034.50435657053,1929,34262678,56021356,1044918,1423821,7609574,15986703,5791484,5508493,5515016,5906944,3649886,4866216,1390548,2793096,2560001,2931571,6701251,16604512
324,000861,2018-03-07,0.0,-0.0033783783783782884,0.1396680605118693,3540.0,90227.05447607422,449,4288701,4799854,353609,588027,968674,966971,1055359,114539,748925,562062,540030,220070,0,0,0,0,622104,2348185
325,000862,2018-03-07,0.015228426395939021,0.02030456852791862,0.12866750852531952,9703.0,107174.81876875802,940,19308430,22248290,783291,831352,2843571,4105823,3178389,2521265,4100521,3893416,1252259,2204090,2046190,1284308,893336,1771895,4210873,5636141
326,000863,2018-03-07,-0.009652509652509633,-0.005791505791505669,0.2098609638136833,1551.0,60049.28886102316,609,4765099,3810391,315244,514585,1409775,731066,906663,323069,1460936,641429,205200,200596,0,0,467281,0,0,1399646
327,000868,2018-03-07,-0.024853801169590684,-0.011695906432748537,0.13268146710847148,22407.0,92688.4121989539,2664,76807814,62441567,1824264,1757404,13345038,12512596,15598490,14218822,20670287,12730944,6619075,5767586,7947603,3327131,2593439,3095411,8209618,9031673
328,000869,2018-03-07,0.0,0.0024711696869850197,1.21223286997772,18302.5,78381.19569728826,902,20857716,16318281,527233,683216,4245947,5271677,3528753,2506471,4266405,3764274,2443986,1416785,1966290,950866,1334402,442442,2544700,1282550
329,000875,2018-03-07,0.012232415902140747,0.021406727828746197,0.08720356274326647,12469.0,136582.9173168805,1412,35706649,46468429,1360758,999596,5103031,4969897,4278289,5690025,8056625,7968901,4573681,6148873,2656813,4344118,4084202,3931445,5593250,12415574
330,000876,2018-03-07,0.0,0.002624671916010346,0.16946084181750398,12192.0,176484.84239322128,2024,51676649,60151349,1930397,1963951,7150800,9761718,6475139,6755762,6954587,8320044,2448955,7439812,5437989,8759299,2203127,1802352,19075655,15348411
331,000877,2018-03-07,-0.0018399264029438367,-0.007359705611775569,0.2333953434245517,21660.0,112386.413757665,2170,69875148,50860696,1768003,1272129,10663045,9874137,10756328,10861889,13023016,13465016,9581768,4561872,3785234,4696069,4431653,2690572,15866101,3439012
332,000878,2018-03-07,-0.017405063291139333,-0.013449367088607556,0.2736646301000345,16315.0,147048.73443205823,2134,77519681,46830801,2864039,1212615,9370013,8478739,10268204,8324521,11239224,12087106,11279946,4044017,4689228,1430650,2238973,1838361,25570054,9414792
333,000880,2018-03-07,-0.013888888888888729,-0.02136752136752129,0.3489274294084591,9140.0,48061.81877963047,719,10492807,5661757,858110,857941,3139121,1936566,2278884,774252,2979593,1208096,212750,277438,0,0,0,0,1024349,607464
334,000881,2018-03-07,-0.014527845036319542,-0.0016142050040356404,0.34995132602281426,13766.5,77272.21417289073,1254,27038547,18891147,973706,1014564,7010867,5026027,4959519,4716058,3905306,3855636,3421797,1451685,694348,624279,963232,0,5109772,2202898
335,000882,2018-03-07,-0.03343465045592697,-0.027355623100303927,0.06905631903820925,13717.0,244977.18203158298,2289,87905118,46411935,1934107,1761704,10456650,9027441,10309224,6039460,11600511,7869213,6004488,6828691,5885366,4348271,1857918,2658420,39856854,7878735
336,000883,2018-03-07,0.002192982456140413,0.010964912280701844,0.11366359594542394,4570.0,124115.57885011271,1614,22452398,37314372,1360893,1387422,4257471,4756736,2368368,2843708,3291788,5143207,2310366,3914353,1344232,3133943,2719756,2693084,4799524,13441919
337,000885,2018-03-07,-0.019543973941367976,-0.009771986970684043,0.3362705703533874,16648.5,66753.6488262849,2084,46157325,32612779,1497420,1944080,11310486,11212356,8741004,7066180,11209881,6512999,5108331,2156927,4221066,1007190,2294092,902467,1775045,1810580
338,000886,2018-03-07,0.0420560747663552,0.04672897196261672,0.13397848753988256,19500.0,192596.1913468489,2303,72580326,100733933,1860019,1403539,9057980,9646304,8692777,11430770,10898659,16369567,8252170,12708582,8459875,10398185,4440625,5673500,20918221,33103486
339,000887,2018-03-07,-0.014784151389710232,-0.007687758722649263,0.510843567642317,15084.0,82283.60966942208,1095,28349155,16449173,1108999,900728,4505165,4621840,4841641,3180190,4893767,4955417,2118279,2218097,4119784,0,2519440,0,4242080,572901
340,000888,2018-03-07,0.004028197381671816,0.007049345417925457,0.2244586858596703,8946.0,78026.77280527692,1959,33706871,25392856,4926232,1289449,7948051,7943592,3129276,4132429,3932720,2847552,1233964,2244446,3468248,1666233,1823958,1781132,7244422,3488023
341,000889,2018-03-07,-0.0022641509433961593,0.004528301886792541,0.46535899956468246,9303.0,42995.63305808613,810,8595587,10656915,420729,1528617,2525424,4512203,2537620,2695356,1316860,1320031,746692,0,1048262,0,0,0,0,600708
342,000890,2018-03-07,-0.007911392405063444,-0.0031645569620254443,0.35797563831147455,1899.0,37173.38550350537,311,2974970,1497493,228188,183604,992431,510800,749783,132387,665721,290902,0,0,338847,379800,0,0,0,0
343,000892,2018-03-07,-0.022332506203474045,-0.021091811414392203,0.3779995479247128,10322.0,75938.74545834586,454,9843893,3603077,481729,371958,2539721,1491719,1525067,597152,1264865,475396,1074476,666852,1115657,0,0,0,1842378,0
344,000893,2018-03-07,0.011235955056179803,0.02621722846441954,0.14016294749903332,15036.0,91139.48514055747,1453,21627621,35638291,1004904,1397099,6048313,6990126,4875191,6549730,4798374,8593844,2349355,6614989,1080576,660100,881242,1430441,589666,3401962
345,000895,2018-03-07,-0.01151079136690647,0.0010791366906472977,0.5111226381076868,30525.0,165759.91616414016,2959,108165557,122608240,2087351,1246061,17521539,12055545,15893260,13265920,23227382,30034196,10814867,15306436,9247220,9551021,5311492,6313319,24062446,34835742
346,000897,2018-03-07,0.0,0.003030303030303161,0.10237574046021165,4303.0,82462.08392299,1042,12925557,15320754,892293,1021246,3178381,3008894,2361418,1932018,1589615,3301451,534892,2029185,989183,1321998,1361675,0,2018100,2705962
347,000898,2018-03-07,-0.025751072961373467,-0.015736766809728242,0.1422113436133179,14427.0,205223.184537804,2420,124199388,81209086,2230629,1510247,9316440,7347667,10152910,6809490,14449042,9307426,14025561,8933710,14374191,10159100,9239565,6204020,50411050,30937426
348,000899,2018-03-07,0.03206412825651306,0.03406813627254501,0.17605857369284278,13735.5,91877.3950617961,804,16446041,19719026,495890,743405,2668973,3289834,2936425,3057017,4444173,5700162,2666978,2048563,1097082,1060814,403725,0,1732795,3819231
349,000901,2018-03-07,-0.02942595272551851,-0.017848528702363753,0.47810091159284795,20665.0,133583.28014950326,1880,61908555,38108087,1026635,1047521,12103824,9307161,9642098,7841851,12608664,8362668,6918788,3426510,2339215,2453834,3965056,2550760,13304275,3117782
350,000902,2018-03-07,-0.02634146341463406,-0.017560975609756113,0.2915648789571548,9171.0,58311.18099948892,1236,19151666,12872632,874995,1513221,3685895,4272056,4209954,2511485,4488521,2404087,2881331,1167143,977433,0,861180,0,1172357,1004640
351,000903,2018-03-07,-0.006472491909385147,0.0,0.1196821440459798,12051.0,85664.01416371549,667,11869534,13163792,390089,711651,2813239,2770808,2393616,2000277,2710686,1956067,1167575,1329552,1975634,674250,418695,0,0,3721187
352,000905,2018-03-07,0.0009680542110357404,0.0058083252662148865,0.36396470720382446,10440.0,82716.89015805023,805,15377478,15771697,835519,467926,3351465,3051347,2984786,2565866,3855596,2447903,1372925,2621893,1979245,1059585,427042,0,570900,3557177
353,000906,2018-03-07,-0.0038022813688212143,0.0,0.36171184503215414,14238.0,79546.11415387051,475,9910299,6611689,535343,277586,2576144,1916141,2207231,949401,1578410,1562842,757585,749600,659402,691399,418684,464720,1177500,0
354,000908,2018-03-07,0.0,0.011070110701107083,0.2671145873169454,3794.0,45730.75045862139,411,2763201,4518050,263220,309737,1283678,1103013,931439,500434,284864,1169493,0,429689,0,0,0,400734,0,604950
355,000909,2018-03-07,-0.011099899091826404,-0.006054490413723523,0.4741268443349099,9950.0,33450.85063134482,436,6601608,2289717,672543,383667,2550713,1189956,1198008,357190,1465140,358904,715204,0,0,0,0,0,0,0
356,000910,2018-03-07,0.02644230769230771,0.03173076923076934,0.39607058161270664,21540.0,91277.78875599895,2767,42537946,77292162,831191,2688770,13215710,20055346,10352224,14560379,4992854,13161005,2970630,5160266,2474501,3330995,3650670,2750394,4050166,15585007
357,000911,2018-03-07,-0.003906249999999889,-0.0013020833333332593,0.29206427367373045,5376.0,29590.794894052673,691,5192455,4451263,723157,876384,2058514,1349521,1266248,1091921,627945,558090,209391,221760,307200,353587,0,0,0,0
358,000913,2018-03-07,-0.017533936651583648,0.0005656108597285048,0.6389912732766222,14112.0,45353.748970402135,765,13150222,7775233,746387,728927,4358085,3143430,3605708,1830168,2154623,1414283,1031313,0,367328,658425,886778,0,0,0
359,000915,2018-03-07,-0.008910490076954325,-0.004860267314702349,0.6591526875657124,17178.0,116629.59458100551,1403,39526889,24109746,1352158,858411,6590334,7818493,5166301,3128338,5934095,3106743,4225772,2587574,2425339,949528,4188037,953335,9644853,4707324
360,000917,2018-03-07,0.009852216748768461,0.016009852216748888,0.17338739025426197,37350.0,347768.0580113338,2199,142837497,160848036,1136957,1468201,9086791,10089914,9667637,9287439,17906986,19489181,17257276,14752353,12683896,12411941,8030714,10393605,67067240,82955402
361,000918,2018-03-07,0.0014641288433381305,-0.007320644216691097,0.2575152389400529,6810.0,91054.40705294175,703,17230829,8279132,460285,732429,2099172,2123371,1907277,1705629,2638734,2033249,1708839,1684454,2373260,0,0,0,6043262,0
362,000919,2018-03-07,-0.008474576271186529,-0.00363196125907983,0.44999839281490517,11529.0,64744.68283034383,336,7488953,3725871,313894,401494,1650406,1268120,1330758,1054159,1397237,1002098,255234,0,711019,0,1255005,0,575400,0
363,000920,2018-03-07,-0.01318944844124692,-0.00959232613908878,0.41759533521500636,13360.0,48864.23928629696,398,7511489,4365089,366580,396946,1841642,2088302,1255027,920597,2385331,754326,634913,204918,1027996,0,0,0,0,0
364,000921,2018-03-07,0.005255255255255387,0.008258258258258211,0.29854839657953897,12955.0,85056.19886737566,1991,28649661,42201185,1318506,3936924,6916502,10612179,5963232,6899609,5855137,6636628,3138802,4309683,1602956,1452088,1324694,1369097,2529832,6984977
365,000922,2018-03-07,0.02857142857142847,0.03308270676691727,0.22706008969737998,13740.0,82995.81249385343,858,13704270,17125449,611200,720200,3676678,4142366,3044697,3864527,2226229,3252637,1612174,1956938,1030823,729018,0,425040,1502469,2034723
366,000923,2018-03-07,-0.01024208566107998,-0.0013966480446927498,0.5916478675878428,15015.0,61503.704059322044,1318,23733804,20519950,1071693,1123188,6663163,6656538,5935012,4591896,4683815,3702314,2334633,1941946,730688,302868,861400,1351736,1453400,849464
367,000925,2018-03-07,-0.01959114139693363,-0.00596252129471897,0.42208090081714655,10629.0,41412.153015643824,773,11639286,7579699,1033787,502222,3494332,3067175,3694405,2296081,1666659,1007371,997299,0,315704,304292,437100,402558,0,0
368,000926,2018-03-07,0.005649717514124353,0.011299435028248705,0.24721275597913497,13793.0,204524.4077278133,1846,54603952,72438214,1268021,1239690,6703406,7317273,6372500,6719735,10335337,9273320,7807702,7676674,3429277,3775491,1726216,4474341,16961493,31961690
369,000927,2018-03-07,0.007211538461538547,0.014423076923076872,0.13371651033992427,8500.0,66838.140478602,969,14104067,16463544,912203,1065633,3268885,3689849,2637665,2786190,2115238,3779398,2205821,1551804,1624515,1796589,1339740,485780,0,1308301
370,000928,2018-03-07,-0.01605136436597121,-0.009630818619582704,0.21177938600438936,5544.0,65742.32773704929,865,14333879,6986935,1234754,421211,3439711,1569194,2817198,1459001,3518750,907042,250908,681237,669624,961770,0,434000,2402934,553480
371,000929,2018-03-07,-0.007117437722420017,-0.003558718861209842,0.3797538391983436,9256.5,50853.22359603746,492,5955840,6215363,656896,491226,1920149,1913919,1447785,984622,773103,621708,777775,735330,380132,931362,0,0,0,537196
372,000931,2018-03-07,-0.013615733736762614,-0.010590015128593033,0.2609555034512706,10592.0,47983.83418692669,641,10485779,7035963,517752,798398,2711541,2742075,1585831,1167854,3553359,1192061,2117296,742347,0,393228,0,0,0,0
373,000932,2018-03-07,-0.030126336248785135,-0.023323615160349753,0.18690058488289357,51575.0,374593.95841079514,3036,263157107,199930107,1219189,1034616,13595256,11870242,18114466,18658135,29311689,32166787,23158321,23785578,20869454,14709823,18886584,12704197,138002148,85000729
374,000933,2018-03-07,-0.027874564459930307,-0.022067363530778095,0.14663252328325327,87464.0,1471384.7058192883,3457,599562195,649295314,861424,1070088,10488403,13696792,20683770,22823909,33540568,38287920,27949242,31989563,23499136,30910641,24314545,31513518,458225107,479002883
375,000935,2018-03-07,0.037735849056603765,-0.011792452830188593,0.35958137575825305,20220.0,101465.24415463638,2225,60437488,49103261,1352435,1606175,11607491,11657913,11654095,10705588,15378504,10066994,5409103,3913220,3241199,1414389,2634540,891369,9160121,8847613
376,000936,2018-03-07,0.011220196353436185,0.016830294530154388,0.14129842278864663,27170.0,120146.26151451466,2552,75505856,93499599,1537138,1532194,12395289,12771022,13219247,13533468,16975280,20982900,10810757,12254240,7720460,7183822,7112435,6667925,5735250,18574028
377,000937,2018-03-07,-0.022530329289428108,-0.020797227036394972,0.139259128561747,11440.0,159366.66801282452,1720,65965270,37709657,1609739,1579086,5996859,6833557,4828697,4670609,6568005,3396389,7376309,2961341,10540062,1681642,5880413,1334610,23165186,15252423
378,000938,2018-03-07,-0.005963029218843063,-0.0019379844961239234,1.368052040437733,46844.0,205950.79476580082,2405,152323515,113515176,765433,1051761,10529265,11985566,12775657,14132172,25722157,24111166,21874571,13707761,16356556,10133448,8910351,6809489,55389525,31583813
379,000949,2018-03-07,-0.007575757575757569,0.0,0.2530610237713764,7900.0,31879.321893484277,244,2761600,2260743,284233,232284,1032371,893519,1266908,571428,178088,302548,0,260964,0,0,0,0,0,0
380,000951,2018-03-07,-0.01375000000000004,-0.008125000000000049,0.4416577141958256,7907.5,49926.8715266871,1312,19083389,10137032,1737566,1800833,4837142,3824388,3595849,2039576,2902232,2029000,2450465,443235,1601697,0,0,0,1958438,0
381,000952,2018-03-07,-0.026258205689277947,-0.02115244347191836,0.646444609753226,12150.0,67570.3590438642,449,9657719,3922009,415531,558186,2311791,1260068,2082936,562897,1168920,783121,1047187,217989,1305186,0,0,0,1326168,539748
382,000953,2018-03-07,-0.025925925925925908,-0.016049382716049387,0.24653858590343528,11396.0,78196.10660419213,1084,24759974,12336949,1212840,1015949,5415350,3693458,4122830,2829133,3061556,1433388,1194971,1732245,2686370,718230,3376510,401184,3689547,513362
383,000955,2018-03-07,-0.0014204545454544748,0.0,0.2023413031555162,12690.0,126371.10847145162,1212,19499496,29693627,545984,1230171,4660745,5363501,4430520,5348596,3741250,5618247,1474010,3157080,1012744,1772096,1724673,1369316,1909570,5834620
384,000957,2018-03-07,-0.017838405036726068,-0.009443861490031513,0.30088926516494724,6650.0,39762.806369325444,1003,13866203,7283476,1185566,886863,3684642,2743010,3548175,1470911,3295218,1422974,1438851,759718,713751,0,0,0,0,0
385,000958,2018-03-07,0.0064239828693790635,0.008565310492505418,0.11799214591156178,10752.5,84532.19780861297,1570,26365682,33527539,1632637,1283176,6804997,6112937,4030707,5938153,4725373,8689652,1948600,2674092,1414633,1720655,1382083,2754698,4426652,4354176
386,000959,2018-03-07,0.0017482517482518833,0.00874125874125875,0.1497259873856789,5740.0,43524.290031039076,1462,14326020,23120967,936893,1246010,4015156,3343588,4620429,9510468,3149154,7919600,725984,715687,314104,385614,0,0,564300,0
387,000960,2018-03-07,-0.021897810218978075,-0.010617120106171218,0.28507180605175164,47872.0,319190.0677566104,2797,199406653,174218752,883543,1114999,10415598,12423408,16121985,16806775,31840829,25582956,21319983,23269409,18410653,14699667,13251207,11068503,87162855,69253035
388,000961,2018-03-07,-0.028806584362139898,-0.010973936899862813,0.16127228095015936,10087.0,128654.10024715828,2048,54428514,35787906,3037878,1267232,7036079,9064232,7006953,8722927,8296569,6857286,4067804,3760489,3840576,333610,2227280,852644,18915375,4929486
389,000962,2018-03-07,-0.01449275362318847,-0.008695652173913104,0.3160307629304841,6890.0,64165.15918685718,476,8215589,4514146,538729,477237,1890790,1588237,1696391,799677,1574558,1123257,651984,525738,0,0,408260,0,1454877,0
390,000963,2018-03-07,-0.018552565602540483,-0.013204078221627946,1.2991837220577331,17859.0,160354.28813979984,2121,77043013,46483753,2640181,648726,13510544,8042968,8640515,6341300,11341933,6784377,8167661,3807011,8044876,2693373,3885962,444148,20811341,17721850
391,000965,2018-03-07,-0.019748653500897717,-0.012567324955116699,0.19606006302683293,11000.0,64492.34960323301,807,15043727,10689305,763154,804140,3417308,3117827,3300048,2152238,2067710,1783770,2341710,987947,1716146,705318,404420,0,1033231,1138065
392,000966,2018-03-07,0.029850746268656803,0.020895522388059584,0.10722871076282894,7077.0,64590.02853314264,978,10859451,17856846,1087973,677750,3290861,3278850,2271325,2656013,2925214,4121452,201135,2021020,680199,2765743,402744,869448,0,1466570
393,000967,2018-03-07,-0.002484472049689601,0.00248447204968949,0.3320622534685326,9696.0,68001.2451377023,587,10784642,8250476,530604,641851,2716368,2149247,1461030,1885146,1817331,2421858,438764,464832,2389141,687542,0,0,1431404,0
394,000968,2018-03-07,-0.0036049026676279183,-0.0007209805335255393,0.45643832257430106,7010.0,50733.25185407368,923,13938485,7781027,909846,1251030,3566794,2537097,2999822,1630745,2522904,1890645,1519694,471510,301968,0,854674,0,1262783,0
395,000969,2018-03-07,-0.02015113350125941,-0.010075566750629705,0.2549236992997346,8745.0,124448.81956854044,970,26473872,11508883,1059355,896823,4308045,3489576,4335523,1419381,3248171,2685475,2094160,1162821,1129125,1376407,2118396,478400,8181097,0
396,000970,2018-03-07,-0.027906976744186185,-0.018604651162790753,0.24536517497003205,37033.0,231582.98519138983,2766,173089333,115434235,1157015,1318912,13424294,12264800,16766178,15209117,26965543,22072311,22199043,16062890,18054515,9135114,9960208,6728555,64562537,32642536
397,000971,2018-03-07,-0.0316402997502081,-0.023313905079100694,0.35898618468615295,11800.0,76852.49230855977,1119,24581937,14370411,965052,1111196,4655249,5256933,3773867,2382081,5721794,1388145,4230877,1707028,2695003,668140,468800,0,2071295,1856888
398,000972,2018-03-07,0.0,0.002645502645502784,0.1761599674187725,7620.0,50375.99725232947,460,6000363,4672089,481769,437189,1797766,1379879,1195542,1074624,1298184,1568769,200112,211628,300042,0,0,0,726948,0
399,000973,2018-03-07,0.011472275334607929,0.019120458891013214,0.13718165690076892,10740.0,124440.45293459043,1457,32379074,41634027,1515592,814756,5807586,3328512,5169888,5700674,6654314,7507189,6367636,3573020,2481993,3484285,1809706,3577433,2572359,13648158
400,000975,2018-03-07,0.006734006734006703,0.00471380471380467,0.33616963040676423,7515.0,143811.57413736818,1952,33800935,53691382,869478,2768413,3916985,7805823,4584747,6813308,6772197,8933740,4332775,3803119,4728359,617564,2665943,2807817,5930451,20141598
401,000976,2018-03-07,-0.0011947431302269385,0.0,0.25088212825607775,6680.0,39635.82531692672,1114,6157457,8887953,3036880,1119342,1216621,1706489,964377,1490103,605579,2073697,0,938831,334000,722329,0,0,0,837162
402,000977,2018-03-07,0.008806262230919737,0.012230919765166437,0.3653490718217829,69734.0,457409.27820190624,3133,321432062,344456604,770612,734346,13030895,11229304,15338835,16500684,30963295,30842836,32022013,27240895,22248860,28477280,20695621,18534883,186361931,210896376
403,000978,2018-03-07,-0.005121638924455829,0.001280409731114096,0.29117991222637385,4734.0,48639.19330277017,719,10661596,6652224,287534,1045869,1627057,2574408,2963056,1550370,2768189,1194511,1506967,287066,637691,0,871102,0,0,0
