,code,date,pchange_whole,pchange,change_std,amount_median,amount_std,length,sumsell,sumbuy,sell_vol_0,buy_vol_0,sell_vol_1,buy_vol_1,sell_vol_2,buy_vol_2,sell_vol_3,buy_vol_3,sell_vol_4,buy_vol_4,sell_vol_5,buy_vol_5,sell_vol_6,buy_vol_6,sell_vol_7,buy_vol_7
0,000001,2018-03-22,-0.020168067226890796,-0.01680672268907568,0.2006760667062933,84506.5,584107.262769664,3520,459333651,415497209,565789,939505,10826321,14145234,23265496,28486603,44182353,45041956,32536892,38395369,24986697,28176881,23608430,24940322,299361673,235371339
1,000002,2018-03-22,-0.019496855345911945,-0.015094339622641506,0.5457098535441305,71829.0,289155.5128639283,3397,283693479,225968055,1099400,924200,12916744,12537807,26795672,22476623,51812874,40148709,37369322,21605125,28193029,24371583,21559757,17165166,103946681,86738842
2,000004,2018-03-22,0.008888888888888946,0.0004444444444444695,1.2950084479559427,11230.0,42755.995100887536,301,3570279,4054538,303478,240359,1279486,1403836,628807,740229,916064,883854,442444,786260,0,0,0,0,0,0
3,000005,2018-03-22,0.0,0.0025510204081633514,0.16417151752140693,5305.5,33305.24142452791,570,5027500,4377812,441662,665337,1700536,1872229,876397,652815,1361924,680654,646981,506777,0,0,0,0,0,0
4,000006,2018-03-22,0.003831417624521105,-0.0025542784163474774,0.1737827211502904,18816.0,152453.4876129801,2032,75894223,50986556,1587946,1411045,10182793,8404611,8512278,10220183,12241213,10530314,9972249,5332698,3909279,5002271,5644040,1828128,23844425,8257306
5,000007,2018-03-22,-0.008275862068965467,-0.0006896551724138167,0.3998291388985532,18804.5,144244.23285151087,1316,29410889,36590714,745959,1181872,5455662,7587835,4996543,6347694,6372352,6840420,2776011,3465958,2341072,2087201,2607108,2253238,4116182,6826496
6,000008,2018-03-22,-0.004237288135593209,-0.005649717514124353,0.1857486314078269,6327.0,158822.84861868893,1454,31936859,26014252,1386936,1774934,3072102,4840997,2554148,2493888,3010421,3756622,1666270,2400604,999278,1449637,1389150,1739447,17858554,7558123
7,000009,2018-03-22,-0.0015873015873015817,0.0031746031746031633,0.15358871301795582,12115.0,93134.0909739214,1685,38819787,28314032,2077636,1073255,7483275,5582095,8093744,6099617,7231428,5472019,3030137,1957228,3684036,2651251,848144,0,6371387,5478567
8,000010,2018-03-22,-0.021321961620469176,-0.014925373134328401,0.1586830039884813,5993.0,31354.20373250229,874,10300798,4586284,975981,1043851,3976927,2002090,2674242,555614,1298098,454594,1375550,530135,0,0,0,0,0,0
9,000011,2018-03-22,0.01950912523599735,0.013845185651353065,0.44540053697941795,12896.0,71651.61922747614,1273,17759479,23445066,905760,1566071,4893751,6318488,4011858,4015917,3461980,4350609,1457058,1575293,1701530,641129,469110,1349265,858432,3628294
10,000012,2018-03-22,0.0012870012870014325,0.002574002574002643,0.2027768262173758,8547.0,79529.692183654,1469,28131168,18540852,1456166,1309086,5307550,4852474,4548732,3831579,7278945,3187531,2950194,2601115,1045273,308088,1757268,913791,3787040,1537188
11,000014,2018-03-22,0.03755868544600949,0.028169014084507005,0.3091803331892799,16425.0,73492.42716130352,1189,23822366,26188779,718268,917988,5560056,5330152,5104462,4084292,5512509,5776295,3892081,4266123,1758486,2054550,1276504,1286444,0,2472935
12,000016,2018-03-22,-0.004411764705882337,0.004411764705882337,0.1696720745053421,19575.0,137034.9326539599,1608,57339249,43373224,1117995,1224361,6827078,6936186,7782544,8045662,10038351,6619550,7159199,5423720,5020987,2742089,4377642,3499437,15015453,8882219
13,000017,2018-03-22,0.027444253859348233,0.013722126929674117,0.20635699782807235,11860.0,59529.045148775724,799,12372998,9005066,766312,613931,4020948,3007861,3123454,2222272,2454116,1872427,732168,1288575,0,0,0,0,1276000,0
14,000018,2018-03-22,0.0547945205479452,0.023972602739726234,0.1757178879658655,12348.0,186967.98752552248,1105,17819515,31409536,848737,853871,4810256,5308716,4072139,4069443,2835397,4593697,1186707,2985677,717402,1680784,891088,0,2457789,11917348
15,000020,2018-03-22,-0.023456790123456694,-0.023456790123456694,0.3500218301143604,21938.0,186272.5675786746,2149,76759997,64736747,1524951,1573474,11550308,8583598,11117726,8339470,13522025,11598703,10358648,6080911,4520100,5100835,2606676,3545967,21559563,19913789
16,000021,2018-03-22,0.013667425968109548,0.005694760820045719,0.17741394896253643,17640.0,100673.61846984964,2453,71656343,52550459,2388108,1410623,11581544,11030957,12697481,11270461,14644770,12237503,9937123,7705646,6128330,2754723,1370144,2267692,12908843,3872854
17,000023,2018-03-22,0.015641855447680708,0.01725997842502691,0.6381467747993076,9470.0,72044.15822156452,845,9069521,12261759,989979,810524,3514068,3374709,2086786,1992968,1823065,2495707,655623,1124835,0,0,0,0,0,2463016
18,000025,2018-03-22,0.004816223067173553,0.0076045627376424285,0.8514981601986445,23979.0,81079.17709510849,2148,52598236,54881917,1429518,1489301,11676053,11163050,11803787,11102695,13529162,12931318,5559059,7488586,3916095,2531659,2211788,1675964,2472774,6499344
19,000026,2018-03-22,0.009765625,0.0107421875,0.3727687425685232,10330.0,57882.80545640277,754,9256994,12257458,863544,384038,3089373,2810728,2527222,2388572,1599797,2469388,1177058,1272656,0,335340,0,1361286,0,1235450
20,000027,2018-03-22,-0.0034071550255537764,-0.0017035775127768327,0.23715528661908117,5880.0,67863.08865057206,612,9494544,5596141,869074,597529,2093639,1240357,1781359,1060867,1895871,1401814,937997,0,352200,0,0,0,1564404,1295574
21,000028,2018-03-22,-0.014713175731525863,-0.0008265829062655827,1.4694039626518804,12060.0,98428.01550942357,1702,33655255,36294147,464765,3257531,5207460,10555554,3073312,4872972,5159434,7853343,2929534,1868570,5061441,2821834,2179376,1252960,9579933,3811383
22,000030,2018-03-22,-0.012328767123287676,-0.005479452054794498,0.19095960853236946,4344.0,37254.69501462907,1464,11168611,11112587,1715105,1981623,2923580,3597648,2185894,2350846,1263977,2006850,1138298,705500,1103612,0,838145,470120,0,0
23,000032,2018-03-22,0.04056603773584899,-0.025471698113207486,0.23151589927479652,19836.0,119026.37174743233,2104,63105517,45275820,1406799,1191024,10311966,10014874,9237925,8630874,14110478,10311774,6217971,6433360,5736347,2876161,4542479,0,11541552,5817753
24,000036,2018-03-22,0.0,0.003409090909090917,0.2761752912148186,11479.0,64038.45557460184,1015,19178747,15017391,870269,1232867,4946138,4810252,3859977,2547655,3287052,3040881,1976586,1905520,2441128,1042216,917597,438000,880000,0
25,000037,2018-03-22,0.012711864406779627,0.0028248587570620654,0.28386501871268066,9327.5,37776.69651046259,622,7229480,5881066,716514,493205,3240664,2046233,2007554,1155845,1264748,1072290,0,254541,0,322848,0,0,0,536104
26,000039,2018-03-22,-0.018794914317302402,-0.00497512437810943,0.3528898030461735,16092.0,94983.31659671801,2629,67345923,38677265,2664371,1319780,16397387,9918507,10896619,9237917,13874234,9061981,5436688,3057150,4140343,2432971,1909149,1720853,12027132,1928106
27,000040,2018-03-22,0.008278145695364225,0.01738410596026485,0.34552364310527484,3693.0,55161.57091527673,1223,5583527,9986196,1541320,1967736,2286644,1766675,775189,1769941,756630,1027976,223744,280668,0,367500,0,0,0,2805700
28,000042,2018-03-22,-0.002741603838245288,-0.0034270047978067764,0.5371904722045006,2902.0,35861.93032823789,737,4966663,4254259,347727,1065841,806334,1835666,716462,772571,1099501,580181,974201,0,1022438,0,0,0,0,0
29,000043,2018-03-22,0.030066815144766057,0.00445434298440972,0.41927666243436024,8095.5,47821.46176294418,458,5819855,6381866,436007,345576,1948475,1102975,1565330,1522248,1302152,2160965,567891,943873,0,306229,0,0,0,0
30,000045,2018-03-22,0.04545454545454519,0.03863636363636358,0.22720823642148785,15878.0,97260.73276240507,1505,32565737,35021171,1182497,1558660,6744538,6822723,5627008,6663220,6762435,6028393,4172840,3849549,2716668,1357998,1394673,2325172,3965078,6415456
31,000048,2018-03-22,-0.014906832298136607,-0.0165631469979296,1.781655138962176,11925.0,61277.43984318436,183,2823020,2713411,162765,190145,881338,505772,407621,251438,663546,510172,285000,897084,0,358800,422750,0,0,0
32,000049,2018-03-22,-0.008959537572254428,0.008092485549132888,0.9258097979979752,13968.0,53449.8818133172,1397,24907848,18410518,814891,1236443,8334641,6289414,6733547,4515674,4199998,3624458,1925964,1726452,1351335,1018077,0,0,1547472,0
33,000050,2018-03-22,-0.0085784313725491,0.0006127450980391025,0.3349295528813468,22715.0,130912.69646869034,2376,80525977,57816326,1622559,1534529,13366904,10227569,14270934,9627567,16420990,14596467,8829528,6530667,5471963,7166102,4505142,3505115,16037957,4628310
34,000055,2018-03-22,0.015810276679841806,0.005270092226614009,0.19222679826377728,15070.0,88250.57898341192,1560,32236483,29038695,1369022,1393715,7400882,7078952,6935089,4272814,7546466,7633366,2588333,2427619,2033107,1979556,1371605,0,2991979,4252673
35,000058,2018-03-22,0.028787878787878807,0.0121212121212122,0.21853898827609103,9907.5,36667.65031450623,912,8735319,10262269,794640,1019611,3785829,3809906,2126244,2408568,1238260,2550996,0,473188,372804,0,417542,0,0,0
36,000059,2018-03-22,-0.009336099585062207,-0.010373443983402675,0.2720977689251311,21252.0,150664.03464051225,1255,50857054,39567393,1112819,915676,6014505,6408802,7475683,4500979,11024535,5627737,7197098,3209328,2442371,3388255,4115456,2880434,11474587,12636182
37,000060,2018-03-22,-0.007085020242915019,-0.004048582995951455,0.22539965947503204,21559.5,212635.6027615673,1922,75120110,82637764,1280886,2263471,7282500,9448849,7927250,9779790,13294827,13213334,8213495,8006646,8279065,3584616,2797304,4082953,26044783,32258105
38,000061,2018-03-22,-0.005649717514124353,0.0,0.26866832384761163,11280.0,47728.89411373927,694,9679631,7281616,643555,569802,3530348,2322318,2030022,1837071,1753282,1730752,726964,0,332760,373293,0,448380,662700,0
39,000062,2018-03-22,0.015686274509803866,0.019607843137255054,0.5508297906367617,8266.0,43917.76787105352,1372,14192659,17518745,1393715,1094553,4425756,5825095,2937461,3872328,3249312,3644324,743180,1683290,1031235,985095,412000,414060,0,0
40,000063,2018-03-22,-0.008222643896268256,-0.0012650221378874837,0.5382866161439901,109970.0,434837.38149014994,3451,448824448,395068153,650029,569309,10892258,10453328,21362844,23329735,45931003,50009763,37296443,37650375,37147333,42017809,26136887,37728474,269407651,193309360
41,000065,2018-03-22,0.0535714285714286,0.02188940092165903,0.3600191532580834,27416.0,249131.37937201784,2330,108490590,105223774,1266843,1219328,10332563,11092857,10791957,13103139,15273943,16890549,10281109,10832258,6840199,7600760,8316253,7513551,45387723,36971332
42,000066,2018-03-22,-0.0134228187919464,-0.010738255033557076,0.14913936199407588,30709.0,201188.62384030005,2500,133071594,100838857,1521332,1614160,10768605,9853087,13021748,14592091,23836417,18365159,13960081,11938571,12441479,8287834,10938254,10162946,46583678,26025009
43,000068,2018-03-22,0.0021739130434783593,-0.0021739130434782483,0.20208578395759744,2310.0,49747.968715683455,518,7049792,3811443,419920,335888,1125590,1830420,1059623,507767,2255750,698468,1262390,438900,0,0,415800,0,510719,0
44,000069,2018-03-22,-0.007159904534606243,-0.0023866348448688957,0.17337441900835326,11676.0,160653.1447088534,2340,72876261,51196632,1934643,1918746,10889270,8797326,8842871,5422723,9249834,7177278,5614160,6760094,4065912,4192896,4455826,2949485,27823745,13978084
45,000070,2018-03-22,0.01612903225806428,0.019354838709677358,0.26749684491956716,12194.0,49119.09299986641,1209,18174788,16668165,1534523,905318,5968322,5282955,5515750,4609090,2593533,3133067,1499970,1185901,0,962214,474000,0,588690,589620
46,000078,2018-03-22,-0.0016556291390728006,-0.0016556291390728006,0.13276154305034216,8512.0,85129.03224351017,2075,37287335,37338960,1862902,2273691,7644492,6918594,6473213,5270791,6115539,6633703,8102973,5141433,2691252,3635725,889815,2344064,3507149,5120959
47,000088,2018-03-22,-0.02631578947368407,-0.018421052631578894,0.23144471710388262,7500.0,77580.59654851852,1079,18569184,9994403,1660840,1034909,3898379,2535237,3200907,1959718,1797176,2300769,497232,0,373500,764572,1696931,0,5444219,1399198
48,000089,2018-03-22,-0.007117437722420017,0.0011862396204032066,0.24396067707844826,5894.0,93838.49126066356,1195,22174431,24717411,505664,1890286,2446158,2479118,2383384,9907312,4196544,6782199,2875751,990164,2826641,615459,2246195,859240,4694094,1193633
49,000090,2018-03-22,-0.0030800821355235763,0.0,0.26639635390862154,5844.0,90742.75301076377,1340,19198191,21701757,1428835,1362979,5013087,3467030,2706186,3283821,1842870,2540060,1780018,2877927,1388579,2553110,916796,488999,4121820,5127831
50,000096,2018-03-22,-0.01814058956916098,-0.0113378684807256,0.8652200186708576,9198.0,37002.35814316713,233,2621461,1862667,245513,254792,973272,796583,613624,253814,240162,291478,229250,266000,319640,0,0,0,0,0
51,000099,2018-03-22,0.019024970273483932,0.00832342449464929,0.20743605668163362,5901.0,41905.91089027567,1645,17580678,12473285,2377822,1064034,6091439,4384795,3866840,2879559,3038448,2232871,1321592,463687,0,0,884537,0,0,1448339
52,000100,2018-03-22,-0.016172506738544534,-0.016172506738544534,0.06688561251349813,28977.0,391098.0657096933,3108,213593818,169603945,1582249,1809045,13462318,14197015,14509459,15483652,20152593,23146355,17935909,9013481,10835194,13516153,14125957,10991165,120990139,81447079
53,000150,2018-03-22,-0.0029218407596784957,0.0014609203798394699,1.4271763624188394,5504.0,20571.115365855127,368,1766955,2388893,320194,607246,518223,1312821,610716,287062,317822,181764,0,0,0,0,0,0,0,0
54,000151,2018-03-22,0.03157894736842115,0.03157894736842115,0.41467454706435364,97665.0,2048632.9749878605,2106,347886269,498619592,1204041,327988,7245049,5587684,10616269,9422992,18403265,22933752,18827490,21459126,14025014,16830122,18229104,13699725,259336037,408358203
55,000153,2018-03-22,0.023255813953488413,0.014211886304909438,0.2984817730216978,7830.0,53224.14518372917,672,8323655,8378694,791512,630843,2636751,2003873,1802106,2083252,1172152,1874527,1186554,587691,734580,0,0,0,0,1198508
56,000155,2018-03-22,0.0028985507246375164,0.005797101449275477,0.14864429269721474,27620.0,141352.5608627182,2158,77519031,69937177,1213056,1466534,10292123,9717847,11686614,13011009,14312056,17829331,10701636,8586533,6706624,3720007,5266666,3884025,17340256,11721891
57,000157,2018-03-22,-0.002358490566037652,0.002358490566037652,0.10613732536642093,7605.0,109394.52708551525,1600,33632480,17348804,1557411,1181621,7879038,4301198,5568843,2028418,4017570,1316757,4448023,717911,3369956,367587,859024,860872,5932615,6574440
58,000158,2018-03-22,-0.02073170731707319,-0.013414634146341364,0.1870005895111066,16079.0,254179.64865604928,1926,60233983,66495998,1381254,2141474,7791684,8502967,7425649,7239864,9333973,8619523,8062554,7259938,3796051,4943752,4799938,3521798,17642880,24266682
59,000159,2018-03-22,0.012793176972281328,0.01492537313432818,0.1620032317592951,8058.0,41842.67266672342,839,8492953,10346435,953706,761490,2967755,3579420,2331146,2371489,1102256,1985956,433397,955306,704693,692774,0,0,0,0
60,000166,2018-03-22,-0.003992015968063756,0.0,0.12502206191002127,10584.0,161165.6266831211,1609,45809617,28689670,1305131,1642422,7817933,6112874,5906654,3040784,6782091,4092568,4510553,3191012,1619210,1613505,3604986,1345457,14263059,7651048
61,000301,2018-03-22,0.0015624999999999112,0.0015624999999999112,0.23394252169265445,12840.0,66919.32063944053,748,16018659,10105463,730513,624833,3520834,3202647,3192611,1875128,3417244,2465276,1215949,878173,368439,653056,1723435,406350,1849634,0
62,000333,2018-03-22,-0.033627717391304435,-0.03040081521739124,0.9947512580405954,205452.0,738704.2556537528,3507,806197298,695442152,160017,166061,7756472,4923557,19144051,14305463,51942899,36211656,44550696,37445361,44181506,29752558,50262660,30047196,588198997,542590300
63,000338,2018-03-22,-0.011070110701107194,-0.008610086100861003,0.1499958486289018,25040.5,186251.46869486934,2944,116958342,95216420,1407920,2192464,12865239,17561830,16145415,14045568,19280500,16749135,9728700,7833225,6649817,6351399,8638291,6063077,42242460,24419722
64,000400,2018-03-22,0.037581699346405095,0.020424836601307117,0.279185332106796,18510.0,121174.79265625245,1923,50070245,54665151,1403582,1721006,10326573,8059420,7022383,7263032,11949703,11891008,6139432,9193282,3246586,3116313,2173654,3959452,7808332,9461638
65,000401,2018-03-22,0.0035511363636364646,0.014204545454545414,0.27280261973560654,38475.0,172240.52782239384,2665,123279860,133831748,1484395,1129767,12755344,11304869,17732480,14883887,25050763,25441520,15655447,16204486,14563007,9334946,9469320,11210346,26569104,44321927
66,000402,2018-03-22,-0.004980079681274785,-0.0019920318725099584,0.24028070998173412,6979.0,111693.25602440661,1747,30469605,18175210,2082769,1557748,7159113,4672757,5203096,2450029,6221278,2228276,4137572,1485516,1688954,363988,930682,939128,3046141,4477768
67,000403,2018-03-22,-0.006148867313915729,-0.003236245954692518,2.102892051692347,21378.0,120053.33514544809,215,7216315,5130870,211374,119992,866441,1086218,944570,943939,901605,484419,246480,0,1237356,675620,901183,0,1907306,1820682
68,000404,2018-03-22,-0.0034305317324185847,0.0,0.24427924020346273,11640.0,56038.01879312876,569,9924591,7777652,601199,457927,2451230,2215174,2574099,1714581,2018929,2229856,878130,745861,678904,0,0,414253,722100,0
69,000407,2018-03-22,-0.014062500000000089,-0.0015625000000001332,0.23554575948624198,6400.0,50542.42396727455,738,11156306,7814159,567380,756623,2917361,2464350,2170088,1688045,2327176,1775733,1720686,757528,1453615,371880,0,0,0,0
70,000408,2018-03-22,-0.014760147601476148,-0.0073800738007380184,0.6086361214676557,16110.0,73792.7751629705,713,20327350,8474869,530296,644710,3576219,2718235,3378761,1420439,5818694,1216103,3350282,943391,998336,663380,1865262,868611,809500,0
71,000409,2018-03-22,-0.005272407732864748,-0.0017574692442883233,0.19656628994734585,11340.0,43049.8133751877,838,11204411,9319449,793512,806930,3161960,3720718,3783407,2016380,1687630,1740462,1021104,484736,313404,0,443394,0,0,550223
72,000410,2018-03-22,-0.035650623885918,-0.0008912655971479166,0.2156027011578907,31359.0,119443.26709470108,2711,95186817,86424086,1141447,1250500,14258513,13483497,17814456,15078197,24002499,20381099,10434664,10996259,6974245,9031665,6838700,4146473,13722293,12056396
73,000411,2018-03-22,0.005402971634398845,0.007654209815398438,0.7391985767790463,2234.0,16073.229521879202,906,2201123,3572151,173638,1628988,1380323,735831,373560,394455,273602,812877,0,0,0,0,0,0,0,0
74,000413,2018-03-22,0.0024630541871923928,0.008620689655172376,0.1622427483352543,19524.0,128797.87262303907,2508,69817621,74190458,2417132,1648258,12007173,12012395,11053249,11515696,14656683,12839637,7506698,5698123,7321414,4055894,3080602,3913499,11774670,22506956
75,000416,2018-03-22,0.0016025641025640969,0.009615384615384581,0.16494562346407599,9450.0,65111.302154546735,1434,24504008,14374838,1461940,1107975,7310953,4773123,3708609,2941102,6092125,2701879,1435020,974641,343674,682420,877177,469234,3274510,724464
76,000417,2018-03-22,0.005235602094240788,0.007853403141361293,0.2197583195427751,6100.0,76643.65763857913,1210,12279707,18532404,647276,1338101,3361788,5624709,2164863,3003984,2732575,2321405,1166067,1781370,1274888,0,0,453600,932250,4009235
77,000418,2018-03-22,-0.044811320754717054,-0.03607103218645946,1.8629741118200571,20910.0,102231.7239621661,1499,41419601,26654943,1438922,1569241,6877586,8292439,7323972,3814502,5809698,4562082,3567898,1893909,2849778,1462657,1723787,0,11827960,5060113
78,000419,2018-03-22,0.0177304964539009,0.0177304964539009,0.2253345686158426,14975.5,84516.45632086275,626,9997911,14817126,587674,413335,2693390,2997938,1882311,2269679,2264029,3291662,1074560,2168727,919947,721728,0,851408,576000,2102649
79,000420,2018-03-22,-0.0068259385665528916,-0.0068259385665528916,0.11560464028874191,5800.0,85663.52272180367,643,11053848,4628258,591584,556827,2157917,2074590,775983,1080189,1436243,489173,1487648,427479,0,0,435000,0,4169473,0
80,000421,2018-03-22,0.0,0.0017985611510793476,0.20588909155691631,2795.0,26637.10811004078,729,5785587,4481832,972509,381132,2076847,1516338,1753207,1365495,739041,999967,243983,218900,0,0,0,0,0,0
81,000422,2018-03-22,-0.0030864197530865445,0.0030864197530864335,0.11643595055262172,6440.0,51857.087221832786,776,10191543,7459344,749979,703614,2743832,2372474,1234299,1794385,1953718,1612704,1241601,657992,322644,318175,1393347,0,552123,0
82,000423,2018-03-22,-0.0200642054574639,-0.009951845906902013,1.1892337655946108,37074.0,189936.26338436906,2744,134383843,120407697,666765,1317000,14237287,15691100,17445038,17316817,23600832,20487053,16704061,13406528,13279185,13602183,6807339,3994891,41643336,34592125
83,000425,2018-03-22,-0.0048661800486619056,0.0,0.08060301307941073,12330.0,149238.6865142411,2617,73397112,55041681,1787584,2348549,11405499,10236594,11365195,8589124,12624627,6385405,8868054,5872490,7248670,2165398,5568387,2573223,14529096,16870898
84,000426,2018-03-22,-0.007843137254901933,0.0009803921568629637,0.24300441651679924,10130.0,112250.75393815347,1763,37019459,43132590,755378,2120895,5486421,6272791,5498842,7271331,10221461,7755731,4225237,3589128,2427977,2960409,3257363,3538658,5146780,9623647
85,000428,2018-03-22,0.0158311345646438,0.0158311345646438,0.20875551652438706,5730.0,97826.5664607329,329,2318355,5257917,195171,518050,840958,1092304,466362,399433,454349,602718,0,231492,361515,389000,0,448110,0,1576810
86,000429,2018-03-22,-0.0024937655860348684,-0.0012468827930174342,0.2667195140163884,6364.0,54014.07301913025,904,11636256,8689383,1028146,644676,3566759,3267537,1516485,966033,2534843,961552,2137245,1209568,360594,343140,492184,486109,0,810768
87,000430,2018-03-22,0.03960396039603964,0.006188118811881305,0.3752313674062916,10543.0,49582.93107733319,463,7208923,5084167,319955,686170,1830327,2333872,1664851,1233304,958120,362213,1223641,468608,648829,0,0,0,563200,0
88,000488,2018-03-22,-0.01480637813211838,-0.010820045558086466,0.3579074718745197,31310.5,145117.21829108094,2408,106232880,66354607,1040988,1605672,16314531,9312152,18691974,10297114,19463242,12506825,10286829,8415281,8131185,4233757,5273485,4325059,27030646,15658747
89,000498,2018-03-22,0.0,0.0,0.22922017847155027,3825.0,27295.68747269642,772,7111176,3653970,715717,486166,2760018,1907380,1876432,981065,1160759,279359,261170,0,337080,0,0,0,0,0
90,000501,2018-03-22,0.008849557522123908,0.013274336283185972,0.3741845614745802,9480.0,70955.21783161459,1788,31033309,28917920,2050916,1381596,6845361,5791259,5268755,5654549,7784469,6001218,2510796,2476642,4228546,3751683,867493,1842969,1476973,2018004
91,000502,2018-03-22,0.01739130434782621,0.016304347826086918,0.44639254992496846,10197.0,24350.81840986546,424,3483540,4436712,513485,328846,1854196,2285487,709261,1271689,406598,550690,0,0,0,0,0,0,0,0
92,000503,2018-03-22,-0.003940886699507429,0.001477832512315258,0.8194444876814457,44770.0,249510.9171742462,2457,179996988,122552333,1049736,1005988,19398753,7826633,16222397,12034091,21661013,17795277,22645732,15052083,11326300,9250017,13758172,13568969,73934885,46019275
93,000504,2018-03-22,-0.024834437086092787,-0.021523178807946963,1.1507366092210907,14181.0,48820.15469018119,440,9559658,3786320,602381,200109,2944500,1424565,2106289,793023,1726723,926307,1695587,442316,0,0,484178,0,0,0
94,000505,2018-03-22,0.007444168734491052,0.011166253101736912,0.3251607470985734,12120.0,62201.67241677302,614,9081998,10573387,517472,761724,2741134,2839528,2311409,1550511,999580,1837616,2185567,1483358,326836,0,0,908620,0,1192030
95,000507,2018-03-22,-0.014176663031624903,-0.009814612868047967,0.20445976824496234,15606.0,66196.69684606348,2013,40872145,32333794,1508357,2327464,9545818,10814728,8705769,7800278,8872895,5296290,6139398,1851819,3078642,1108608,863338,421821,2157928,2712786
96,000509,2018-03-22,-0.00959232613908878,-0.004796163069544224,0.08507732040773244,14903.0,161335.07551072864,2416,72165638,60408057,1809739,2082257,10076246,10746886,10786492,9577696,11678894,9073781,6943275,6789102,4946051,5007545,2742082,3476652,23182859,13654138
97,000510,2018-03-22,-0.02315484804630974,-0.00723589001447178,0.2641398913189217,6830.0,36575.16639294494,684,6594945,5296462,663293,879099,1730052,2166378,1691176,1330958,1525667,577527,482652,0,0,342500,0,0,502105,0
98,000513,2018-03-22,-0.005408257485819745,0.0027700831024930483,1.4786133556365568,38340.0,218518.92981034415,2629,135981085,114952346,1831798,1336586,12788753,12049760,16970665,16115681,26962433,22278935,13806017,13665140,13938160,7338333,7806341,9555779,41876918,32612132
99,000514,2018-03-22,0.010510510510510551,0.007507507507507505,0.1977276888385037,13440.0,65804.17776281644,1135,21247285,16934318,1128631,868655,5405934,4947341,4812343,3487769,4392549,2291265,4242206,1460728,0,1333304,440076,0,825546,2545256
100,000517,2018-03-22,-0.009685230024213065,-0.004842615012106477,0.08544255066747407,12709.0,110991.34538255504,2349,59232250,38633500,1883919,2254008,10740389,10004481,11374317,5963142,10669929,7915414,5079274,3949619,3498749,3161125,2136076,423300,13849597,4962411
101,000518,2018-03-22,-0.010937500000000044,-0.006249999999999978,0.22320326470132187,7608.0,49473.673622843686,822,11453131,5944476,819864,877026,4258178,2041009,1644010,1016021,1446345,434827,502918,257985,2781816,761348,0,0,0,556260
102,000519,2018-03-22,-0.0021905805038336945,0.008762322015334112,0.1741553102773972,34542.0,150290.4479631569,2753,120478003,99713112,1497120,1314007,13519444,13392081,16347979,15230390,26989528,23674172,16215471,12370003,13137685,6074465,6189495,6073840,26581281,21584154
103,000520,2018-03-22,-0.005665722379603388,0.0,0.11605274356527151,7040.0,53446.80000597535,927,12726973,8619552,879560,802280,3808113,3119683,2281470,1108626,3031156,2049654,1027689,1186554,679905,352755,0,0,1019080,0
104,000521,2018-03-22,0.009153318077803174,0.006864988558352492,0.17519797987202687,5208.0,56088.141768783506,622,8205895,6570399,831186,434112,2340529,1888898,1374035,789197,2142722,835637,686276,567188,346400,700134,484747,1355233,0,0
105,000523,2018-03-22,0.011673151750972721,0.016861219195849486,0.29781006743632604,11662.5,49800.900828386315,670,9511685,10485801,775452,609872,2998838,2605843,2431340,3308360,1657232,1604017,468074,2054313,727971,303396,452778,0,0,0
106,000524,2018-03-22,-0.01934235976789156,-0.012572533849129486,0.3460578913268081,3105.0,21958.814979962004,893,6299249,3394551,1135747,676783,2338018,1769454,1216277,581821,1126612,366493,482595,0,0,0,0,0,0,0
107,000525,2018-03-22,-0.007943512797881747,0.0,0.6275622511883898,22520.0,138187.76640721114,1304,48782755,29481343,770893,875946,7424510,7537930,5165348,4470976,7318157,6809512,5351485,2664773,2126978,1086502,5972955,1396979,14652429,4638725
108,000528,2018-03-22,0.013333333333333197,0.013333333333333197,0.19461953639705892,18120.0,109298.84030562508,2141,55827447,54535320,1828047,1879395,9525813,10399088,10458439,9407684,13015129,6853124,5632151,8663805,2513819,3437787,2740368,1350131,10113681,12544306
109,000529,2018-03-22,0.018662519440124425,0.013996889580093264,0.23884770783627893,8988.0,58689.34878052401,725,11404935,9956984,764577,557633,2612537,2205444,3016823,3142750,3400668,2151119,860219,256640,320000,667865,430111,0,0,975533
110,000530,2018-03-22,0.001831501831501825,0.01098901098901095,0.12200056518337063,17952.0,112298.14910550609,2009,55853281,50619974,1369661,1463886,8779865,8880439,9813499,8971562,12311522,9396857,6019581,5911091,3755498,4299862,3882701,1690069,9920954,10006208
111,000531,2018-03-22,-0.012499999999999956,-0.00694444444444442,0.3233737001425492,3585.0,33017.63685062859,495,3337974,2747773,301520,736772,1064995,1188812,783949,218077,459782,135324,727728,0,0,0,0,468788,0,0
112,000532,2018-03-22,-0.039379474940334114,-0.0065632458233891855,0.28657511374302275,84149.0,506352.80991413834,3437,334212751,328952210,636621,681620,11569098,13235114,23253158,21476629,40703131,46886468,36861302,31725800,35766246,30507667,21788883,17295290,163634312,167143622
113,000536,2018-03-22,-0.016470588235294237,-0.016470588235294237,0.12740856102519174,14665.0,92730.56123162023,1115,32522276,15079321,801825,1123190,7322819,3785220,6443595,2355903,5416012,2348438,4464590,2582513,1050309,2049559,400444,834498,6622682,0
114,000537,2018-03-22,-0.02079999999999993,-0.01200000000000001,0.304239521414514,12345.0,155152.01359937622,1690,46327075,35067296,1320054,1514528,7958443,6456361,4914311,4737617,8014529,5027701,3130375,2200354,3099378,4300870,881588,2750614,17008397,8079251
115,000538,2018-03-22,0.0008901196716448734,0.0018791415290277946,2.2876346845765108,30000.0,314922.4456010846,1954,86652170,110019392,330876,449864,8979032,11054834,10928579,8053056,16094386,10258425,7624538,5027032,5369659,5866319,5440573,5369960,31884527,63939902
116,000539,2018-03-22,0.0021459227467810482,0.0042918454935620964,0.26869680558825654,8584.0,60797.246203199735,300,4050322,4069960,213768,348466,873436,1180932,763257,876667,1273861,777099,0,0,0,0,926000,886796,0,0
117,000541,2018-03-22,-0.00575373993095496,-0.0023014959723820505,0.20699952244637196,5642.5,61718.26921627025,1764,17207711,15979198,1730545,2624625,5898338,4014371,3010784,1559165,2420057,2276123,254748,1269760,697710,355926,829259,1314578,2366270,2564650
118,000543,2018-03-22,-0.009980039920159611,-0.003992015968063756,0.14045998435878615,15360.5,121550.6107609749,1274,36278122,35458362,1038057,1266787,4317586,6248607,5327594,4607594,6846882,5153799,3934879,6410600,4263405,2768065,4963177,1345041,5586542,7657869
119,000544,2018-03-22,0.0029006526468455807,0.00435097897026826,0.6560334464550837,13770.0,30982.020695348747,441,5657830,3615090,463592,391724,2568560,1723305,1614980,817531,1010698,295312,0,0,0,387218,0,0,0,0
120,000545,2018-03-22,0.006696428571428381,0.006696428571428381,0.17580875992045214,9856.0,54704.840869903834,649,10530953,7822100,681696,790171,2710852,3206179,1215733,1914961,2753678,870145,930033,203683,1271729,391104,403200,445857,564032,0
121,000546,2018-03-22,0.0038461538461538325,0.012820512820512997,0.42749669117512373,6376.0,74129.18502344008,1334,20754614,23106123,958695,1294468,3424222,5100978,4222346,4587606,4789383,5106590,994070,2463915,1671254,1989086,1326715,858445,3367929,1705035
122,000548,2018-03-22,0.03453689167974883,0.012558869701726927,0.23082785948191226,9964.0,84470.20581672792,762,12135655,11776954,632498,639350,3087926,3183622,2184203,2153854,2597211,2555677,484480,511600,627538,319000,0,416081,2521799,1997770
123,000550,2018-03-22,0.01498708010335914,0.014470284237726005,0.4846174278573647,23214.0,116897.82450200806,1594,45470304,56007263,981884,1399249,6796939,8499780,7217743,9282213,9311557,11610464,5409246,7525912,7638787,3663141,1700959,3070054,6413189,10956450
124,000551,2018-03-22,0.024725274725274637,0.027472527472527597,0.2123576416497668,3690.0,63851.27881408009,1176,8162901,16566711,725659,1592005,2069614,3937782,685894,2758737,2095631,3228921,1283282,1523344,0,731958,0,469464,1302821,2324500
125,000552,2018-03-22,0.008474576271186418,0.008474576271186418,0.10449048301439513,3560.0,57930.567231505906,1152,11034080,11358743,560397,998042,4320780,4930195,1700227,2103351,1228814,1595410,525045,257744,0,712873,922752,0,1776065,761128
126,000553,2018-03-22,-0.002760524499655026,0.002760524499654915,0.38723534681964483,8628.0,41392.60694732746,1400,17479779,14603538,1310421,1561855,5855727,5236672,3304067,3950709,3071958,2570347,1887564,961516,1622026,322439,428016,0,0,0
127,000554,2018-03-22,-0.02103960396039606,-0.03712871287128716,0.17064477828316565,29193.0,245474.25440372858,2251,114454136,97530242,1106879,1618753,7837790,11033291,12558837,10382142,17216175,19250541,11784922,12888257,9599293,8635058,7854817,5167509,46495423,28554691
128,000555,2018-03-22,0.07935483870967741,0.07935483870967741,0.31232346052252846,122969.0,1285686.9850603004,2477,411469611,475505607,1076554,167893,8730774,4156805,11747600,12005838,27477384,26466194,24838722,27623501,30556832,22139785,19657570,19945698,287384175,362999893
129,000557,2018-03-22,0.021367521367521514,0.023504273504273643,0.11795833943925428,13184.5,80715.08943573544,1578,25535110,36159050,1152629,1745308,5487373,7665724,5802014,6317340,6642710,7473506,2655664,4692273,2452444,2574578,1342276,889586,0,4800735
130,000558,2018-03-22,0.008869179600886845,0.006651884700665134,0.13272291393169666,12429.5,69684.84789001288,1156,21745675,19861783,1104285,1020434,6018854,4390553,4603377,4001776,4362479,3768013,2873760,3071537,1450766,1019096,1332154,902642,0,1687732
131,000559,2018-03-22,-0.01145475372279492,-0.001145475372279492,0.22576958729155197,7857.0,43612.80559243834,1496,17853338,13520457,1647707,1555240,5358261,3734910,4685599,2500656,3037290,3240086,2382726,1163130,741755,675435,0,0,0,651000
132,000560,2018-03-22,-0.002450980392156854,0.0,0.25501724176817575,8210.0,44003.87813718117,1025,10118944,11963773,543446,1364245,2898508,5076867,1975490,1797611,1832573,2438912,1256057,956138,617939,330000,455328,0,539603,0
133,000561,2018-03-22,0.006784260515603879,0.008141112618724522,0.2628495848819392,7380.0,40737.865439174966,786,7759787,8432026,846932,931855,2290456,2821710,1633423,1558617,1635947,2018444,701949,798820,651080,302580,0,0,0,0
134,000563,2018-03-22,-0.0048661800486619056,-0.0024330900243311193,0.10747166708158892,6187.5,68575.71132698546,1466,24552258,10610088,2813604,716757,5601349,3204031,3121332,2401744,3107979,1894926,2659547,476688,1061026,0,2985668,0,3201753,1915942
135,000565,2018-03-22,0.028875379939209633,0.024316109422492405,0.22914527942274168,13420.0,68438.6761339947,825,11717844,15991682,719314,688617,3772100,3517054,2432331,3253452,2089439,2888299,1201521,1887767,377699,1408500,434560,412720,690880,1935273
136,000567,2018-03-22,-0.0012185215272136896,0.006498781478472715,0.9719727965751577,14886.0,46985.49454539606,641,11121253,8142425,503589,639942,3549133,3289304,2913868,1481452,2157070,1479356,936820,1252371,1060773,0,0,0,0,0
137,000568,2018-03-22,-0.03877790834312578,-0.03139164008729223,1.117832972869402,46240.0,258480.73070933967,2841,214659418,133035714,1106711,972912,11179853,12463838,18622029,14997686,29559444,25102678,21270585,18043485,18381070,13282304,12670710,10361426,101869016,37811385
138,000570,2018-03-22,0.03868471953578334,0.01740812379110257,0.27619532278177816,5215.0,38246.1082329923,350,2244261,3757287,250690,328768,982901,1368770,373276,639638,637394,413120,0,0,0,1006991,0,0,0,0
139,000571,2018-03-22,-0.012448132780083054,-0.0020746887966806016,0.1656014512031067,4800.0,36624.271993762464,848,7116932,5297082,884024,614446,4189930,2326838,935560,772883,775904,225040,0,285246,331514,306878,0,0,0,765751
140,000572,2018-03-22,0.0,0.0,0.12323707137318875,7657.0,68154.65193934445,1082,18067841,12392596,1298486,835987,4909445,2936890,2979828,1609968,2965071,1916444,2931760,983104,0,1401149,2179252,1293094,803999,1415960
141,000573,2018-03-22,-0.002024291497975894,-0.002024291497975894,0.22558372012128236,4940.0,53197.44170142592,479,5507497,3175147,648666,579875,2130751,997605,933549,404309,350309,764826,247000,0,315222,0,0,428532,882000,0
142,000576,2018-03-22,-0.0014423076923077982,0.0009615384615384581,0.9599852816888929,15620.0,141520.43561587977,470,8762728,26047374,287136,452796,1365791,1851053,389580,2131973,949998,3532646,641884,4328402,1995979,2966341,2510160,5488543,622200,5295620
143,000581,2018-03-22,0.007702182284980763,0.0068463842533161845,0.5244319522165461,14106.0,138164.3800271842,1988,55998736,36200785,2283272,1928733,9309063,7388295,10834884,6936670,8555878,7820342,5805600,2774564,2750618,1749440,2206315,864340,14253106,6738401
144,000582,2018-03-22,-0.0045045045045045695,-0.0011261261261262812,0.36361692491517905,11511.5,42796.34369279202,596,7031377,7280233,596510,563443,2653802,3215373,1439507,1241027,1798867,1579629,0,231311,0,0,0,449450,542691,0
145,000584,2018-03-22,-0.010387811634349098,-0.01454293628808856,0.45671061843731836,24429.0,66038.92757179779,999,25703160,17034515,650489,378637,9562569,2979167,6028687,3535042,4349944,5748942,2078023,1804153,353152,1631656,1389396,956918,1290900,0
146,000585,2018-03-22,0.02318840579710124,0.03188405797101446,0.10455239303278527,7476.0,62949.46374285934,1093,11076350,15930645,986640,1090386,3797635,4485217,1770302,2385435,1987201,3867071,986557,979522,0,354858,498015,407370,1050000,2360786
147,000586,2018-03-22,0.01380670611439827,0.01643655489809337,0.7198095468579961,16885.0,84477.3164692867,446,6457870,13106118,230860,395479,1818174,2170842,718160,2665878,1268998,1883116,2120322,950476,301356,2647927,0,923700,0,1468700
148,000587,2018-03-22,0.004335260115607031,0.0014450867052022698,0.2664194012970739,10380.0,122901.54780845372,674,15218328,17270111,636490,613908,2585142,2306369,3280491,1535867,2458170,2037052,1730673,2596734,672750,699794,945286,891242,2909326,6589145
149,000589,2018-03-22,0.00932400932400923,0.004662004662004504,0.25552675955558174,12870.0,53087.950722965455,281,4516882,4468355,280560,180303,1406672,1301083,798813,1158968,957885,586660,747914,894048,325038,347293,0,0,0,0
150,000590,2018-03-22,0.0181818181818183,0.027272727272727337,0.6444870353291727,8641.5,42707.297519066844,352,3151446,4091364,322917,279038,1409633,1271375,585894,1047476,567428,237008,265574,476325,0,368742,0,411400,0,0
151,000591,2018-03-22,-0.006109979633401319,0.0020366598778003286,0.12057764493904385,3928.0,42854.641861029944,1661,12887972,13454908,997772,2756655,3238358,4626979,1912789,1877745,2841157,2153906,1209968,1152089,1113687,398535,888174,488999,686067,0
152,000592,2018-03-22,-0.01969365426695835,-0.006564551422319487,0.1313618491810872,9900.0,95711.0696234719,1212,22876236,21551584,1379523,787964,5801930,4271769,4045384,3637942,4179811,4380410,2482015,2132735,1044623,1366875,449000,919815,3493950,4054074
153,000595,2018-03-22,0.013729977116704761,0.0022883295194506825,0.19772418125849003,8720.0,166912.79479402464,488,8556484,6984071,401386,593236,1739368,2141319,1062713,890100,104640,1640590,0,1322826,314106,396000,0,0,4934271,0
154,000596,2018-03-22,-0.028732849071832156,-0.021791767554479424,1.6343681891765125,18021.0,89904.0713162396,1437,30148826,26799041,1071024,1335934,5991115,10012816,6027584,3651384,7226416,4270354,1770512,2149148,2858245,1080834,408000,1344454,4795930,2954117
155,000597,2018-03-22,-0.001982160555004886,0.0049554013875123815,0.29016802245624884,4020.0,45445.86069897217,1209,10742853,8313444,688651,1705602,3129823,2392857,2519005,1477980,1741060,1105431,902724,643042,0,376092,402800,0,1358790,612440
156,000598,2018-03-22,-0.001996007984031878,0.001996007984031989,0.14293130952956506,9980.0,121967.5940198298,1230,25691437,18699490,1392923,1378303,6810186,3177401,4340007,2101164,4741800,2645853,1689820,1259795,2467660,1032441,1981062,1375571,2267979,5728962
157,000599,2018-03-22,-0.0032679738562092497,0.0032679738562091387,0.30120589398954484,8859.0,41313.17742902542,412,6936265,2748335,477691,425453,1652776,1454235,1314573,718587,2164342,150060,1020883,0,306000,0,0,0,0,0
158,000600,2018-03-22,-0.0028011204481792618,0.0014005602240896309,0.18094546852433058,14260.0,109576.5948347773,1558,31970468,36801444,1388863,1222565,8093492,5926460,7053170,5937906,5924440,6591031,3593055,3778162,3087695,2503987,904026,403137,1925727,10438196
159,000601,2018-03-22,0.011379800853485111,0.009957325746799306,0.33909895060908435,7080.0,64691.14001016679,429,6382809,4962541,317014,461216,1212963,1731438,934802,999310,785925,1249807,936983,520770,0,0,443750,0,1751372,0
160,000603,2018-03-22,-0.019753086419753152,-0.011522633744855959,0.4501305793366976,13277.0,63948.25038469522,728,13529364,11920286,453113,650695,3427870,3747273,2702472,2257540,2774718,2535791,2681339,921046,384879,669761,0,472360,1104973,665820
161,000605,2018-03-22,0.0023696682464455776,0.0082938388625593,0.48386146361183585,13496.0,49228.00074563621,1217,19495942,14277972,950410,975106,6096139,5383025,5341268,3928720,3680231,1705970,1040826,680661,1370932,1023474,0,0,1016136,581016
162,000607,2018-03-22,-0.009124087591241059,0.0,0.18488594317435567,2765.0,34634.470299005065,880,5330812,5075140,800593,1007535,1659850,1983635,843864,960093,562503,900061,780252,223816,0,0,0,0,683750,0
163,000608,2018-03-22,0.02571860816944027,0.02571860816944027,0.24270945876202712,11934.0,107869.76394727977,742,12961242,16706916,862797,492440,2936173,3420658,1230890,2534432,585274,2043967,757688,473322,1373566,1014000,434265,464232,4780589,6263865
164,000609,2018-03-22,0.005330490405117239,0.0031982942430703876,0.44279713588899694,9877.5,26138.01667184464,448,5644190,3060054,532796,353291,2342620,1949353,1759348,757410,794194,0,215232,0,0,0,0,0,0,0
165,000610,2018-03-22,-0.012206572769953072,-0.005633802816901401,0.37636690516094135,10500.0,48935.93146187238,801,11683248,7680558,765287,748770,3734758,2803743,2524943,1319518,1150496,1613322,1211023,833492,1666741,361713,0,0,630000,0
166,000611,2018-03-22,-0.0040000000000000036,-0.022666666666666613,0.3553234351868459,7350.0,36821.344587499494,445,6205825,3450581,555128,228282,1410962,1850423,1893271,835712,1580703,536164,453903,0,311858,0,0,0,0,0
167,000612,2018-03-22,-0.006640106241699861,0.009296148738379806,0.17797850699676532,4494.0,48533.28850414436,1798,16559136,10041976,1989269,2059906,4614864,3851055,2009987,1869846,853523,1294021,1464631,281200,1300957,0,1811167,0,2514738,685948
168,000613,2018-03-22,0.007470651013874008,0.01067235859124871,0.1999582247180705,18940.0,120967.63739757161,2203,54426613,51074144,1776263,1594432,11471406,10446221,9324416,10051959,13816151,9585039,8823349,6091378,4009156,3706021,2740227,1366019,2465645,8233075
169,000615,2018-03-22,-0.007692307692307776,-0.001098901098901095,0.22993654944375766,16362.0,79389.27887714784,1567,35848844,26861974,1450854,1556355,7817539,6377880,9454784,6702274,6796741,5028573,3193605,3417970,1659008,1643374,975728,860410,4500585,1275138
170,000617,2018-03-22,0.007719298245614015,0.010526315789473717,0.46828540372947863,14325.0,67361.32368617454,926,14564101,16415610,839655,742389,4364595,3628872,4159572,2674093,3002467,2804791,1771914,2036280,0,1835014,425898,456041,0,2238130
171,000619,2018-03-22,0.024930747922437657,0.02216066481994461,0.2587336699231376,13194.0,75712.47260067769,779,9504694,19287635,712593,411618,2432756,3595479,2072194,5605974,2833975,3649790,723580,1583486,729596,1381043,0,0,0,3060245
172,000620,2018-03-22,0.011475409836065653,0.006557377049180246,0.27454380462036176,12120.0,67485.58405757447,493,6075671,9749348,447820,468209,2152970,2208188,1251936,1344957,1421186,1876282,450434,1085652,351325,923970,0,495917,0,1346173
173,000622,2018-03-22,0.013544018058690765,0.018058690744920947,0.2274606416705211,8840.0,78929.54861546276,379,3393455,5109537,446682,343375,1515728,1910730,383790,484418,257189,481880,790066,490471,0,0,0,0,0,1398663
174,000623,2018-03-22,-0.008616562948779327,-0.002872187649593183,0.4872351177495659,25140.0,124113.09752315203,1838,66806692,48986163,718691,1052215,10012736,9714942,8529438,8746082,16204808,12638424,10603814,5029924,3734974,1642025,2667826,4389066,14334405,5773485
175,000625,2018-03-22,-0.005037783375314908,-0.0008396305625524292,0.2713365339231788,15522.0,167560.4949799555,1927,57384903,42928900,1311017,1277176,8497126,10610519,9008989,7536639,8297651,8376893,4054199,3499426,4941622,3851178,3558429,462078,17715870,7314991
176,000626,2018-03-22,-0.017147310989867548,-0.02260327357755265,0.38447548800252696,17640.0,90721.27926661387,1114,30513113,22011836,653530,863650,5628374,4708160,5795828,4610231,5573781,3661168,5342752,4128898,2740831,1022116,1235872,1327699,3542145,1689914
177,000627,2018-03-22,-0.01734820322180919,-0.013630731102850069,0.1849854066991389,7980.0,91081.26014616991,1905,42539429,23389109,2352456,1651724,7713160,5194518,5929624,3817980,7295851,3071909,5063344,3356057,3875115,2761302,2633754,3535619,7676125,0
178,000628,2018-03-22,0.013888888888889062,0.019230769230769162,0.215698995168327,19248.0,82284.03432829164,1888,45158920,37978387,1347749,1537381,9940489,9859948,8709321,7893342,10676407,8892180,6597425,3839588,3088562,1711603,1306769,455868,3492198,3788477
179,000630,2018-03-22,-0.0037037037037037646,0.0,0.06247728458415221,4860.0,113040.33098769086,1887,32818462,25680264,1684500,1431019,5519064,4696808,4445207,3037099,4194291,2769165,4267223,2113159,2103557,665781,1850451,0,8754169,10967233
180,000631,2018-03-22,-0.004830917874396046,0.0,0.146293478000004,4510.0,40635.109921984964,802,7192128,6282000,955746,517223,2066589,3030477,1222592,1164052,1074576,546574,723416,207413,638350,0,0,816261,510859,0
181,000632,2018-03-22,-0.0016891891891891442,0.0033783783783785104,0.22454841391167676,2360.0,96928.39961105897,696,7640167,12002137,206390,709199,1026465,1362667,1262233,769878,1951323,2009787,2152484,2380082,0,329450,496984,1380600,544288,3060474
182,000633,2018-03-22,-0.008018327605956554,-0.01718213058419249,0.4046235078966123,8580.0,52637.851690385745,465,8850889,3911079,447578,577510,2020088,1177858,1620943,633441,3112179,533710,205540,650264,1019061,338296,425500,0,0,0
183,000635,2018-03-22,-0.020689655172413834,-0.002068965517241339,0.3717292277166924,21937.5,104126.05783215686,1524,44368283,40145380,906957,1027905,6870837,7085315,7486714,7435186,11020731,10671133,4837000,5383469,5057711,3022101,2576442,497616,5611891,5022655
184,000636,2018-03-22,0.005388760585065544,-0.002309468822170868,0.24039581124013257,50349.0,525638.9263369702,2925,239468064,269883352,1545123,886822,12248254,10759600,16073609,15816946,32445243,27604944,18238060,21776690,22390702,19952636,13413618,13050594,123113455,160035120
185,000637,2018-03-22,0.008726003490401313,0.019197207678882888,0.1581116816311179,15700.0,68645.19759665587,1316,21257040,26905425,1030107,972893,5538606,6469621,6230114,6067320,4767576,3824791,1689900,3667128,1376862,2392857,0,0,623875,3510815
186,000638,2018-03-22,-0.015789473684210575,0.00210526315789461,0.2651714539341683,14077.5,55463.58417619207,1284,25335465,14442697,1197700,1454256,6990533,5542838,5662298,3864653,4619704,2184172,3046929,1396778,1380912,0,452200,0,1985189,0
187,000639,2018-03-22,-0.011147540983606596,-0.0052459016393442415,0.3920724663437067,11840.0,92846.15866692501,1513,26630007,26910795,652938,2384531,4874693,8046847,3890762,5711993,5205828,3068135,3727107,1427808,2131971,1300882,1285958,461028,4860750,4509571
188,000650,2018-03-22,0.005917159763313418,0.007889546351084853,0.17694764381312564,7649.0,86497.70974388378,821,12634525,11077523,802220,617915,3204943,2830153,1432667,2222455,2539866,681277,1515461,711015,305400,342056,0,407200,2833968,3265452
189,000651,2018-03-22,-0.03481624758220514,-0.029013539651837505,0.8618089355517664,492058.0,1281131.2637917043,3599,1634559751,1589034294,3554,15210,851031,1172705,5084545,5886713,30717233,33769861,44753270,65368413,50667697,65856912,58140543,69723760,1444341878,1347240720
190,000652,2018-03-22,0.03083700440528636,0.037444933920704804,0.09987505142970929,10729.5,121404.00656702681,2074,31552319,59719686,1480791,1969392,7314319,9686179,5035559,8706405,5595310,9165341,5255922,8601112,1066146,3083960,1773897,2778896,4030375,15728401
191,000655,2018-03-22,0.010830324909747224,0.010830324909747224,0.1830597660301607,8623.0,40288.67457878484,916,11007075,9211237,1093677,721494,3992170,2939185,2761058,2481638,1469437,2309095,430046,759825,741037,0,0,0,519650,0
192,000656,2018-03-22,-0.005671077504725952,-0.013232514177693777,0.14839226145494697,10620.0,423804.5679113476,1273,63196150,31956592,1059982,1028703,4837179,4048793,4743699,3237478,6011224,4171475,3219945,6979121,1373914,1029895,2169820,1373214,39780387,10087913
193,000657,2018-03-22,-0.003549245785270605,0.007985803016858917,0.3803229934684961,5682.5,35133.9542194551,878,7195157,8178466,720459,695558,3138471,2882007,1080429,1748124,1985668,1424748,270130,646487,0,326880,0,454662,0,0
194,000659,2018-03-22,-0.002624671916010568,0.018372703412073532,0.14809188793671613,12589.5,135852.09706002724,662,13566442,23069519,465743,506670,1851590,3365587,2398699,2126028,2983052,4184073,1660286,2921632,379000,382000,1379397,1322201,2448675,8261328
195,000661,2018-03-22,-0.014277085278128765,-0.00982922409532716,4.3886978166141954,36036.0,173231.7622800235,1723,80170625,61440559,0,8600,13021556,7608579,10476369,11526619,14552428,13252320,6358564,5982835,9450695,2895918,6101974,1765880,20209039,18399808
196,000662,2018-03-22,-0.0047244094488188,0.006299212598425141,0.46606467521782263,12655.0,40802.78394704845,742,9539738,9289084,462910,672613,2953282,4134574,2078337,2409506,2305467,1380667,789782,691724,949960,0,0,0,0,0
197,000663,2018-03-22,-0.02384615384615385,-0.023076923076923106,0.27386085328647763,25600.0,119185.92141892474,2255,75292593,63028623,1080604,1664462,10111080,12325278,11167058,12355775,18578344,12596653,11651432,5284949,6488874,2353246,3499360,3534158,12715841,12914102
198,000665,2018-03-22,0.0018691588785046953,0.007476635514018781,0.28244120216659374,20225.5,156664.91341083922,1436,46757236,43432462,837945,909325,5979707,6997305,4476427,6736014,9808319,7584925,5625922,4571973,4614394,2767280,2595801,5769260,12818721,8096380
199,000667,2018-03-22,-0.006644518272425071,-0.0033222591362125353,0.09485319972655973,4800.0,50188.8434546344,1011,10651635,6273970,629317,1481725,4272625,1938519,1246406,1520546,996966,1038580,510000,294600,383318,0,439500,0,2173503,0
200,000668,2018-03-22,0.006163328197226425,0.008474576271186418,0.7574199384310812,6565.0,32227.61196970403,293,1605033,4054963,211694,269488,894311,951475,115650,1289545,383378,1544455,0,0,0,0,0,0,0,0
201,000669,2018-03-22,0.008496176720475646,0.011045029736618694,0.32217766180016416,3564.0,37376.041772111304,1335,11438441,10108788,1620721,1596798,2446216,3724763,3031110,2472160,2948390,1419592,257982,213547,0,681928,461384,0,672638,0
202,000670,2018-03-22,0.01904761904761898,0.01904761904761898,0.11761167904983824,11528.0,100769.29635651718,1999,34190902,42502258,1632591,1549303,8976418,8042280,7615859,6450964,6784107,8443009,3590076,4325470,1733526,2451347,1828240,889195,2030085,10350690
203,000671,2018-03-22,-0.024844720496894568,-0.01739130434782621,0.15760561833547299,23790.0,253308.0103389838,2615,139214774,86850167,1075643,2038760,12026137,13211540,11938194,12177884,17118623,13785291,12804427,9174015,8286423,7523840,10608643,6612513,65356684,22326324
204,000672,2018-03-22,0.0,0.0015600624024960652,0.23467644427905346,44098.0,227766.14748977145,2988,170009373,178263024,1146010,1219513,13055174,14205065,19339568,18555948,31368065,25022505,21080705,19881828,17477631,13534278,10288853,12917565,56253367,72926322
205,000673,2018-03-22,0.019910083493898556,0.0,0.30278097861379566,38925.0,694700.6495108219,2673,52507320,403669202,475783,2420426,2492818,20074750,3210284,23056219,2942392,42613834,2800448,36834660,2649145,24554624,3272073,23881751,34664377,230232938
206,000676,2018-03-22,-0.005833333333333357,0.008333333333333304,0.3379362951351505,12170.0,52694.89343678891,1262,20425269,15329090,853349,1171741,6401481,5746324,4813727,3319877,3496336,3132086,1317455,918357,1990073,631505,434808,409200,1118040,0
207,000677,2018-03-22,0.0,0.0060606060606061,0.14084782813286667,1320.0,25962.643219207992,549,3104433,2879895,324701,509596,1072914,1190780,1021931,465396,684887,381123,0,0,0,333000,0,0,0,0
208,000678,2018-03-22,0.0015337423312884457,0.006134969325153339,0.2999174572837799,9817.5,36652.45656930776,472,6279630,4487889,495046,479697,2142205,1379410,1749626,1383401,1056439,1042986,485354,202395,350960,0,0,0,0,0
209,000679,2018-03-22,0.020217729393467998,0.03732503888024885,0.23190549521608678,6270.5,41847.93754740778,770,7576830,9185974,805436,580618,2401113,2826432,1709244,2099992,2142325,1853722,211673,697710,307039,707260,0,420240,0,0
210,000680,2018-03-22,0.004545454545454408,0.004545454545454408,0.15193120996998563,5244.0,67446.1549523041,839,11812998,11515301,884563,588313,2373613,2801281,2031601,1810632,3243007,1973362,1937932,1452168,695694,0,0,880560,646588,2008985
211,000681,2018-03-22,-0.0058715596330275455,-0.0025688073394495303,0.5651116923945636,35165.0,126156.14353208584,2329,95208480,75028198,1016805,972184,11373452,9816689,20979660,11529249,24866899,17457184,11098060,10113381,7471635,4733482,3508689,3506742,14893280,16899287
212,000682,2018-03-22,0.004494382022471877,0.004494382022471877,0.18019818063813595,4018.5,34212.06644082779,610,3349927,3662853,507017,843838,1639230,1331833,189586,371596,372591,588290,221000,0,0,0,420503,0,0,527296
213,000683,2018-03-22,-0.007168458781361964,-0.0035842293906810374,0.07625929318072205,3587.0,134028.968028548,1348,23133540,9496908,1391309,1115130,3806415,3451653,2282815,1707179,2632122,568980,1750705,1511557,390293,0,825413,0,10054468,1142409
214,000685,2018-03-22,0.009970089730807707,0.010967098703888567,0.24341119637155384,10110.0,69655.53554433603,1700,24875598,25038618,2684545,1281212,7982591,4277592,4966793,3525534,4292446,6712231,1885117,3833413,715619,1839442,0,0,2348487,3569194
215,000686,2018-03-22,0.0,0.004993757802746579,0.2297073518459976,12847.0,109166.18605128943,1216,28307603,29028029,954937,1000208,5131840,4830960,4849004,3882011,4912752,5458412,4404381,3407999,1820543,1768486,1307805,2200312,4926341,6479641
216,000687,2018-03-22,-0.00794438927507446,0.0019860973187686426,0.3183923552788289,11170.5,62057.224445138636,1000,17966201,12051866,554860,928395,4618233,4401633,4095788,2920079,4157500,2104023,2246268,964742,953652,315504,0,417490,1339900,0
217,000688,2018-03-22,0.03995901639344268,0.0286885245901638,0.29543797783435105,35100.0,292613.3291598635,1091,48767929,82989591,590547,906033,2911651,5453640,4217688,7156254,6911653,9822813,8121629,8345970,4872660,7480849,3581515,7403027,17560586,36421005
218,000690,2018-03-22,-0.0024038461538461453,0.0012019230769231282,0.22249366685045055,8310.0,160057.12757557415,1399,24840786,34344961,753355,3095240,3904891,4007976,3087316,4384781,3900531,3327028,1935409,2842613,3686294,1396948,2962508,2114434,4610482,13175941
219,000691,2018-03-22,-0.026533996683250405,-0.016583747927031545,0.33997334980141575,9551.5,41718.44507384787,314,3772163,1966454,282660,295056,1683506,1206271,613165,465127,348148,0,201584,0,0,0,0,0,643100,0
220,000692,2018-03-22,0.00959232613908867,0.016786570743405393,0.18385212360776487,3775.5,26748.29384691102,514,2814323,4438140,245069,549790,1666456,1866269,495412,450500,199386,1571581,208000,0,0,0,0,0,0,0
221,000693,2018-03-22,0.0,0.0,1.3492713771948808,2258.0,50927.25676054404,69,0,968667,0,135471,0,309342,0,0,0,110641,0,0,0,0,0,413213,0,0
222,000695,2018-03-22,0.12964930924548357,0.12964930924548357,0.3065977792800042,11187.0,85529.6415001533,943,13211157,19969025,936934,578883,4212390,3544314,2962378,4240601,2963304,3351522,935794,1725233,699684,1304392,0,1366302,500673,3857778
223,000697,2018-03-22,-0.015069967707211918,-0.00914962325080726,0.5532041033721662,14719.0,80324.33995228191,1128,25036522,17262812,733879,1109214,5372815,4874476,4875940,3937907,4608652,3498643,1711783,1098331,2529052,1841246,887687,902995,4316714,0
224,000698,2018-03-22,0.021818181818181737,0.018181818181818077,0.17638708771160072,11140.0,193922.62193014447,973,18705325,24866498,819741,842167,3056306,3603453,3006321,2769449,4573036,5044399,3618568,3330923,677066,2020229,900127,412048,2054160,6843830
225,000700,2018-03-22,0.0038910505836575737,0.009727626459144156,0.18028325487218588,5200.0,63233.71864635328,813,11412832,8384456,947791,751888,3103105,2015613,2624527,2051506,1580529,1143520,201488,1367689,323935,0,488813,486920,2142644,567320
226,000701,2018-03-22,0.04176334106728552,0.039443155452436374,0.22516868626734846,11609.0,70295.73393660678,1467,18808230,30658409,1666788,1269509,6626100,6415104,4111656,5958612,3422992,5953874,1936108,3589557,1044586,3345074,0,447000,0,3679679
227,000702,2018-03-22,0.02111613876319751,0.016591251885369473,0.23217314412075415,8723.0,40041.96386216861,815,8585308,11271224,1069627,692862,3297826,3319446,1656839,2858931,1997106,2951248,201485,1148593,362425,300144,0,0,0,0
228,000705,2018-03-22,0.013140604467805517,0.005256241787122251,0.2729649905356887,6096.0,31624.83437274268,777,6367888,6860695,1250390,656202,2262158,2333981,1664175,1488112,1191165,914885,0,1162315,0,305200,0,0,0,0
229,000707,2018-03-22,0.0,0.0023529411764704466,0.18667775190500085,7174.0,39686.58503586192,518,5958776,4497460,399201,500591,2237859,1806576,746302,1082059,1556065,673390,666129,0,353220,0,0,434844,0,0
230,000708,2018-03-22,-0.009856630824372714,-0.0044802867383513245,0.4412479377906151,4444.0,44437.092478177176,639,7704878,4928066,739835,450808,2482843,1512600,1205186,1263913,1217382,976381,466467,724364,652775,0,940390,0,0,0
231,000709,2018-03-22,-0.008042895442359144,-0.008042895442359144,0.08609762040441683,10003.5,186181.17232728595,1886,58541059,30287509,1583467,1590907,8993477,5983902,5820968,3291127,9362455,5314237,3117951,2099349,3213571,3234534,3203276,855440,23245894,7918013
232,000710,2018-03-22,-0.015826123654779534,0.000211014982063773,1.355409533979925,18964.0,73032.22476774821,1223,26970716,21826933,1414608,1180475,6955460,5472313,5741949,4403897,5494929,5293096,2600128,1909598,1748998,1007351,1339145,476800,1675499,2083403
233,000711,2018-03-22,0.030936454849498363,0.006688963210702115,0.4256087442883084,12030.0,73554.8914232099,789,15780166,10794642,585750,645706,4084602,3799331,2910751,2824285,2984310,762641,1452319,731196,1065104,0,889150,403403,1808180,1628080
234,000712,2018-03-22,0.0006671114076051143,0.006671114076050699,0.40316665199976315,15120.0,99424.12715371701,1383,36478480,24959970,1039395,1276205,6205785,5520701,6613964,5274715,8666244,6882507,3082604,2803652,3361811,1329602,485875,1354800,7022802,517788
235,000713,2018-03-22,0.015337423312883569,0.0,0.23832741576424712,12312.0,67477.65421350011,748,9002515,14136793,556668,775105,2596645,3972470,2271923,2962210,940552,2211168,1142282,1526688,322500,694656,0,409536,1171945,1584960
236,000715,2018-03-22,0.02298850574712663,0.02758620689655178,0.33353336832387115,2697.0,39753.70626381547,680,4777334,6392932,897916,436544,1544014,1876428,925474,1641937,402718,951552,697693,458235,309519,625549,0,402687,0,0
237,000716,2018-03-22,-0.0019230769230769162,-0.0019230769230769162,0.17289071805828232,7755.0,44800.88512051051,905,13538012,4500013,1356816,530203,5974140,1771010,1715178,839410,1905215,1359390,468657,0,325932,0,402486,0,1389588,0
238,000717,2018-03-22,-0.03008595988538698,-0.022922636103151928,0.13760581365011654,19705.5,221907.61114865195,2578,100380261,62151463,1311241,2260339,10898428,12420214,12734993,10844819,20321705,13338569,12393377,7244300,8266642,4699031,3043478,1267915,31410397,10076276
239,000718,2018-03-22,-0.0023923444976076125,-0.0023923444976076125,0.15274822799313417,6225.0,98387.99175106104,749,13332611,11991480,627014,749863,1867869,2879233,1401917,1537237,2105660,2565427,2363722,1378473,994586,622027,2142024,0,1829819,2259220
240,000719,2018-03-22,0.0,0.0023068050749710522,0.257622452300099,2613.0,26911.734349870785,1133,5942495,5786979,774081,1379869,1904407,2826222,995548,860256,836225,720632,998004,0,0,0,434230,0,0,0
241,000720,2018-03-22,0.0,0.008830022075055233,0.18429084750783095,9080.0,43013.00726836333,604,8222326,5292361,770655,695076,2079617,2035313,1568056,1247938,2380601,1100671,229578,213363,332239,0,861580,0,0,0
242,000721,2018-03-22,0.04296875,0.037109375,0.13217179492260028,10620.0,66251.45725241337,1504,21850041,29126250,1259599,1212104,5444345,6175035,4399723,5865938,3987661,7825517,3087408,5080724,944888,1494844,0,401418,2726417,1070670
243,000722,2018-03-22,0.0360655737704918,0.014207650273224015,0.3156086168797542,11136.0,69346.26630503358,841,13181430,15217266,634762,832669,2847039,3757371,1747861,4492149,2154875,3316871,2983823,1434859,997070,1383347,0,0,1816000,0
244,000723,2018-03-22,0.00907441016333932,-0.010889292196007205,0.12666243495416976,14170.0,105878.13247787778,1896,51522327,35973315,1022255,1797275,8204601,8779483,7026399,6294170,7862283,6911704,7303491,3963568,6320540,2396659,4308651,2104490,9474107,3725966
245,000725,2018-03-22,-0.01388888888888895,-0.01041666666666663,0.09625539346390294,229472.0,1276880.3395545196,3597,1094110222,1158027869,114453,109093,4456205,4090321,15963191,20661351,57055934,67365356,57686709,57502686,49162658,50835160,40928853,52399211,868742219,905064691
246,000726,2018-03-22,0.00748362956033688,0.01122544434050532,0.2983084326826818,5340.0,61443.24597511364,1284,10091419,16388306,511577,1964545,2894475,4243616,1728115,2831427,2349035,2758109,1123175,1447102,1026027,1022157,459015,0,0,2121350
247,000727,2018-03-22,0.004048582995951344,0.0,0.05955359968957037,4940.0,72247.61478068047,1739,22063844,22399759,1674951,1219352,5495623,4338505,3394841,3479034,4234885,5098715,2296855,3983160,1682512,1726108,0,1324768,3284177,1230117
248,000728,2018-03-22,-0.014861995753715607,0.0010615711252652815,0.2193056712164472,19782.0,133545.7552633945,1846,56516943,55897568,1464490,1328103,7492505,9123800,10168481,8767434,11530444,10313057,8508323,5135138,4479464,4145630,4196052,7409991,8677184,9674415
249,000729,2018-03-22,-0.012048192771084265,-0.00669344042838016,0.18157345450092577,10388.0,76128.28963359018,1695,29700032,24860457,1451130,1901374,6545952,7183930,5254752,4644554,6555138,4554252,2896161,2540117,1473098,312280,442800,910769,5081001,2813181
250,000731,2018-03-22,0.0025031289111387967,-0.006257822277847325,0.23233081303086417,17270.0,102029.94734540427,1183,31973344,25978322,1052026,1041147,6700990,5275955,5911863,4918948,5849685,3882236,2518612,1602880,2363633,1466451,853274,1780818,6723261,6009887
251,000732,2018-03-22,0.006864161849710948,0.015173410404624388,0.5123835974735703,54280.0,336284.17453542294,2922,227611652,194872598,834684,907623,12833598,12257010,17697909,17315444,31000740,29441702,23073622,21511480,18987748,16759592,13445287,14156933,109738064,82522814
252,000733,2018-03-22,0.021772939346812015,0.015552099533437058,0.34884808929262345,11718.0,71289.3500082584,1360,25639422,18643688,1406136,1031230,6210663,5112037,5564209,3656363,4674269,3951023,3438127,1683247,1883199,315764,439367,492534,2023452,2401490
253,000735,2018-03-22,0.0022246941045604984,0.008898776418242438,0.17355512740944046,34606.0,275426.9484801961,2690,136578470,169563468,1447874,1601233,11907782,11129595,12528806,16197583,24419764,23351496,21635840,14504305,8909260,13573070,9804466,11960727,45924678,77245459
254,000736,2018-03-22,-0.010602678571428603,-0.01227678571428581,0.743016569296416,17680.0,132168.5498426884,581,16379274,8689863,416481,440943,3523220,2806018,3097113,1667494,1674876,1667859,208962,974372,355368,674278,472590,458899,6630664,0
255,000737,2018-03-22,-0.004901960784313819,-0.009803921568627416,0.21880447819783297,6060.0,37349.52896877421,347,4419507,2007335,345954,326352,1497800,976505,774590,230098,952863,271880,444300,202500,0,0,404000,0,0,0
256,000738,2018-03-22,-0.01615910503418272,0.006215040397762772,0.31405239632214726,34230.0,227243.68803796693,2629,129769407,117541357,1498642,1641975,12907896,10699059,13457147,14362966,27224113,18534929,17718684,13176916,13713147,12411012,8463308,7916737,34786470,38797763
257,000739,2018-03-22,0.0016501650165017256,-0.011551155115511413,0.2160277554688542,11980.0,64877.4790777665,787,14897763,9390044,681399,353099,3708358,2896497,3014007,1923020,2550266,1679639,1270686,735710,1621061,330550,897154,949800,1154832,521729
258,000750,2018-03-22,-0.002207505518763919,0.002207505518763808,0.12475683228023518,4983.0,132867.54100033315,1321,27013550,17073337,1345675,1066211,4371105,3719807,3198694,1568262,2564694,1590704,3602832,3240014,984715,302534,854811,3189259,10091024,2396546
259,000751,2018-03-22,-0.0021186440677966045,0.0,0.1471965078384183,9912.0,132055.5352053728,1029,18024901,23016509,905689,1243266,4015840,4703566,2213687,2588587,2468448,2351304,2551308,2910482,689474,1284121,1411825,2304019,3768630,5631164
260,000752,2018-03-22,0.01524601524601521,0.004158004158004269,0.6911779601894185,11600.0,46123.5429852597,435,5305365,5159896,453479,331046,2230410,2071010,1059639,940531,581438,760332,200855,0,361000,1056977,418544,0,0,0
261,000753,2018-03-22,0.011594202898550732,0.014492753623188248,0.1496859884609333,10674.0,94736.12922664,531,7816258,12955010,462101,345308,2561007,2133543,1075361,1603742,2045560,2688275,965653,1944787,706576,996151,0,0,0,3243204
262,000755,2018-03-22,-0.0092592592592593,-0.0030864197530865445,0.4034955254283648,6470.0,33935.37276420328,257,3665953,1612291,268455,236446,1074528,641295,1025566,522009,856041,212541,441363,0,0,0,0,0,0,0
263,000756,2018-03-22,-0.009531374106433566,-0.003971405877680745,0.3879491248891333,12580.0,75097.16003506735,1053,20174200,14889222,731579,869593,4821925,4241918,4447263,3148733,3301927,3120643,2681992,1643033,1307202,1004782,1381014,860520,1501298,0
264,000758,2018-03-22,0.0016556291390728006,0.008278145695364225,0.17537648696985064,6100.0,69525.42328384133,1187,16948483,15671200,1483120,952641,4462266,3402680,3968529,2726282,3346298,2499321,715809,1489522,1075969,1093362,452960,497556,1443532,3009836
265,000759,2018-03-22,0.09911054637865324,0.09911054637865324,0.17635489819971523,19632.0,143847.38121283668,1995,48177448,63824527,1765580,1496375,10821780,8013260,9180164,8489942,11420220,11169666,2220672,9264209,4044112,3369348,1319600,5699170,7405320,16322557
266,000760,2018-03-22,-0.009803921568627416,-0.0019607843137254832,0.18953678388854167,8585.0,62882.59008286069,724,10540933,7219814,662966,564169,2953413,2419756,2154332,1915441,1118819,888043,722180,466359,0,343746,434805,0,2494418,622300
267,000761,2018-03-22,-0.012345679012345734,-0.012345679012345734,0.1473270973812328,7230.0,138510.24583070647,1089,28977301,13438873,922254,1131570,3580906,3702851,2486263,2070678,3556696,2736172,1175252,1789606,2406220,654370,0,1353626,14849710,0
268,000762,2018-03-22,0.001477104874446189,0.0036927621861153614,0.3379248639684336,13600.0,86215.67381755487,1606,30501104,30556222,1024122,1898948,6872658,6970563,6063692,5948075,5356186,6398642,4564100,3430698,1436447,957260,1315862,1775995,3868037,3176041
269,000767,2018-03-22,0.014285714285714235,0.0035714285714285587,0.12448387564273788,5022.0,51280.291891905865,506,6455685,4148171,451986,403482,1817514,1103093,1231628,818037,1528030,1166922,0,276360,359352,380277,0,0,1067175,0
270,000768,2018-03-22,0.012779552715654896,0.020447284345047834,0.28081638751737686,47160.0,259646.52488067237,3110,196810563,192661134,1509904,741556,16893804,10259442,21208570,13845163,40363628,27413062,21664913,20699007,19470216,19438548,14842970,12957977,60856558,87306379
271,000776,2018-03-22,-0.003026634382566673,-0.000605326876513157,0.3225863958108615,38133.0,213991.50901956134,2623,138510066,150776300,1116998,1798039,9506535,12673729,12765847,15811916,27844898,26090521,18307125,13523050,14035984,12479464,14512275,10262112,40420404,58137469
272,000777,2018-03-22,0.015010721944245908,0.013581129378127166,0.4657241477680202,13930.0,103042.0006149403,902,16769192,20144027,767696,747132,4408905,3874466,3230606,2522387,3587719,3643877,2324108,1336697,1407695,1412597,423458,1269760,619005,5337111
273,000778,2018-03-22,-0.009803921568627416,-0.0019607843137254832,0.11729004298912268,10647.0,155455.24152050962,1895,60446913,30435887,2268522,1116741,8680162,5710411,6086169,4569957,7660404,7033602,4927888,2103997,3364948,2002529,2778724,1771004,24680096,6127646
274,000780,2018-03-22,0.001984126984126977,0.0,0.31383135753266345,10584.0,54515.38080826299,257,4844800,2643613,194395,181686,1350044,1098593,577967,790664,1100733,368650,738419,204020,389322,0,493920,0,0,0
275,000782,2018-03-22,-0.001494768310911887,0.002989536621823552,0.27846717298683726,5360.0,38172.00224709336,577,5814680,4410948,554240,519425,2089064,1766955,1100662,695425,1569304,811374,0,284994,0,332775,0,0,501410,0
276,000783,2018-03-22,-0.004092769440654842,0.0,0.19436355318116738,11040.0,128466.52007468678,1423,36474215,28401856,1069098,1368651,4799777,6192381,5479759,3907195,5138449,4938898,2700913,4734271,4034155,3198293,3533139,844142,9718925,3218025
277,000785,2018-03-22,0.022916666666666696,0.03750000000000009,0.3185556389146509,19360.0,67050.57296416973,908,17056674,21467433,766423,734356,4760562,4147315,3173628,4270503,4372874,6298990,1936670,2907363,653821,2154750,837050,437696,555646,516460
278,000786,2018-03-22,-0.027455529775715415,-0.02281515854601701,0.44795722376501323,77190.0,322228.40490926284,3335,317797682,245756736,509787,670685,10806000,14244961,20841383,23953399,43895899,40344244,34531051,32592949,28891228,20935023,17501689,14333206,160820645,98682269
279,000788,2018-03-22,-0.009210526315789447,-0.001315789473684159,0.2849622472327068,9120.0,54752.47149594411,711,11344279,7804001,710232,1007763,2810424,2601373,2111576,1606994,1491017,1409136,2436280,769415,758000,0,426750,409320,600000,0
280,000789,2018-03-22,0.008460236886632888,0.010998307952622577,0.22047117009872533,42315.0,249051.5646630296,2879,194873169,170770077,1029708,1148936,17053644,11877757,16983615,14997867,26093065,25465129,21960100,19359885,15967089,11351897,14861946,10628697,80924002,75939909
281,000790,2018-03-22,0.0011428571428571122,0.01942857142857135,0.16415932032138483,29634.0,248865.5110773946,2852,117936376,106902979,1775762,1722470,13394674,12720595,16336275,17166330,24415113,21170033,14879504,11578142,9590887,7932537,7640753,7280739,29903408,27332133
282,000791,2018-03-22,0.01571428571428579,0.021428571428571574,0.16681920094524108,14320.0,94636.62899270742,1763,35818314,39478432,1443592,1617554,8252365,7926328,6872177,5925004,10131648,6890931,3322736,3600942,1321008,2017715,1366944,2588067,3107844,8911891
283,000792,2018-03-22,-0.030597014925373145,-0.012686567164179152,0.28326221470991514,28985.0,205087.95742306503,2240,126908039,86987854,1096073,1252495,9095581,10970752,10060185,10218924,20017907,17511535,12458478,10752424,11817069,8422835,10165476,7027363,52197270,20831526
284,000795,2018-03-22,0.016666666666666607,0.023333333333333206,0.12154108057926698,20064.0,100140.57302332805,2443,64463608,59314878,1845221,1744410,11784076,11036894,14891306,13216278,15161483,12035568,7779484,5943249,5547165,4419176,3490852,3142620,3964021,7776683
285,000797,2018-03-22,-0.035751840168243953,-0.012618296529968376,0.3044195628057749,9500.0,73874.60595604242,976,19026597,12303374,901930,818877,4864141,3649284,4094126,2798888,2727801,1752573,1952827,554642,720586,760328,1373100,914862,2392086,1053920
286,000798,2018-03-22,0.021126760563380254,0.007042253521126751,0.34213717271464933,8450.0,44013.322755191926,620,7895380,6756943,506575,675965,2619361,1911532,2052133,1891701,2093909,1441809,274492,237360,348910,0,0,0,0,598576
287,000799,2018-03-22,-0.006711409395973145,-0.000419463087248384,0.5644785024506076,18896.0,90304.01976493784,1784,37029420,40699888,1653612,1202130,8278671,10136330,8048150,7792423,6065477,7589299,4242802,3794855,1278015,2470900,2660023,1869831,4802670,5844120
288,000800,2018-03-22,0.017274472168905985,0.008637236084452882,0.278781773750984,20820.0,160139.77004124926,1397,46898163,46415260,807305,1115293,5508484,6374917,6401521,6555346,8710001,6693365,4176065,4436403,4176558,3590606,2598646,3510059,14519583,14139271
289,000801,2018-03-22,-0.008183306055646544,0.00654664484451728,0.15789677007462818,14688.0,139822.1317984178,1500,40978437,30403279,1150515,1363894,7164521,6354153,6806031,6093861,5958542,5857762,2850118,2228621,3918186,1682922,3192382,498982,9938142,6323084
290,000802,2018-03-22,0.02076124567474058,0.01903114186851207,0.3560524943393939,11785.0,151756.8719097759,1054,12168074,20424785,675785,896286,4566503,5127499,3136640,3990832,2561263,4072271,210780,462097,612853,0,404250,404600,0,5471200
291,000803,2018-03-22,-0.01635514018691575,-0.019626168224298968,1.5072078023686064,16880.0,32881.67887679007,201,3177815,2069397,89751,140428,1003675,699987,1397911,897132,416868,331850,269610,0,0,0,0,0,0,0
292,000806,2018-03-22,0.02110817941952514,0.0316622691292876,0.1419906347949791,29640.0,105194.15451094428,2856,80901668,98570209,1655749,1722729,14482952,14574853,17044234,17415049,21423057,22034738,8650235,14894557,4452092,10491232,4957201,4853504,8236148,12583547
293,000807,2018-03-22,0.006045949214026791,0.010882708585247869,0.15774428503257634,36520.0,252605.4496500536,2753,136888076,167311042,1607292,1415010,14037937,11146616,16839552,14743761,23124425,21270416,14693715,16515486,12233014,15346490,11812293,11154397,42539848,75718866
294,000809,2018-03-22,0.005847953216374213,0.005847953216374213,0.20371887286617485,12312.0,59372.64268280664,281,3954182,5508747,169077,265993,1062559,1459451,594233,1131910,749578,981961,712835,926886,665900,337120,0,405426,0,0
295,000810,2018-03-22,-0.026345933562428425,-0.014891179839633506,0.17369299664311394,19294.0,97893.37125032058,2536,70406299,48716598,1865065,1919902,13406448,12560133,13604186,9993378,16839389,8964419,10275544,5049231,4157266,2725549,1380649,0,8877752,7503986
296,000811,2018-03-22,-0.00952380952380949,0.0013605442176871652,0.336648079219658,12461.0,53679.127002324414,476,6804263,7303863,281767,590738,2009144,2205589,1968231,1703393,1650593,1254122,576978,435461,317550,0,0,446760,0,667800
297,000813,2018-03-22,-0.017793594306049876,-0.011862396204033177,0.2855997259450208,5058.0,49452.97148310984,871,10381739,8122003,299382,1296073,3128024,2697081,2385361,1562545,2331471,1150344,650970,688208,339031,308752,417500,419000,830000,0
298,000815,2018-03-22,-0.01678657074340517,0.003197442046362964,0.488614551982508,12420.0,48563.18256789738,655,8144585,7974418,586339,564586,2855855,2839449,1880881,1996245,1523795,1236006,456984,242880,330675,0,0,466752,510056,628500
299,000816,2018-03-22,-0.005434782608695676,-0.0027173913043478937,0.06878135274144974,16148.0,114233.25755142239,2887,75032499,57470394,2125910,2196672,13804647,12679374,15196567,10861718,16844994,12119375,6419951,6794888,5042415,2039199,4183594,1783270,11414421,8995898
300,000818,2018-03-22,-0.007955449482895727,-0.006364359586316648,0.3337997636842595,7542.0,99832.50177219675,1420,27121838,19262044,1942713,1261694,4793991,5389320,4360303,2447270,4880803,2487521,1836083,1467698,1857765,1128549,0,472500,7450180,4607492
301,000819,2018-03-22,0.08211382113821131,0.08211382113821131,0.2416348181176766,26620.0,489243.2103568885,2601,168524480,136546779,1324151,1609798,11049965,12180209,14022363,14139495,19483446,14439333,11369422,10005028,7391197,4742207,5093807,9415086,98790129,70015623
302,000821,2018-03-22,-0.012800000000000034,-0.007199999999999984,0.2573676352854978,31325.0,217899.62864938815,2372,120108640,96169271,886034,1375648,10392475,11958933,11715016,11267080,19882505,16391608,14241248,11480020,12015160,7600427,7170681,5798539,43805521,30297016
303,000822,2018-03-22,0.0037037037037037646,0.0037037037037037646,0.20276286978077254,14670.0,63359.91957533048,1597,30042189,21390754,1413317,1468572,9753732,6508179,6102606,3596190,6496754,4189781,2219660,1660920,1399949,1347267,898067,420680,1758104,2199165
304,000823,2018-03-22,-0.020771513353115667,-0.010880316518298683,0.21415290857090907,23952.0,125382.5660511819,2232,81320283,54961937,928500,1253002,15711338,9181272,13127968,9909666,14105438,11155274,8687034,6798656,7542303,3364431,6829977,3190937,14387725,10108699
305,000825,2018-03-22,-0.014729950900163824,-0.011456628477905073,0.1158889210808129,23770.5,215376.40106582872,2788,125505363,117333364,1692723,2012183,11165895,15229535,12794991,12577212,13835110,15724965,13388909,12676258,8648096,12269617,8114016,5419603,55865623,41423991
306,000826,2018-03-22,-0.012609457092819576,-0.00945709281961471,0.7404441525505046,20104.0,165551.7816811891,1487,50479248,30785386,940472,1225717,7860957,8132632,6899325,5813990,8117621,6197539,4249748,1750236,1439417,2009641,4992911,907470,15978797,4748161
307,000828,2018-03-22,-0.0009074410163338875,0.003629764065335772,0.4761334882270228,11030.0,54182.69173187456,535,7895037,7935358,284717,548595,2324637,1863686,1824213,2186820,1253670,2189712,1122026,1146545,0,0,443188,0,642586,0
308,000829,2018-03-22,0.0032467532467532756,0.010822510822510845,0.2905007922377155,11256.0,84928.60911904488,1012,19198157,17114692,855037,1126627,4849424,3892909,3385595,2499122,4415924,3142865,2303660,2236022,731291,315692,1807206,1444767,850020,2456688
309,000830,2018-03-22,0.010514018691588856,0.015186915887850372,0.29041965134056463,94116.0,487675.7133616926,3478,376361882,449824279,570683,777886,10865661,14712250,19648655,24548355,39406616,47751592,35904826,41776808,37161494,32264750,26599161,27872682,206204786,260119956
310,000831,2018-03-22,0.009372071227741197,0.009372071227741197,0.2581738409021564,15120.0,122509.25292540554,1709,41274388,43889713,1100612,1497243,6886458,7199619,6329672,7538116,7295757,9901277,3930134,6216354,4310273,2841097,844965,1737349,10576517,6958658
311,000833,2018-03-22,0.012658227848101333,0.015822784810126445,0.21729173570458865,5148.0,39091.67742448754,846,5975986,10055317,861075,1005104,2461490,2807647,1384538,2131759,1051855,1681378,217028,1643131,0,306397,0,479901,0,0
312,000835,2018-03-22,0.02425876010781658,0.020215633423180668,0.3427149448196447,7550.0,26039.9775773759,468,3055422,4408384,486335,566722,1606851,1530180,426132,1202877,536104,1108605,0,0,0,0,0,0,0,0
313,000836,2018-03-22,0.012121212121211977,0.008080808080808133,0.12363676456098074,16745.0,68178.0933367279,1606,30397473,30640446,1156403,1741277,5970616,9955461,4986603,7859666,7853330,5024074,4518519,3184523,1132880,1128440,3165002,499000,1614120,1248005
314,000837,2018-03-22,-0.010526315789473717,0.0035087719298245723,0.21803023433621072,11340.0,50634.404196998905,683,10863228,7996005,689998,707400,2927175,2369602,2331062,1771301,2652813,1591296,1576988,983406,685192,0,0,0,0,573000
315,000838,2018-03-22,-0.005681818181818232,-0.0018939393939395588,0.16037945458688868,10480.0,64532.397939143375,1085,20635813,10750348,1008564,1174063,4284174,4557248,3848811,1914811,3665346,1559084,1336057,631424,1735628,343478,2240663,0,2516570,570240
316,000839,2018-03-22,-0.01879194630872494,-0.0134228187919464,0.14664791128050783,22723.0,137376.3601452452,2585,91147227,66936918,1186958,2316392,13963848,13726994,14506466,10699283,17759897,12661243,8527118,7093336,7095581,3182046,4561102,3153437,23546257,14104187
317,000848,2018-03-22,-0.014909478168264156,-0.009584664536741228,0.255414485200774,6565.5,48242.279206521176,1352,17678825,10261354,1172118,1271812,6408064,3270591,3903766,2199280,2734983,2002481,950444,1170371,0,346819,461991,0,2047459,0
318,000850,2018-03-22,0.00936768149882905,0.016393442622950838,0.15292050806970647,2598.0,43762.287749077484,780,5009387,8514537,462446,974829,1872104,1926852,1091950,1444474,1366321,1691600,216566,1145240,0,348300,0,417744,0,565498
319,000851,2018-03-22,0.010962241169305775,0.019488428745432218,0.21060203025077995,16740.0,88160.47680856547,1521,30126563,41829463,1444430,1148050,6647524,7220349,6592408,6888627,8084701,9633132,4407868,6137372,331248,1778309,2618384,2641479,0,6382145
320,000852,2018-03-22,0.00588235294117645,0.00588235294117645,0.22046592276816943,17040.0,72422.93955059742,1488,27833235,31057162,1186470,1349831,7178624,7399139,6296576,8305724,5507173,6652018,2630086,2107299,2597287,1042660,866660,1398389,1570359,2802102
321,000856,2018-03-22,0.012024048096192397,0.013026052104208263,0.40560907541936986,27958.0,91204.03696472028,2423,65355342,66510277,1446711,1151524,14462499,12298363,15746572,11912060,17231548,15224416,5766947,9869429,4072399,3768855,3049898,2680134,3578768,9605496
322,000858,2018-03-22,-0.02632289416846656,-0.024298056155507508,1.2410875320211432,274132.0,845972.4024183304,3563,937397914,866587710,129383,123027,3440567,3830912,12870223,13633579,45653572,52741986,47548809,63021162,48387012,60659173,53570804,53486532,725797544,619091339
323,000859,2018-03-22,0.023376623376623273,0.02857142857142847,0.11234832426016308,7960.0,87843.79946857983,1178,17235893,23723871,701036,1388961,3741346,4498624,3127121,3649133,3298269,4346000,947888,2142642,1134917,3510205,1353283,853171,2932033,3335135
324,000860,2018-03-22,-0.0025510204081633514,-0.010714285714285787,0.543201053709705,7759.0,60806.88508075601,1302,19611013,14460120,1286064,1210044,4001377,6391185,3164645,2471237,4895241,1530207,1521667,774283,2209844,710949,1840990,0,691185,1372215
325,000861,2018-03-22,0.0066225165562914245,0.0066225165562914245,0.1113227519843425,6040.0,47408.48464759313,737,7435215,7619306,675852,628565,2445054,2504487,1654366,1063170,1509200,1530178,546743,691149,0,607000,0,0,604000,594757
326,000862,2018-03-22,0.02518891687657443,0.0176322418136019,0.18148074343312753,11527.5,50555.215189900206,478,5943197,7678919,433794,396714,2404486,2226941,1069867,1473204,1495921,1564624,200999,1223396,338130,390040,0,404000,0,0
327,000863,2018-03-22,0.008163265306122547,0.014285714285714235,0.16415638532548701,2495.0,32069.63905912747,892,4907217,8029898,705042,1070382,1524631,2458890,1298057,1748405,1068132,2164494,0,244518,311355,343209,0,0,0,0
328,000868,2018-03-22,-0.018387553041018356,0.004243281471004057,0.1445775042824851,18408.0,97902.11681901505,2396,64116655,50531919,1908364,1875390,12692415,10735079,11171377,10364000,14375489,10514271,5685312,5682259,7546664,2256672,1408045,0,9328989,9104248
329,000869,2018-03-22,0.0112540192926045,-0.00562700964630225,1.1881670621432392,7442.0,64841.78551081116,986,16315626,11525599,2094090,401774,4726535,2717710,2336318,2612574,3386912,1184403,1894711,1493043,321900,743796,926142,856909,629018,1515390
330,000875,2018-03-22,0.026785714285714413,0.011904761904761862,0.10120244690377217,11458.0,90121.527714203,1105,22157530,23402123,942222,851887,4518168,4277225,3105458,2988361,5426744,5677216,2979929,2860319,2365766,2394916,903940,401265,1915303,3950934
331,000876,2018-03-22,-0.005319148936170137,0.0013297872340425343,0.19013307832028364,9776.0,101597.22981233634,1565,36108203,21647110,2045686,984252,7724213,3964095,7199741,2868717,6629147,2778402,2450435,1919034,2032074,3446788,884169,889784,7142738,4796038
332,000877,2018-03-22,0.0,0.005479452054794498,0.23805739890161798,22000.0,124147.28186039315,2118,72258234,56142950,1388395,1377908,8754813,9519047,11902055,9338420,15396701,12222339,8243740,7062169,6292732,4532983,2720798,3456700,17559000,8633384
333,000878,2018-03-22,-0.006611570247933907,-0.005785123966942196,0.30932723875891704,19184.0,139576.08744961,1530,44910555,45433733,1063167,1252032,6738129,7386179,6292522,8217425,7028986,6515865,4642504,4631109,4052004,5395241,1311913,1372386,13781330,10663496
334,000880,2018-03-22,-0.013569937369519947,-0.013569937369519947,0.5003280456602542,6548.5,30685.93938672634,366,3774331,2841814,362546,422255,1371864,947220,1113249,1097274,609112,375065,0,0,317560,0,0,0,0,0
335,000881,2018-03-22,-0.015091342335186608,-0.006354249404289081,0.38051944493873224,12430.0,64196.93024256653,1095,19270714,12344638,1237009,848317,5217003,4531510,4591780,2667892,4588536,1852562,1127394,980705,1079732,750564,0,0,1429260,713088
336,000882,2018-03-22,0.05757575757575761,0.06969696969696959,0.06184495591860732,31920.0,427212.1174061868,2878,160660621,224212716,1490363,1606528,12141626,12385414,12227952,14960426,19710177,29536488,14994797,17597141,10463970,14501320,5954040,14325599,83677696,119299800
337,000883,2018-03-22,-0.0022123893805309214,0.0,0.12249548395306718,2700.0,40171.674496870204,1363,16540142,4391000,1619573,386619,8287387,1723060,1668521,812437,885097,764693,1353842,704191,740317,0,936073,0,1049332,0
338,000885,2018-03-22,0.011082138200782188,0.022816166883963485,0.3581715175929255,20449.0,95819.31728073779,1835,41953360,48388381,1278280,1315891,10076870,9151612,8837776,8496136,11177716,9355393,4196697,5385388,1654766,4333994,1332483,3575408,3398772,6774559
339,000886,2018-03-22,-0.013975155279503215,-0.0031055900621118626,0.1493001032992949,27558.5,168823.51661825558,1866,59238386,91195873,822093,1132024,7126869,11845169,6702472,9904915,11905398,11925095,7983156,10908843,8790222,9281583,3148321,5849834,12759855,30348410
340,000887,2018-03-22,-0.03565267395054639,-0.02817711328349637,0.41563601795991517,18865.0,131314.78560114035,1752,62739450,38566475,1222575,1194569,8935489,6753633,8607537,7079208,11157995,7649792,8456548,2733533,4987772,3445160,1395986,873027,17975548,8837553
341,000888,2018-03-22,0.0,0.0,0.2713169885826116,2913.0,39057.2114196785,1283,10720735,4953616,2468550,537821,2195808,1848001,1511783,1433834,1373948,914810,732924,219150,391146,0,877331,0,1169245,0
342,000889,2018-03-22,-0.016176470588235237,-0.019852941176470518,0.44799163646797613,5332.0,37634.43984551878,922,10437769,6390782,1440893,752319,3103154,2013077,2463620,1710330,1894569,1170169,732722,744887,373354,0,429457,0,0,0
343,000890,2018-03-22,0.0,0.0,0.26990184041648846,8217.0,334005.35176327574,765,34814067,0,1737596,0,6167291,0,3007481,0,3457863,0,1437228,0,1103319,0,1272141,0,16631148,0
344,000892,2018-03-22,0.0013089005235602524,0.003926701570680757,0.25404723032979637,3048.0,17172.979184562497,905,2860445,4094212,445052,1550979,1369541,1523169,580421,681792,0,338272,465431,0,0,0,0,0,0,0
345,000893,2018-03-22,-0.003577817531305816,0.005366726296959001,0.16906650204729673,16815.0,73307.27682420112,1094,22139802,23616037,738059,780545,5082804,5041865,5857075,4799142,6895174,6205825,2079133,1955195,648257,304535,0,1712027,839300,2816903
346,000895,2018-03-22,-0.027787802237459358,-0.01623962468422946,0.543012964711924,21952.0,204989.74842899345,2609,124238409,82953359,1183217,1559959,13804381,9552146,11721470,9318636,21699580,22540244,12583502,13920761,8343308,4468499,6051080,4964355,48851871,16628759
347,000897,2018-03-22,0.027692307692307683,0.03384615384615386,0.0897325071162779,6700.0,102163.95854023796,1318,19200636,31233497,1194752,1212323,3809043,4534509,3521541,3710211,3286932,5907922,2306254,2747757,2344402,2641100,985824,861152,1751888,9618523
348,000898,2018-03-22,-0.010869565217391353,-0.007763975155279601,0.14723830130483184,10846.0,135812.81490188016,1916,51649341,44916657,1175502,2082012,7288080,6976708,5559151,6492446,5975145,6771038,5209426,5313779,5562469,4967587,5227107,4448475,15652461,7864612
349,000899,2018-03-22,0.01941747572815533,0.023300970873786353,0.18232588380073522,12040.5,72472.78629696488,798,12536539,15631755,514298,684461,2566226,4370567,2841424,3252760,3043038,3360293,485640,1224817,724935,1310957,958662,0,1402316,1427900
350,000901,2018-03-22,0.019825918762089056,0.02466150870406203,0.49483542144060766,22258.0,151916.03372572616,1747,53256442,66516427,807540,956661,9157760,9251966,7775762,7172718,9412943,10776523,7878079,7225743,4976499,6449253,2974582,4549589,10273277,20133974
351,000902,2018-03-22,0.001996007984031989,0.009980039920159722,0.325069053989296,5532.5,78852.41033096067,950,19197773,7871997,1048890,648200,4004931,1491472,2639709,1027799,3433238,1352851,1744535,1524789,2854323,365332,0,0,3472147,1461554
352,000903,2018-03-22,0.022012578616352085,0.028301886792452713,0.09316758703510498,12236.0,113860.32562301206,1169,19303496,27456179,1116961,927173,5620606,4862681,3741622,2813345,3726334,4422619,1237327,1934128,1135956,1075914,969516,1337805,1755174,10082514
353,000905,2018-03-22,0.004069175991861629,-0.0050864699898270915,0.3217294552864681,9800.0,47957.944396039886,933,13095299,10250850,924263,1526920,3284605,4248123,2984061,2290774,3241406,1000521,1084068,273975,638536,345312,938360,0,0,565225
354,000906,2018-03-22,0.017857142857143016,0.01658163265306123,0.37051145217531994,14112.0,46836.89543232446,447,4410325,8136023,455043,411699,1930611,2409763,883644,2065981,661177,808132,479850,1457568,0,982880,0,0,0,0
355,000908,2018-03-22,-0.003552397868561208,0.001776198934280604,0.187146841999664,3390.0,45194.9978135054,906,8931946,7044256,835461,826510,1911496,2046939,2360225,1489413,1419113,1392829,974183,561680,350280,726885,451200,0,629988,0
356,000909,2018-03-22,-0.010261194029850818,0.005597014925373012,0.2897214574094885,13864.5,78386.21506416018,1370,29669877,19287383,1177371,968272,7147577,5920669,7258803,4092761,4469532,3470554,2325066,2189611,2999397,638820,897086,463220,3395045,1543476
357,000910,2018-03-22,-0.028028933092224317,-0.02667269439421338,0.5498138650477543,13014.0,102020.85950929341,1620,38608923,19616726,921097,847157,13207502,4436422,4225152,2793735,5178697,3749417,2273872,1501834,3316187,0,2238319,814695,7248097,5473466
358,000911,2018-03-22,0.014230271668822736,0.018111254851228997,0.25563509127175,7900.0,81013.03535457638,915,9999836,13618082,1134360,816149,3089488,3920596,2522133,1919071,1703196,1853111,1079129,1832371,0,348880,471530,0,0,2927904
359,000913,2018-03-22,-0.0023571007660576626,0.0005892751915146377,0.8281723335452696,11886.0,52680.794081910695,419,7672691,3792191,296680,443946,2301665,1596088,1761225,851592,1386177,662845,487561,237720,371360,0,406060,0,661963,0
360,000915,2018-03-22,-0.00714853057982523,0.003177124702144596,0.667317453271806,25035.0,101129.37434857394,1424,43184060,35200989,751519,762055,7832648,7067852,8093844,6974247,8625353,7220317,5490005,5220645,3117647,1704868,2617321,913312,6655723,5337693
361,000917,2018-03-22,0.002450980392156854,0.009803921568627416,0.1910208010818327,23114.0,126923.76287717893,1826,57879289,65413367,1396881,1339429,8869704,8061529,8332557,9106642,14070193,12352199,10259117,8879611,5573696,5431401,4373006,3072230,5004135,17170326
362,000918,2018-03-22,0.0014306151645206988,0.0,0.27967872639209046,10447.5,65451.518960044625,624,12077108,7033423,416079,886998,2345021,2797269,1952599,1520070,2321246,916455,2041627,532221,365400,380410,1311720,0,1323416,0
363,000919,2018-03-22,-0.0023809523809523725,-0.0011904761904761862,0.34161322768777175,8420.0,62450.45314231713,604,9982506,5839639,482192,929111,2139877,2631429,2954890,996130,1444694,779569,998519,0,0,0,882034,0,1080300,503400
364,000920,2018-03-22,0.04036908881199541,0.012687427912341231,0.2480784168089948,19558.0,79681.67685791627,1223,28735656,25414280,1233921,1075962,5692159,5595157,7335645,5611631,4701977,6064987,3716149,2316167,2425377,1668784,486750,1680072,3143678,1401520
365,000921,2018-03-22,-0.022154316271963292,-0.012223071046600475,0.3207334677495858,7674.5,67710.58144043802,1666,26727291,14302827,2022973,996720,6864806,5458451,5420268,2134667,6344471,2715562,2013344,493463,702538,336690,0,428904,3358891,1738370
366,000922,2018-03-22,-0.003994673768308865,0.009320905459387463,0.29072740925633495,12903.0,52232.208978484945,667,11625814,8967990,680463,521065,3657765,2749376,2355855,2450969,2320198,2034228,1263790,562134,360135,650218,465488,0,522120,0
367,000923,2018-03-22,-0.003139013452914785,0.0035874439461882623,0.6151411617687709,15568.0,43462.86076039304,1314,17083644,21300367,872913,1313933,5487328,9052651,4343794,3833495,4574640,4037331,1181989,1586324,622980,1059810,0,416823,0,0
368,000925,2018-03-22,0.09991460290350118,0.0777113578138342,0.2872432350805202,13882.0,89446.80213115565,1665,26294139,46633842,761172,1605459,6241651,8456896,5165605,6790563,5481595,8909872,3331376,5610763,1435320,5116465,497467,2639864,3379953,7503960
369,000926,2018-03-22,-0.014340344168260022,-0.006692160611854736,0.3086751857045877,9373.5,187544.68636737636,1148,31748551,13661443,856377,910951,3733858,4361234,3233134,2691960,4878895,2221895,2453136,1327273,1425306,1034322,2246788,0,12921057,1113808
370,000927,2018-03-22,0.031100478468899517,0.009569377990430672,0.14414647588401344,12165.5,123551.61080236244,842,19922369,16387781,629920,784839,3718365,3288117,2782999,2996705,2622756,2799069,3889071,951245,977604,764156,862142,826600,4439512,3977050
371,000928,2018-03-22,0.006734006734006703,0.015151515151515138,0.20231410069022807,11980.0,92113.3765826456,862,17162880,17621643,695925,732548,3201697,3596447,2205608,3022582,3535250,4728150,2525207,1013720,2177658,2040497,1317653,872008,1503882,1615691
372,000929,2018-03-22,0.008888888888888946,0.017777777777777892,0.29340471514005184,8244.0,35669.2707366811,941,9316538,9245416,1206219,768989,3479900,3473136,1854626,3013995,1742030,1020449,239468,968847,305953,0,488342,0,0,0
373,000931,2018-03-22,-0.010370370370370363,-0.002962962962962945,0.21534571746661255,13300.0,66512.22200997654,983,16656587,15075414,786185,1001788,4064155,4408301,3368568,3121787,3642691,3200458,1376968,1176696,1739011,673496,914481,0,764528,1492888
374,000932,2018-03-22,-0.018679950186799466,-0.00996264009962633,0.14756260138644162,31760.0,238192.44687396858,2967,150297378,131138480,1610932,1687720,13131518,14088096,15619954,17278206,27072219,22365658,17032985,15286306,14988852,13396869,11506229,6725255,49334689,40310370
375,000933,2018-03-22,-0.00492004920049216,0.002460024600245969,0.15070379172794846,43902.0,173580.50427407253,2916,143941665,139017015,1215444,1660465,12149196,13818499,21749415,20560718,32369373,28725177,15812821,18037512,10414418,10328217,10050392,11132611,40180606,34753816
376,000935,2018-03-22,0.09533572526909273,0.09533572526909273,0.33604062302718285,100175.0,1008843.7120726587,3378,475669743,419067654,602958,525637,10399336,11301926,19035469,23984866,45784416,47982749,41288367,42400582,30882732,27108433,25314685,17095240,302361780,248668221
377,000936,2018-03-22,0.009296148738379806,0.01195219123505975,0.14607545397360164,26044.0,140522.7914340646,2663,81543797,90370633,1776507,1832312,13773172,11987953,15265891,14770315,19580945,19639558,10977800,11025643,7024723,6739378,4482760,3494330,8661999,20881144
378,000937,2018-03-22,-0.007339449541284404,-0.005504587155963359,0.15283013147628113,8145.0,136557.8607292738,1273,22725309,13031986,1137759,1101518,5586197,3705041,4335938,2709538,2453217,2216755,732502,728498,1143505,1302095,865248,0,6470943,1268541
379,000938,2018-03-22,-0.009320905459387574,0.011836070424618983,1.376102641743947,41046.0,198445.1602515931,2414,117902563,115779408,1074205,996898,12609593,11803585,15314583,16486112,21900915,21310208,12058338,13133937,14879667,6885192,9353474,3482622,30711788,41680854
380,000948,2018-03-22,0.02100456621004576,0.0036529680365298134,0.27783780217078424,12972.0,61040.2123674922,1555,26645849,26172710,1526951,1161113,8258861,5626540,5198178,5594002,6653217,6836235,1789203,3043434,1045691,1726402,909358,1467784,1264390,717200
381,000949,2018-03-22,-0.010000000000000009,-0.012499999999999956,0.19692804520009932,7900.0,56854.474635217055,412,6061553,5202791,265802,494015,1155297,1753030,838613,1025093,1990887,1457323,694454,473330,0,0,433501,0,682999,0
382,000951,2018-03-22,-0.024516129032258083,-0.01935483870967747,0.3402683133699513,18420.0,39240.04245770324,2079,48348044,24731953,982519,1732129,8334496,7739757,31052532,9718542,6469238,4121085,786330,1420440,722929,0,0,0,0,0
383,000952,2018-03-22,-0.004982206405694023,0.000711743772241924,0.4256132530735138,4225.5,55838.39585692954,1090,12416515,11291455,554529,1728288,2499636,3051937,2917516,1832071,2561798,1468118,1983027,1480218,314483,0,909240,0,676286,1730823
384,000953,2018-03-22,0.03221957040572776,0.01193317422434359,0.2677544985060396,12787.0,73915.233360069,980,15295316,17671234,991434,990780,4764776,4619345,2885502,3401459,2455135,2517246,1281074,1865096,304512,1446447,443831,854775,2169052,1976086
385,000955,2018-03-22,-0.004573170731707266,-0.0030487804878047697,0.2769195147096735,5256.0,77823.91925517478,561,6801540,6400730,334732,994307,1829100,1394046,1422256,995750,666863,470271,534521,214840,302900,327000,0,0,1711168,2004516
386,000957,2018-03-22,-0.015414258188824692,0.0,0.24414496935047827,18612.0,82722.08025861884,1809,47859432,29729538,1083232,1311562,9896184,8883580,9816584,6355319,9081493,5118868,5261587,3542904,4755931,359632,4050138,867180,3914283,3290493
387,000958,2018-03-22,-0.004255319148936287,-0.004255319148936287,0.1424825399813822,9420.0,53628.85265064609,1089,16734604,13187281,1154081,1266984,5455191,3854569,2947511,2112927,3302134,3814347,2235093,931023,384753,743432,0,463999,1255841,0
388,000959,2018-03-22,0.0019047619047618536,0.005714285714285783,0.13851905203898046,4743.0,43431.061652051365,1440,12778217,10219341,1640208,1198007,4371592,3877480,2616907,1265268,1228284,1973141,906543,225750,692659,713887,0,965808,1322024,0
389,000960,2018-03-22,0.0,0.0042046250875964475,0.3064642617435416,31416.0,183777.9919810774,2169,97710115,97365974,988412,1275233,10303039,10041655,11225464,11815985,18154951,15839529,11961059,10784944,7143266,8655212,7389551,7339257,30544373,31614159
390,000961,2018-03-22,-0.024216524216524205,-0.00712250712250706,0.1842528580409729,14721.0,235297.61058766654,1453,71157356,28098284,1135445,1300306,8161430,4524645,5270640,3356437,8631664,4839368,8042615,2709952,4978581,2604274,1831764,406351,33105217,8356951
391,000963,2018-03-22,-0.0033877425315675946,0.004465660609793698,1.3894125286360492,39021.0,193138.67622655522,2186,116200204,111524232,1054986,962633,8844440,9814764,12136735,14237697,18082072,19607945,16692625,13703237,14297386,14097760,8842645,7553507,36249315,31546689
392,000965,2018-03-22,0.014440433212996373,0.014440433212996373,0.16231523914802534,11300.0,61141.5653396848,1166,15198876,23460129,1005980,861739,4131645,5495262,3696400,4463137,4316519,5412404,1434073,3444335,614259,1302311,0,0,0,2480941
393,000966,2018-03-22,0.04285714285714293,0.04857142857142849,0.09792874500632684,18052.0,190521.03984976554,1284,32799578,47581370,798283,992542,5221685,5934457,4531742,5786220,5665076,9274870,3997508,5866142,2460142,3482826,1800837,2386775,8324305,13857538
394,000967,2018-03-22,-0.002590673575129432,0.0012953367875647714,0.27957101586958233,6577.0,28609.627247952165,762,6583508,6202169,645436,955081,2251873,2271857,2563357,1579861,1122842,1076195,0,0,0,319175,0,0,0,0
395,000968,2018-03-22,-0.0022140221402214832,0.006642066420664117,0.3914507877509733,6835.0,34942.310964500575,1199,13244869,9963807,1489155,729353,5446056,3284239,3006708,2680482,2277385,1854437,723645,684668,301920,318128,0,412500,0,0
396,000969,2018-03-22,0.006402048655569814,0.014084507042253502,0.21194506158599485,5544.0,35920.01486946306,1359,12052990,12696580,1645751,1188035,4028883,4170153,3074337,2925639,2776674,2529030,527345,714520,0,726388,0,442815,0,0
397,000970,2018-03-22,0.006230529595015577,0.0015576323987538387,0.2688857201962339,25870.0,185934.59631250825,2282,94931650,87454272,1419156,1051246,12549453,9041291,12386821,10061770,18599160,14941609,14246705,11844911,8666899,5462362,5728355,8155372,21335101,26895711
398,000971,2018-03-22,0.0,0.009646302250803984,0.34458077057277914,17472.0,81986.68741491491,1304,28111526,26112637,1056434,998280,6732318,6229161,5272887,4696675,7177280,5407377,2324083,3581616,1317996,2042517,0,1304668,4230528,1852343
399,000972,2018-03-22,0.016786570743405393,0.016786570743405393,0.15311047853392898,10425.0,58985.32753251056,742,10079595,14710310,606693,564203,2371871,3240475,3394713,3029561,1673714,3774664,1490334,2859037,0,320880,0,921490,542270,0
400,000973,2018-03-22,0.020872865275142427,0.00569259962049351,0.1688795062847732,10590.0,61874.51399841198,974,13908736,13661201,527153,1118280,3833268,4832319,2787728,2983442,2566675,3051724,964731,1226108,393047,0,473772,449328,2362362,0
401,000975,2018-03-22,-0.01855670103092788,-0.010996563573883122,0.36904431191672754,13027.5,170925.363716914,1558,43259584,26110594,1542336,1094832,8076366,6063442,7590559,2997356,5758410,2512186,3350161,1434609,1044063,2440147,1304165,927776,14593524,8640246
402,000976,2018-03-22,-0.0023923444976076125,0.004784688995215447,0.2931405431226928,2502.0,112740.01200369226,813,6019713,19200938,256566,1333775,1538407,1026463,1089438,1055748,1215105,1544068,490956,1201919,0,1088131,0,2659670,1429241,9291164
403,000977,2018-03-22,-0.01532745006967029,0.0027868091035763154,0.37545141149591144,92579.0,478008.01893957163,3292,371066116,393349258,709853,432882,12260936,10676970,20026892,20968927,41183071,39430310,34906706,35368808,27563564,28660051,27199213,23532778,207215881,234278532
