,code,date,pchange_whole,pchange,change_std,amount_median,amount_std,length,sumsell,sumbuy,sell_vol_0,buy_vol_0,sell_vol_1,buy_vol_1,sell_vol_2,buy_vol_2,sell_vol_3,buy_vol_3,sell_vol_4,buy_vol_4,sell_vol_5,buy_vol_5,sell_vol_6,buy_vol_6,sell_vol_7,buy_vol_7
0,000001,2018-04-03,-0.0037735849056602655,-0.006603773584905714,0.1840473998907368,87399.0,530101.6003408112,3321,355810675,353477792,828020,882504,10204591,11604461,22493494,17261187,46011894,46603854,35964372,33623436,20761179,27124567,22006750,35814885,197540375,180562898
1,000002,2018-04-03,0.013253012048192625,0.005421686746987842,0.5602436496741002,138432.0,472418.4401410841,3515,466925116,493436226,321327,414585,8997629,10433003,16867138,21362616,46882763,48048257,45594190,47289236,47966583,42566206,29680532,39451815,270614954,283870508
2,000004,2018-04-03,0.013876454789615078,-0.0004476275738586333,1.21144826357906,4472.0,18280.667244455744,340,1313103,2468896,171397,572761,815124,1186502,326582,205420,0,504213,0,0,0,0,0,0,0,0
3,000005,2018-04-03,-0.0053050397877983935,0.0,0.14624897515504998,6687.0,44555.95349020206,665,7452137,4838601,1617400,450447,2449045,1304798,1650934,748400,1322757,335535,0,254475,0,383409,412001,1361537,0,0
4,000006,2018-04-03,-0.007002801120448154,-0.009803921568627416,0.15720253175164056,16263.0,109948.82825870685,2066,56234937,34643767,2135263,1559216,11257986,8186569,9059902,7592647,7730013,7535060,7645470,1986191,2402147,1026704,1318715,2224680,14685441,4532700
5,000007,2018-04-03,0.03111739745403108,0.032531824611032434,0.42481442302865796,17496.0,87539.60531875532,1117,18499418,34561776,817203,777237,4648414,5660636,3968199,6223716,4515603,6478832,1052590,4315073,1473150,3663456,1292059,3567910,732200,3874916
6,000008,2018-04-03,-0.020497803806734938,-0.013177159590043952,0.15314270344323294,2700.0,79404.78624728626,1993,28292192,11674593,2390643,1321066,5106565,3921472,3426201,2682898,5501339,2045494,2221236,447151,1707876,720328,458304,0,7480028,536184
7,000009,2018-04-03,0.03338898163606019,0.013355592654423987,0.13592053468036716,12200.0,128814.7917406318,1946,45083481,53495809,1056160,2180590,6626562,8311056,7793921,7016944,7256699,8933233,7623083,4101939,3776259,6184377,2164025,3336822,8786772,13430848
8,000010,2018-04-03,0.0046403712296985145,0.0046403712296985145,0.14279993824792742,4320.0,37108.74653233038,912,7617185,7658447,841772,886522,2942909,2267239,1473561,1946788,1246388,1343226,489030,804903,623525,0,0,409769,0,0
9,000011,2018-04-03,-0.016129032258064502,-0.010322580645161339,0.4387763852039064,15400.0,61474.01694329888,1248,24089057,15956322,1159552,1103973,7671626,5765820,5421259,3726403,3978118,3073218,1230552,1115818,1010720,348040,882810,0,2734420,823050
10,000012,2018-04-03,-0.006720430107526987,-0.010752688172043001,0.2007724806273065,8880.0,83729.66413681587,1374,27440594,17481768,1429377,1584204,5962691,4324438,4666582,3085557,4417492,3697739,2206366,1504783,2104141,706006,1859787,897884,4794158,1681157
11,000014,2018-04-03,0.008264462809917328,0.008264462809917328,0.25088493383959243,23408.0,147978.84973635478,2333,69738636,57443911,1596656,1394808,11216339,11433508,13574068,11674259,17897769,12685128,8614095,6628731,4401486,1355810,2689246,2201180,9748977,10070487
12,000016,2018-04-03,0.020143884892086295,0.012949640287769792,0.1397168651678839,24667.5,173029.22876603185,2482,78881760,107266642,1240936,1975798,8397997,11545403,12145469,16432016,16535210,20299405,9068156,11573262,10286378,11501325,4539813,4869935,16667801,29069498
13,000017,2018-04-03,0.005464480874316724,-0.0036429872495447047,0.2362339194054076,8160.0,43346.23186757338,540,7267804,5192197,576730,587773,2212696,1495624,1931190,1033570,1257252,1018492,949560,1056738,340376,0,0,0,0,0
14,000018,2018-04-03,0.013266998341625147,0.011608623548921893,0.1727371572531261,12200.0,66849.44289730376,1219,24500332,16006281,1347871,634877,5884883,5672205,4657703,4728040,4202990,2600387,2710025,1658854,2446816,711918,0,0,3250044,0
15,000020,2018-04-03,-0.024657534246575352,-0.018493150684931514,0.3875956578634172,14150.0,70590.42098792254,1421,27224638,18533493,1087489,1359032,7367491,5731012,6500238,3970794,4965807,3697782,2403860,1803809,1240803,0,871450,0,2787500,1971064
16,000021,2018-04-03,0.0,-0.015945330296127436,0.17618181121639195,21637.5,192843.94870672378,2488,95040615,75005959,1884736,1866842,10941587,12001889,12464551,11983005,18647715,13842148,9303329,7092685,6296125,4127387,6550475,3153236,28952097,20938767
17,000023,2018-04-03,-0.011844331641285955,-0.00451212633953757,0.6291935927689555,10620.0,54815.191108416475,794,13646216,9089667,626815,837283,3649854,2735612,3085363,1964690,2927814,1460334,1774091,522781,705900,1073564,876379,495403,0,0
18,000025,2018-04-03,0.01763085399449027,0.019283746556473913,0.8375122252826669,22314.0,90051.58699064257,1879,43548717,49827363,1248619,1201141,9447684,10496886,7524701,9261241,11977018,12103646,6424004,4946840,2333242,3813456,2615997,907533,1977452,7096620
19,000026,2018-04-03,0.016172506738544534,0.016172506738544534,0.3671516536024239,11350.0,59712.413998614975,919,14570130,15252177,1185933,356445,5180927,2910487,3056749,3321805,3673481,3346757,1169830,786476,303210,2375114,0,406266,0,1748827
20,000027,2018-04-03,0.012027491408934665,0.015463917525773141,0.16166742582606894,5820.0,87463.95934894664,1298,23614459,22108480,1340210,1284349,3606868,2897780,2977684,2161367,6448547,3788400,3171352,4436459,3129927,1744023,1751871,1738688,1188000,4057414
21,000028,2018-04-03,-0.015423728813559245,-0.030000000000000027,1.2567671511752843,22928.0,180838.29189916834,2221,82833267,59292091,510899,1424028,6649435,11094447,19826442,10108582,17500380,10146419,6955143,3990143,2418719,2319021,4926210,1784130,24046039,18425321
22,000030,2018-04-03,-0.007112375533428139,-0.011379800853485111,0.21725343536897732,2103.0,34788.75888723091,1048,6922260,6001869,977407,941173,2296087,1173671,1006568,1106319,2021480,1810678,203118,414044,0,0,417600,0,0,555984
23,000032,2018-04-03,-0.035641547861507084,-0.05600814663951126,0.25667238215544036,12519.0,63910.73331472014,1465,29013336,17804742,1200025,1962849,7265563,6723284,6354529,3181630,6402525,3328852,2207783,915280,2482648,374529,934923,408157,2165340,910161
24,000036,2018-04-03,-0.004819277108433884,-0.002409638554217053,0.2427849413778154,9912.0,84141.95112668138,1169,24524361,15731338,1441797,1175807,4604152,4317766,4608893,3886134,3311533,2756437,3528056,975266,1674840,0,2226011,494420,3129079,2125508
25,000037,2018-04-03,-0.026685393258427004,-0.021067415730337102,0.24367169360138924,6980.0,40990.80400662566,854,11675721,5937571,1011197,711427,3844674,2295045,2937502,1325302,1882831,234998,1191142,730051,357925,640748,450450,0,0,0
26,000039,2018-04-03,0.011764705882353121,0.017956656346749478,0.31123758766253073,17952.0,92362.40635217256,2695,60074199,60376541,2148813,2478142,13093306,14761602,10611667,11491391,12718656,13871772,5461805,6673488,2497494,2761013,2194829,3235101,11347629,5104032
27,000040,2018-04-03,-0.012701100762066098,-0.020321761219305734,0.3174673002148851,6918.0,86868.04403867581,1388,23707865,12667014,1650134,1105055,3607877,3869258,3110018,1408353,5096152,1431797,4294377,744691,2397239,2351525,956394,0,2595674,1756335
28,000042,2018-04-03,-0.022666666666666613,-0.020000000000000018,0.6450696679764208,7395.0,38361.1526028477,540,6389308,4982403,626337,628318,2221903,1421194,1254712,939557,1567861,1184215,718495,480337,0,328782,0,0,0,0
29,000043,2018-04-03,-0.0011013215859030367,-0.011013215859030812,0.4194188374695881,19954.0,57532.24491547905,468,11497496,6054418,410669,369657,1990996,2132055,4632767,1238865,2168852,809697,753042,696932,637170,353212,904000,454000,0,0
30,000045,2018-04-03,-0.031567080045095786,-0.036076662908680834,0.2228339872974162,14858.0,82244.98901416705,1586,36598579,24109002,1304400,1680643,7994263,6845965,7302842,4889529,6344867,5102389,4851568,1749159,4308550,680712,1378684,445455,3113405,2715150
31,000048,2018-04-03,0.02441077441077444,0.02651515151515138,0.9985839558372802,12400.0,50148.871744940596,567,6555156,8764678,418409,709932,2213624,2723496,1725501,2099471,1482722,1495023,242500,953944,0,304792,472400,478020,0,0
32,000049,2018-04-03,-0.0017873100983021306,-0.0065534703604408495,0.8272437604380904,13480.0,63315.408215745774,1647,28828330,25211704,1582773,993682,6543905,8989769,5963654,5341204,6801196,5198058,2614783,1848490,1603059,2081954,904818,0,2814142,758547
33,000050,2018-04-03,0.003826530612244916,0.0,0.309645122718065,31560.0,178902.7121606885,2567,117404394,88959826,1329439,1054195,17363740,9615639,21841456,10157908,22807900,13208921,12621765,8129092,6825589,7542898,5368939,7325107,29245566,31926066
34,000055,2018-04-03,-0.019525801952580135,-0.023709902370990243,0.17775131819821452,14847.0,166582.92338896805,1629,54965624,36080092,951000,1462094,5912307,9015774,7533128,6966796,8305081,6475601,3659099,2224024,5927388,3757985,4335016,415800,18342605,5762018
35,000058,2018-04-03,-0.018404907975460016,-0.019938650306748462,0.24833681057808382,10320.0,34942.27760425933,689,10073652,4619708,665455,662771,3784647,2544630,3348096,788817,1023173,380436,540095,243054,712186,0,0,0,0,0
36,000059,2018-04-03,0.0011261261261261701,0.0011261261261261701,0.2572876383104841,17840.0,168278.3771317642,1191,40277097,28922939,804985,1304422,5291981,6174727,4777011,6209021,4751355,6590743,3829603,3665790,4770121,1021000,3943186,1825278,12108855,2131958
37,000060,2018-04-03,0.003141361256544517,0.011518324607329822,0.18491768624997565,28920.0,320355.7873824221,2670,138347735,158877418,1719151,2274544,9162572,12463021,13060927,14973349,17534012,19701654,11855606,14630077,12564380,11256357,10239947,13415383,62211140,70163033
38,000061,2018-04-03,-0.015109890109890167,-0.01098901098901095,0.26881194059281205,10080.0,57509.89197110425,733,11397529,8979845,934455,547976,3259548,2674732,1546292,1502926,2956725,1629575,964454,1330584,1013055,362000,0,932052,723000,0
39,000062,2018-04-03,-0.012263668880940326,-0.015329586101175297,0.5831061549944407,9675.0,59110.12469237942,1127,19741310,12021190,1280281,1098109,4648850,3998522,4128131,1763707,3925811,2693977,2035804,276276,2027719,309120,0,1347429,1694714,534050
40,000063,2018-04-03,-0.0036423841059602946,-0.010264900662251608,0.5156885713528143,125727.0,681435.3281826277,3430,590255648,552581346,562715,582421,9653194,10658628,20964123,20580256,40764302,42002048,42032985,34858429,38848867,34697937,30534711,37235748,406894751,371965879
41,000065,2018-04-03,-0.021052631578947545,-0.032163742690058506,0.3989207952107369,21515.0,89757.43078022604,1838,48775120,33455057,970818,1316530,11983612,9169468,11205960,6978030,10396950,7200224,5696609,1247556,3231788,1117153,1243187,959364,4046196,5466732
42,000066,2018-04-03,-0.03480278422273775,-0.04756380510440816,0.14712491289678814,93042.0,687195.6996138404,3444,532938256,428588824,602303,994975,10783764,12286518,20273837,22354024,36832036,46021868,35131704,38911695,26243321,34409885,31653083,30169647,371418208,243440212
43,000068,2018-04-03,0.05191873589164797,0.004514672686230403,0.20025343906362478,8880.0,61844.48349756991,489,7769635,4847846,475950,283047,2297445,1578478,903471,1140041,1453293,1273020,952676,210560,356800,362700,444000,0,886000,0
44,000069,2018-04-03,-0.004975124378109319,-0.006218905472636704,0.16026706401295587,17644.0,297043.99827950634,2523,124818187,74381650,1882325,1695238,10954749,12191610,10844651,10249066,11672907,13979853,5010918,6848930,6546240,6776994,6121457,5538865,71784940,17101094
45,000070,2018-04-03,0.03411513859275028,0.026652452025586415,0.21146089614367589,14460.0,98233.37317522982,1973,43189900,49560948,2158404,1322807,7930236,7417924,7856079,6621565,10329430,10450580,5297181,5768786,3728848,4171160,2652627,3888136,3237095,9919990
46,000078,2018-04-03,-0.006644518272425071,-0.013289036544850363,0.12839113337807753,14352.0,126233.4116567809,2207,57668608,52437526,1871505,1143606,8617576,5822766,9274162,18849300,12577563,10720700,5340016,4763572,2405528,1368964,2193484,2176498,15388774,7592120
47,000088,2018-04-03,0.029577464788732355,0.023943661971830954,0.20969405361174132,9269.0,89413.42432819621,1147,16306586,22773714,1058151,1399783,4186329,4451272,3058055,3670380,3435045,3922033,678480,2726403,1348872,1667448,437544,1759325,2104110,3177070
48,000089,2018-04-03,-0.019512195121951237,-0.02073170731707319,0.19969867765472304,6412.0,203464.4782730465,1688,37503284,23257048,1467035,2186306,3523759,5666111,2422614,5422469,4833860,3623443,4203528,1945126,4438659,1725734,2986912,439519,13626917,2248340
49,000090,2018-04-03,-0.006230529595015577,-0.007268951194184914,0.25783195117493585,6727.0,75828.79034591845,1396,18799253,12319687,1700485,1468989,4694203,3843962,3045399,1997767,2866874,1037979,2610583,1074306,977472,320595,479000,0,2425237,2576089
50,000096,2018-04-03,-0.014598540145985384,-0.018653690186536953,0.6982302578036877,6050.0,20041.930459824627,311,2491678,1468333,331152,387097,1131814,770710,695652,310526,333060,0,0,0,0,0,0,0,0,0
51,000099,2018-04-03,0.05882352941176472,0.03294117647058825,0.19166524968098092,17440.0,105718.05131364107,1970,40618846,58833797,1755696,1367448,8530236,9165724,7018902,9607050,9598461,12337627,5190149,7253990,3479529,6315962,2243768,4028883,2802105,8757113
52,000100,2018-04-03,-0.005780346820809301,-0.005780346820809301,0.06617798365034508,13800.0,232045.22283018517,2759,116361974,73591508,3015863,1409828,11852418,8279047,12573526,7393058,14756869,19356441,9365084,5084483,11844564,5916940,3166594,2648745,49787056,23502966
53,000150,2018-04-03,0.029517638588912876,0.010799136069114423,1.8221417765869243,13867.5,43366.589856466286,232,1990976,3109569,189384,195436,631935,1865173,275440,342640,182820,241525,296497,464795,0,0,414900,0,0,0
54,000151,2018-04-03,0.0603751465416178,0.03341148886283696,0.3101334618165546,48832.0,448270.2276807544,3035,200355995,204132246,1053958,1162730,14089760,12577836,20025882,18379706,29087662,27802047,18243393,24285791,17259480,18149618,13809020,9805524,86786840,91968994
55,000153,2018-04-03,0.002450980392156854,-0.007352941176470673,0.29972244805866877,9801.0,40430.35663092753,741,9551360,8040472,968906,769778,3628753,3111375,1600224,1768022,1805721,1691734,441424,699563,702832,0,403500,0,0,0
56,000155,2018-04-03,-0.010000000000000009,-0.014285714285714235,0.15577190576717578,25567.0,147631.94375360233,2023,78994900,59101739,1176050,1415288,8647809,9816043,11248866,9217401,13711532,10303989,11200024,7652891,6896685,5398791,3231988,3127469,22881946,12169867
57,000157,2018-04-03,0.0071770334928229484,0.004784688995215447,0.10310551628286888,11340.0,98646.23628788338,1649,39848268,27602863,1489665,1292084,5986629,5581671,13727539,4491186,7390919,4544592,2237262,4639588,1349524,1298758,2642675,885235,5024055,4869749
58,000158,2018-04-03,-0.0025220680958385477,-0.0012610340479192184,0.19233072807275017,7940.0,79749.49939079965,1706,26998836,21002964,1494109,1487529,7717244,4975062,4665560,5992970,3031823,4321602,2434231,1103872,1728643,321584,413946,0,5513280,2800345
59,000159,2018-04-03,0.008869179600886845,0.01330376940133049,0.1637472250324129,4971.0,49022.768603681536,759,6119342,8227318,443314,1004983,2298460,2023433,1414441,1706246,864942,1537912,257972,714157,378840,0,461373,454090,0,786497
60,000166,2018-04-03,-0.0040404040404041774,0.0,0.12465190034095912,10374.0,114486.01133305169,1580,27878290,30985550,1370732,1325794,7176836,7001809,4952996,4663089,4089901,3552270,1431507,2607894,1478679,1385415,499872,1380224,6877767,9069055
61,000301,2018-04-03,0.011904761904761862,0.0029761904761904656,0.1775893059459205,20310.0,116301.50187558934,1433,35965172,44517224,1021138,1111325,6259317,6404813,6850534,7917276,7385514,10571088,6355675,5328977,1478732,3477515,864041,835154,5750221,8871076
62,000333,2018-04-03,-0.003226418675270293,-0.007022205352059219,0.8874551521916055,193880.0,702279.1018151224,3526,618605797,649390706,163374,179307,6964213,5668391,19345197,18493348,45608893,50325783,51284269,55778039,47611093,50696484,35967507,46561394,411661251,421687960
63,000338,2018-04-03,0.031325301204819356,0.02168674698795181,0.14251765106445888,43248.0,323195.2261907088,3399,241230305,204876161,2123835,677359,22327060,8623434,24582954,17625837,43625051,26818681,23766947,18039808,15845352,8405919,18509714,18608236,90449392,106076887
64,000400,2018-04-03,-0.005424954792043413,-0.008137432188065064,0.25665137938869126,13235.5,118337.86619741355,1858,46951728,36539002,1813906,1419208,9873285,7674889,5535588,4411700,8232903,7527050,4660016,3380045,1446267,2089575,834428,2183869,14555335,7852666
65,000401,2018-04-03,-0.01931330472102999,-0.01859799713876964,0.2631588880008507,44000.0,261734.3472547556,2824,174775127,155775865,1103841,1486726,12431805,13118632,17118333,15242941,29055900,29726794,19894253,21613303,15523275,12426610,10861595,8857452,68786125,53303407
66,000402,2018-04-03,-0.01036269430051806,-0.011398963730570033,0.23166097055460763,10483.0,162413.97976799708,1736,59939800,30374538,1126259,1878459,6893570,7149291,5192585,5413290,6755396,6153434,5313756,3176561,3728888,2017912,5932530,1346987,24996816,3238604
67,000403,2018-04-03,-0.0033222591362126463,-0.0023255813953488857,1.8927706291999316,15087.5,95596.48232460383,252,8224093,2987027,116627,259625,914039,1069978,1216454,783658,2133237,572766,634408,0,301700,301000,877400,0,2030228,0
68,000404,2018-04-03,-0.014336917562724039,-0.016129032258064502,0.2177957574420837,12742.0,66490.37086208772,656,15606562,7285230,396441,671972,2990020,2816416,3298962,1161435,3274101,2113930,2157733,521477,788398,0,407370,0,2293537,0
69,000407,2018-04-03,0.008460236886632888,0.011844331641285955,0.15656581853767,7637.5,56642.23113768315,1428,15288151,20989626,1003314,1490017,4171134,6300407,4111577,4154793,3353989,2852019,1369785,2486854,698352,716483,0,877347,580000,2111706
70,000408,2018-04-03,-0.004142011834319503,0.0,0.3756463249053294,43939.0,337928.3219020632,2027,71564610,179950528,590713,1305144,6156191,9096753,9115130,21038072,14419771,23902861,8890872,13408451,8992282,14490180,3510997,5828517,19888654,90880550
71,000409,2018-04-03,-0.025167785234899376,-0.02348993288590595,0.20137578424494146,11780.0,57830.710504372495,876,17641033,9839248,817068,766144,4379120,2943397,3470576,2608852,3581298,2146120,3394611,732843,680171,0,1318189,0,0,641892
72,000410,2018-04-03,0.0009174311926605228,0.004587155963302614,0.19909301266147544,38772.0,190409.44872395718,3002,140082841,121290381,1210639,1385095,14943702,13615902,19047317,18879659,31855712,25633608,18236393,16090064,14634313,12374996,8076765,7456078,32078000,25854979
73,000411,2018-04-03,0.009883970777825546,0.0025784271594326835,0.7376939820142223,2338.0,46670.189412035834,1000,7737775,2203558,1977886,131591,1266712,1050049,1204424,295413,794411,498749,690942,227756,0,0,0,0,1803400,0
74,000413,2018-04-03,-0.01677419354838705,-0.01806451612903226,0.14346064827650667,33528.0,248665.70457666484,2925,139851171,135665427,1693127,1746492,11003944,12224452,17255730,26256549,21766801,28699883,13606518,11992773,8642455,8545185,7752073,8348820,58130523,37851273
75,000416,2018-04-03,0.0035087719298245723,-0.0017543859649122862,0.22117802898178696,8008.0,64238.697867295654,665,9718756,7424129,487249,702107,2834384,1945395,2479780,1819930,1102642,1882920,616920,222324,0,396593,0,454860,2197781,0
76,000417,2018-04-03,0.009497964721845387,0.009497964721845387,0.18591179353810508,4446.0,25364.799479268902,1578,7371004,11329265,1248149,1999221,2986025,5985415,1588696,1459432,971232,620220,576902,532128,0,732849,0,0,0,0
77,000418,2018-04-03,-0.013559322033898424,-0.015100154083204975,1.5203659345936253,12776.0,74192.24408451075,1827,28148017,21681413,4482460,774627,8218325,5430207,6710964,4250587,5685547,3862391,1429876,995264,1620845,327879,0,0,0,6040458
78,000419,2018-04-03,0.0053859964093356805,0.0035906642728904536,0.27722106133812363,11200.0,68002.57873279997,403,6581699,5857123,336217,262880,2339605,1668816,1281728,687651,628022,1182094,890799,506400,0,0,0,443751,1105328,1105531
79,000420,2018-04-03,0.0072202166064982976,-0.0072202166064981865,0.12034722666592751,6875.0,69572.3977527577,530,7470991,4860199,434543,609565,1807599,1677464,1435762,693994,1096896,661950,204325,435843,360100,376216,435308,405167,1696458,0
80,000421,2018-04-03,0.014981273408239737,0.02059925093632975,0.2329452165701251,8512.0,41154.42678675741,525,4573486,6629250,447087,481695,1635883,2423453,1059307,2176511,1078493,630826,0,0,352716,0,0,916765,0,0
81,000422,2018-04-03,-0.01607717041800638,-0.01607717041800638,0.11315944635890349,6120.0,81475.2958379834,757,13687460,8873134,471498,874122,1897920,2510387,2235946,1706106,2950124,1025763,2169422,694973,335351,370260,1863435,874707,1763764,816816
82,000423,2018-04-03,-0.006504065040650375,-0.012195121951219523,1.243148759705744,48904.0,151692.64316214598,2448,149045591,66173814,820773,1155237,10974922,8832342,26877176,9588134,43142104,11869233,19323609,10100859,9684650,6578884,10052295,2742345,28170062,15306780
83,000425,2018-04-03,-0.0025380710659898,-0.0025380710659898,0.07337550855164783,14689.0,181441.1740246089,2907,98387117,83340044,2464924,1910478,13498733,9161439,12694915,9768469,18547815,13768357,10432112,8414007,5690289,5909900,4357371,5477466,30700958,28929928
84,000426,2018-04-03,-0.007128309572301483,-0.0020366598778003286,0.21799500086078652,9785.0,91757.97200048876,2034,34007762,41667548,2239891,1882833,6313400,9888248,7105583,9168795,6977556,5699259,2551275,2912187,1471930,3825779,1872949,1337306,5475178,6953141
85,000428,2018-04-03,-0.0025839793281654533,-0.0025839793281654533,0.20666487512938647,5018.0,36952.730874016284,350,4354994,2039052,696394,158115,1380395,731924,922092,277984,813397,395178,224652,475851,318064,0,0,0,0,0
86,000429,2018-04-03,-0.011363636363636354,-0.01388888888888895,0.24531808345310638,4695.0,42665.035838339485,1042,12894243,6726661,1553522,665531,2771465,2062542,2994349,1870352,3304800,1127868,476856,228096,1341727,302624,451524,469648,0,0
87,000430,2018-04-03,-0.012835472578763052,-0.014002333722287208,0.3273509306332524,8590.0,71227.27113930073,685,11864335,7633303,590564,949952,3089257,2516184,1825214,1341567,1434120,1285376,1187605,477955,691618,0,412976,452942,2632981,609327
88,000488,2018-04-03,0.022329511164755678,0.022329511164755678,0.3324458317133763,35112.0,160639.61506816564,2487,85914948,109572938,985321,1130620,12641213,10598101,15152651,22367894,16096337,29865574,10131167,13172920,6840807,7629179,2179704,3535462,21887748,21273188
89,000498,2018-04-03,-0.01729559748427678,-0.01729559748427678,0.20509288623966687,8736.0,562849.7857933637,962,14189027,31238182,817077,825884,2928708,3453784,4295663,2815099,3533456,3504870,2224756,2212949,389367,313055,0,0,0,18112541
90,000501,2018-04-03,-0.008666666666666711,-0.014000000000000012,0.35443808724470105,10412.5,82704.00040236358,1792,35567722,21731697,1378029,2431866,8085399,6103314,4550649,3630713,7262238,3301984,4084617,2037488,2195854,1641806,2167925,1250278,5843011,1334248
91,000502,2018-04-03,-0.011013215859030812,-0.014317180616740144,0.4774302444104175,8980.0,50347.641572692555,361,4500170,2996373,395859,394553,1844912,1086178,935326,350972,484966,470770,403875,0,0,0,435232,0,0,693900
92,000503,2018-04-03,-0.021149425287356416,-0.0367816091954023,0.8031661139095551,72760.0,756806.9830044577,2937,443650623,361257880,1357246,902841,11284123,8906569,14734175,15236703,30000233,24313876,24917849,27815758,23939855,19531342,25631080,19312741,311786062,245238050
93,000504,2018-04-03,0.009623430962343082,0.006694560669456173,1.1780757993528699,9640.0,73731.71721879054,411,4994281,6968218,213933,704225,1565078,1725470,344050,1191993,377942,816851,967286,549940,325992,613025,480000,1366714,720000,0
94,000505,2018-04-03,0.12571428571428567,0.10285714285714298,0.18136478845545556,38460.0,364016.04307131725,2338,187165030,138560975,1126363,1697815,9202617,8614622,11475348,10240727,18356929,20830218,14676408,18650000,9870564,19323143,11689016,9053810,110767785,50150640
95,000507,2018-04-03,0.02886836027713624,0.03002309468822162,0.18570484402088994,21575.0,119685.5807560671,2177,53610454,68728645,1834857,1566078,11743827,10647590,10352545,10365843,13349298,15405018,5388592,8616251,2085456,4218215,1376859,2712584,7479020,15197066
96,000509,2018-04-03,0.007853403141361293,0.01308900523560208,0.09044136977667397,12804.0,93062.57059482885,1791,29606970,42461086,1531148,1432397,7770977,7623568,5851440,6859083,7169293,10085875,2275149,5136154,1713112,2518007,411090,955523,2884761,7850479
97,000510,2018-04-03,-0.028787878787878696,-0.028787878787878696,0.24260293312920314,9630.0,46174.974640914785,740,11535541,6929940,491494,760110,3245486,2741708,2703456,1738082,2442684,946446,1457669,743594,645500,0,0,0,549252,0
98,000513,2018-04-03,-0.002081887578070707,-0.011103400416377474,1.4464276130641307,35955.0,207123.85275704306,2482,138970043,105416782,1576327,1362438,10676068,11067234,14822082,12831568,22747891,20505814,21510931,16966183,15405463,9410230,7989007,8004861,44242274,25268454
99,000514,2018-04-03,0.005839416058394109,0.007299270072992803,0.1615071386271627,20910.0,209639.2782608419,1805,38394466,84522519,1070496,1486328,6047237,9482911,7496939,11309386,8815836,13108025,5860822,7799983,2712418,6000497,2337152,1800975,4053566,33534414
100,000517,2018-04-03,0.004889975550122383,0.0,0.08752345340796679,13695.0,117292.97787324493,2195,48578565,50922557,1565335,2002848,9912672,9803251,8440544,7917252,11425793,8376310,6268519,4577100,3857590,3076961,3119154,3117368,3988958,12051467
101,000518,2018-04-03,0.0066006600660066805,0.0,0.2220148933186168,6677.0,30347.409581274613,745,6782944,5966596,791938,964041,2252020,3060355,1661046,1355339,1255536,586861,464204,0,358200,0,0,0,0,0
102,000519,2018-04-03,-0.008888888888888946,-0.007777777777777772,0.18168864200772938,23452.0,116030.73912330181,2457,81347891,66872046,1936182,1976824,12593874,11503846,14738241,12482645,16394606,15263250,9521355,8228827,6106636,3750798,5862374,2305378,14194623,11360478
103,000520,2018-04-03,-0.0030674846625766694,0.0,0.119841650807491,7800.0,46504.70064012254,741,10010575,8271060,736221,692921,3562778,2004040,1818783,1770471,3370315,1279091,522478,1791993,0,310700,0,421844,0,0
104,000521,2018-04-03,-0.014051522248243464,-0.016393442622950727,0.12575701733372838,4200.0,70996.5456009267,1156,17192560,4697814,1735471,455092,4934198,1771323,2227732,717112,2079313,1179610,1597730,251697,330363,322980,861959,0,3425794,0
105,000523,2018-04-03,0.011811023622047223,0.003937007874015741,0.40392736722393774,13022.0,41182.72361917346,355,5651720,3571667,337355,269875,1761080,1692798,1835491,784942,1284804,353237,0,470815,0,0,432990,0,0,0
106,000524,2018-04-03,0.003058103975535076,0.0010193679918450993,0.3167687602694415,1968.0,16503.895657522058,960,3297643,4611119,977275,1072325,1159583,2995139,779393,543655,154880,0,226512,0,0,0,0,0,0,0
107,000525,2018-04-03,-0.0036429872495447047,-0.006830601092896238,0.5999771872751601,17620.0,121881.34987591287,1340,41580977,28116001,912808,1172541,6593367,5537130,4832085,5130703,7022415,6109471,5905717,4074489,3871253,1799445,1315600,853488,11127732,3438734
108,000528,2018-04-03,0.012571428571428456,0.005714285714285783,0.16631824843716164,17660.0,181788.6973359841,2781,85046137,66273296,1773063,2928919,12082141,15106240,11380715,11623658,11051755,11189342,6575363,7668837,5328163,3274779,3505562,1295239,33349375,13186282
109,000529,2018-04-03,0.0,0.007987220447284393,0.29533048460735806,12008.0,43685.49324120027,449,6110519,4859408,411206,393929,2073147,1855182,1409729,1115439,1249812,693975,966625,0,0,330880,0,470003,0,0
110,000530,2018-04-03,-0.0019607843137254832,-0.0117647058823529,0.13936004185672923,11176.0,82262.14291388655,1341,30102501,18429701,928736,1096528,5919990,5177978,4551582,3383435,7231045,3827978,4659862,2011052,1318118,719867,1748263,425984,3744905,1786879
111,000531,2018-04-03,0.033478893740902516,0.0,0.32286631826228546,3427.5,31905.83514427595,452,4005440,2410392,630293,213662,1278877,1118634,899329,941096,279129,137000,262656,0,655156,0,0,0,0,0
112,000532,2018-04-03,0.007925072046109483,-0.01729106628242072,0.26894120895329565,33096.0,187875.19894773274,2667,127052981,84109784,1300380,1393789,13549158,11953906,17970164,14514502,23170973,16634220,18815903,15720717,12385643,6752726,9656523,2640866,30204237,14499058
113,000533,2018-04-03,-0.02359550561797763,-0.019101123595505642,0.1741894363052818,24835.0,304136.25023022114,2616,140542396,105501849,1335865,2425550,8231442,13704289,9433191,12158426,22549649,20585666,21696759,14617184,14222285,7877311,8488376,4457934,54584829,29675489
114,000536,2018-04-03,0.017412935323383172,-0.0024875621890546595,0.09492093677722058,2821.0,47172.1301313854,1799,10156347,12850669,656539,2975312,2318129,5028111,1089133,1776968,986617,1636885,1221029,243006,1720204,0,400400,410843,1764296,779544
115,000537,2018-04-03,0.003223207091055613,0.008863819500402936,0.2744441999276856,16263.0,116705.27889086823,2049,45927284,36420278,800484,1973605,12670189,9863743,9458412,5086595,6888680,7443116,3391006,3555682,2708826,2055806,1337931,840035,8671756,5601696
116,000538,2018-04-03,0.01223849372384933,0.0010460251046024993,2.048643283276039,28750.5,186769.25434072074,2178,90925460,81050873,2779402,2609196,12761611,11477071,9722263,8994162,19017141,11995959,8162828,9719433,4767610,4433691,6141008,4659208,27573597,27162153
117,000539,2018-04-03,-0.008908685968819552,-0.011135857461024412,0.2769473539128782,5346.0,37860.23564635131,262,3649017,1510284,363878,182198,1080742,646471,801331,245746,941619,141955,461447,293914,0,0,0,0,0,0
118,000541,2018-04-03,-0.002333722287047757,-0.004667444574095736,0.2053305660119202,6006.0,71516.74935892201,1750,23559787,13132908,2320122,1386938,7040347,4500910,3261362,1549477,2125049,2509189,2757797,1198709,0,1037025,0,429500,6055110,521160
119,000543,2018-04-03,-0.014613778705636848,-0.018789144050104345,0.15061962670700413,12690.0,159626.47392524057,1013,33684040,14577743,936979,972449,5616967,2999066,3189232,2111464,2620520,1628943,2430250,1470865,651170,1107928,4945891,1830400,13293031,2456628
120,000544,2018-04-03,0.028612303290414864,0.03218884120171661,0.3683619042745325,17340.0,68025.38607807661,1441,29739083,30065689,997326,946714,6936333,7169751,7988758,6040409,6772613,7622719,3374161,3635626,2329085,2440441,408575,896179,932232,1313850
121,000545,2018-04-03,-0.011682242990654124,-0.014018691588785215,0.14896917874224433,8480.0,54344.775191651344,826,13846469,7695337,714426,864016,3882737,2976566,2792436,1603011,3429646,679183,1423821,487036,361674,1085525,453680,0,788049,0
122,000546,2018-04-03,0.01200000000000001,0.015333333333333421,0.37539175970457234,10619.0,42713.52995377802,1606,24315592,17177047,888069,1773759,5042427,6518053,13050638,3860051,3425059,2740874,1212017,1145990,697382,0,0,0,0,1138320
123,000547,2018-04-03,0.004273504273504258,0.010256410256410442,0.20415011691129692,59899.5,882261.7102002848,3298,411797409,495821186,653851,1411324,11431697,16862800,16223562,21442496,24612123,34588728,19636062,23112856,16656827,23134793,15689975,15759389,306893312,359508800
124,000548,2018-04-03,-0.00648298217179899,-0.0032414910858994395,0.26465532435025396,11034.0,49254.88983692185,543,9138965,5873637,357222,783056,2623172,1968857,2039155,1466694,2659756,873758,465096,220680,994564,0,0,0,0,560592
125,000550,2018-04-03,-0.007560137457044758,-0.019243986254295575,0.3340351153705606,8742.0,51682.80963746496,1898,31252583,14120504,4133341,1165755,8614865,5361250,4626265,2621011,5684370,3448157,4039021,458130,1047270,1066201,417929,0,2689522,0
126,000551,2018-04-03,-0.004160887656033285,-0.01386962552011095,0.27486313483826436,5724.0,64215.887887506084,688,10563621,6782835,611562,693556,2533033,1609691,1876813,1259457,1808723,1396707,892940,775634,1444972,0,0,430800,1395578,616990
127,000552,2018-04-03,0.0028985507246375164,0.0,0.07877867239045933,2752.0,35099.71740143653,1930,9316129,13768668,842639,2438604,3016171,4118640,1468397,2967661,1136827,2730487,741355,471280,1698972,0,411768,441696,0,600300
128,000553,2018-04-03,-0.0007220216606498298,-0.0007220216606498298,0.39686077021811766,11080.0,50642.89395136405,1218,18552145,11473570,1088786,1062853,5324167,5213031,3918351,2431174,4336663,2309344,1135208,457168,1664290,0,0,0,1084680,0
129,000554,2018-04-03,0.0057553956834532904,0.004316546762589857,0.18408354666249,14721.0,81289.24276587176,1428,31408061,27471699,824364,1482652,6102910,6593471,6540136,5431032,6418255,4492902,4426877,3266827,2320834,1748768,1309818,2298721,3464867,2157326
130,000555,2018-04-03,0.004268292682926944,-0.0329268292682926,0.2833464321712341,54468.0,361345.9150260366,3361,262058823,220639662,1372512,1094802,16257613,13488893,21438269,19391948,34586426,35091736,19630278,22080160,28796902,17788168,18824872,16781663,121151951,94922292
131,000557,2018-04-03,-0.022222222222222143,-0.020000000000000018,0.1586368205422626,8840.0,51659.972781133954,805,12295952,7459661,998215,739125,3851643,2706189,2329287,1257869,2667753,1174558,428180,1174580,0,0,865851,407340,1155023,0
132,000558,2018-04-03,-0.002293577981651529,-0.006880733944954143,0.13727451983061537,11718.0,58579.592650910294,1010,18912366,14466593,956832,830035,5480295,4171073,3237160,2219724,5040377,3266151,2161015,2725400,752475,621138,1284212,0,0,633072
133,000559,2018-04-03,-0.003416856492027276,-0.003416856492027276,0.22182348406682711,11804.0,99417.87662234102,1568,38417823,21068985,1532264,1435077,7150222,6236076,6003395,5190665,7188390,4535936,4041636,2068003,1760803,0,0,418250,10741113,1184978
134,000560,2018-04-03,-0.017902813299232823,-0.019181585677749413,0.2878171893339558,7750.0,34614.52095112858,738,9411172,6063480,712051,764810,3406245,2301557,2711027,1594478,1816599,731063,457250,671572,308000,0,0,0,0,0
135,000561,2018-04-03,0.03609625668449201,0.02941176470588225,0.21434173754260843,9216.0,62587.60367618038,1219,15387028,19902201,1062209,1223378,4948130,4494301,2774756,3563497,3690502,3789225,1207889,3387048,687142,1691364,0,442540,1016400,1310848
136,000563,2018-04-03,0.0025706940874035134,0.0,0.11162950490352704,7760.0,42992.607430908,1218,11623716,13852904,894283,1406640,3297114,5214503,1981109,1978957,3441455,2999214,1187551,1209176,328563,638687,493641,405727,0,0
137,000565,2018-04-03,0.004477611940298498,-0.0014925373134327957,0.240177132788748,11492.0,51938.01052528748,778,11580754,10617274,762628,727597,3093488,3660862,2443665,1974109,2500229,2548253,1342730,519214,1037814,688759,400200,498480,0,0
138,000567,2018-04-03,0.01662356852604363,0.014776505356483227,0.733580518069421,21508.0,176486.78930049596,1364,46497329,54320298,927420,1130779,4733700,6950490,3938493,6505169,8741471,8303816,3804318,7830917,4132967,3733069,3561936,3719114,16657024,16146944
139,000568,2018-04-03,0.0397558849171753,0.04341761115954679,1.0185787733773666,84364.0,521571.28600692406,3174,246411275,414187197,657686,462466,10175149,10953926,17697113,22007009,31229784,43160193,23811272,34119759,21924034,44878654,18449194,42760019,122467043,215845171
140,000570,2018-04-03,-0.009596928982725461,-0.011516314779270509,0.29099837406923346,5195.0,53054.92960080927,320,3833994,2805970,274231,198026,1354714,825624,956983,290954,499910,422879,408916,0,339240,0,0,0,0,1068487
141,000571,2018-04-03,0.059642147117296096,0.0656063618290259,0.10443852932865232,12252.0,120179.39482372384,2336,44915505,63012811,1449372,1556059,7164065,9716199,7529398,10195489,10740080,13922387,8643277,6290646,3475688,5125104,1741531,1296025,4172094,14910902
142,000572,2018-04-03,0.042288557213930655,0.034825870646766344,0.10505271589864988,13678.5,135021.74309493467,1470,31486080,40142946,1286576,1008669,6663711,5653688,4697479,4432553,6687068,5334120,4848664,7242227,3090507,2586674,1832407,2655548,2379668,11229467
143,000573,2018-04-03,-0.006479481641468721,-0.010799136069114423,0.23279422754747672,6510.0,55909.33734964169,395,6297496,2669826,443296,511843,1517140,981132,1132619,525003,801243,188848,947522,463000,330676,0,458000,0,667000,0
144,000576,2018-04-03,0.002955665024630516,0.0034482758620690834,0.9838789713737248,20270.0,149194.35911502677,425,3906971,22999279,265626,237795,1275668,2993722,940743,1507415,814506,1336761,0,3183987,0,2083236,0,2274835,610428,9381528
145,000581,2018-04-03,0.006799637352674637,-0.002266545784224694,0.47914575643026036,21865.0,296180.68804319535,2120,67122658,69774596,1125838,1595517,11142314,9581400,9817054,7467299,19044159,10192997,8263121,5644393,2248756,3875620,2198699,1270233,13282717,30147137
146,000582,2018-04-03,0.017942583732057482,0.019138755980861344,0.31418190596745954,10170.0,55370.3785199243,708,9855766,9175252,729690,652495,3530267,2559171,2063995,1957870,1978321,2396907,234920,0,0,696235,0,912574,1318573,0
147,000585,2018-04-03,0.0,0.0,0.14535007257864002,1500.0,64043.299991700835,425,0,4924800,0,766200,0,947400,0,368700,0,0,0,508500,0,671700,0,0,0,1662300
148,000586,2018-04-03,0.03387438249823571,0.038108680310515286,0.44901853109132095,12088.0,112062.06383078278,1016,19964486,21414517,682332,1247742,3264807,4770927,3719566,2668001,3278617,2672777,944056,1367735,1357365,1739043,2263913,984326,4453830,5963966
149,000587,2018-04-03,0.0,0.0027700831024930483,0.1681971829285243,28353.0,218296.31220896327,1845,56929233,110242114,1405672,957163,8261220,8900371,8389306,9863489,6704105,17232063,6508751,13985785,4182928,11465008,2221151,8817795,19256100,39020440
150,000589,2018-04-03,-0.007352941176470673,-0.009803921568627416,0.152409912399993,4884.0,47982.332977629725,717,8319681,5988148,683105,1015788,1692162,2410238,1541768,821883,1950644,1137683,606500,283500,303000,319056,890448,0,652054,0
151,000590,2018-04-03,0.014925373134328401,0.025373134328358304,0.3309686273448004,14165.0,157341.71262776584,1650,44503273,50519758,1072221,1571461,5765956,6963011,5252889,6017852,8565012,8832784,5953445,6117069,4625336,4821969,3895311,1815531,9373103,14380081
152,000591,2018-04-03,0.02320675105485215,0.016877637130801704,0.10355027478284676,9215.0,65347.358926390756,2103,27599553,30758169,1465724,1771783,6315537,10489041,4564839,4038808,6318338,6593037,3114708,2977747,2546945,1412433,1387715,913200,1885747,2562120
153,000592,2018-04-03,0.0,-0.007177033492822837,0.11151594187148457,10387.5,82954.49652523591,1410,28146981,23535024,1690159,1391870,5976609,4743542,4991549,3510001,5649916,3216689,2615687,3800459,2149606,697104,2219713,2269321,2853742,3906038
154,000595,2018-04-03,0.017937219730941756,0.0067264573991032695,0.20582723369982772,8980.0,34782.96441692914,469,5496754,4975626,376273,418746,2070451,2324658,1314437,1295360,1048821,733462,686772,203400,0,0,0,0,0,0
155,000596,2018-04-03,0.017346053772766767,0.00676496097137913,1.6268346435513683,11688.0,88386.01192649174,1258,21187496,21441978,1701509,1011227,4336803,6074986,4313364,3978334,3470022,3726800,2389560,1847453,981365,341620,843596,0,3151277,4461558
156,000597,2018-04-03,-0.007092198581560183,-0.010131712259371817,0.26385892671441186,6902.0,46553.50365592982,1401,16787501,12565879,1648446,1600673,4348074,4769735,3837925,2515033,2553733,2562350,1766147,718904,972404,399184,876772,0,784000,0
157,000598,2018-04-03,-0.006036217303822755,-0.012072434607645843,0.11713916219353603,5940.0,103678.69163629008,1804,36374505,19404320,2127036,1141630,9349033,3759940,4160174,2710746,3265507,2319935,4278626,1733995,1436579,317295,2761599,1375541,8995951,6045238
158,000599,2018-04-03,-0.01490066225165565,-0.019867549668874163,0.2726875940492249,10183.0,35682.76600645337,490,6545262,3966101,479273,362541,2626480,1602731,1327260,1177043,1633041,408234,479208,0,0,0,0,415552,0,0
159,000600,2018-04-03,-0.0014705882352941124,0.0,0.16696093871424741,13640.0,94842.37600538958,1661,37032145,29542620,1346232,1669223,7411366,8113219,5776095,4839883,7061937,5035781,4465840,3414984,3044373,1043440,923922,442680,7002380,4983410
160,000601,2018-04-03,-0.008915304606240793,-0.007429420505200679,0.22557308407824983,2668.0,42013.14842723962,890,8920734,5603816,889659,644026,2070206,1595405,2013591,1200614,1819554,1540255,825866,225116,0,398400,1301858,0,0,0
161,000603,2018-04-03,-0.010638297872340385,-0.010638297872340385,0.4154012789809106,13356.0,85005.53999830251,737,17170212,10169173,401335,658427,2981566,3814955,3065961,2387229,3465727,1506934,1137334,525186,1708182,315840,0,458843,4410107,501759
162,000605,2018-04-03,-0.030028598665395534,-0.023832221163012424,0.3920010378131675,37404.0,273091.5197022825,2873,145391640,108208455,1087594,1026586,18540995,12410479,17333896,14564256,26740356,18473476,20687628,10975157,16836882,11974030,10956763,5274717,33207526,33509754
163,000607,2018-04-03,-0.015000000000000013,-0.015000000000000013,0.13012962031695796,11457.0,162187.06773979295,2137,56800255,61562494,1496826,1915024,7980629,6712230,5856395,7642699,9204070,8923992,6933108,6916714,5889545,8261849,2259075,2780613,17180607,18409373
164,000608,2018-04-03,-0.006042296072507614,-0.007552870090634434,0.2839370881665993,9226.0,54624.146662238556,543,6712765,5145263,488072,719309,2325900,2561487,1060736,800016,1274180,147564,296715,256887,0,0,0,0,1267162,660000
165,000609,2018-04-03,-0.02190580503833528,-0.02190580503833528,0.41600443331614945,9999.0,56133.805901561915,481,9404819,3961677,606106,530743,2516303,1658825,1447086,1394809,1388275,377300,1280262,0,694277,0,938200,0,534310,0
166,000610,2018-04-03,0.023208879919273562,0.012108980827447047,0.35846389740834766,10100.0,92836.72290929349,764,11453374,14500075,489314,779826,2655418,3394946,1972970,2298297,3555588,1370860,887006,533070,343056,671309,0,1769447,1550022,3682320
167,000611,2018-04-03,0.0026917900403768957,0.0026917900403768957,0.40081071316488226,11160.0,51079.81584967004,343,5918777,3697736,330266,214189,1739489,1216178,1127072,701833,1068606,596523,1307024,969013,346320,0,0,0,0,0
168,000612,2018-04-03,-0.02904564315352709,-0.03734439834024905,0.15683080838133606,9758.0,40477.07590017266,2131,28233966,16807104,2152069,1599043,11437667,6862982,5995821,2650346,5934362,2389505,1781947,1811705,306600,375770,0,0,625500,1117753
169,000613,2018-04-03,0.09075487701441909,0.09075487701441909,0.28174001931879733,41745.0,1278180.1816829771,1774,406485900,199539702,1002259,635986,7384833,5515278,8160934,5041749,13401511,11394163,16000340,9719217,13334678,9493068,8060788,7039523,339140557,150700718
170,000615,2018-04-03,-0.004060913705583702,-0.01624365482233503,0.1954417409412527,26757.0,117365.1710673041,2543,89245922,67987527,1721963,1960511,13632651,11980636,14406662,13333959,19339298,17123216,12357167,8060500,6593774,4051990,4825011,2234659,16369396,9242056
171,000617,2018-04-03,0.0015384615384614886,-0.002307692307692233,0.5526197726773465,6505.0,58138.23388906777,553,7934484,3611985,555556,505249,1865148,1396100,1797184,641721,1272544,539595,260000,529320,343200,0,431600,0,1409252,0
172,000619,2018-04-03,0.016666666666666607,0.008333333333333304,0.2824069932251771,7260.0,144144.2409294018,650,5962072,10151969,534205,722098,2466556,2509015,1186152,961731,1035119,658485,240240,0,0,343440,499800,0,0,4957200
173,000620,2018-04-03,-0.0016501650165016146,0.0,0.20524679086490008,9075.0,68550.17554899184,872,14638616,7521957,997257,917235,4037715,2609604,1864582,2163258,2437634,445731,974142,0,640958,0,0,0,3686328,1386129
174,000622,2018-04-03,-0.0182648401826484,-0.013698630136986245,0.22092169278675186,4763.0,25117.142459334562,393,2873481,2338646,289024,683466,1222642,935456,611374,303403,750441,416321,0,0,0,0,0,0,0,0
175,000623,2018-04-03,0.009713453132588645,0.004856726566294434,0.4767490268756267,20700.0,157840.3323268101,1865,56913514,58268254,1146647,1036541,8794739,8940140,8199201,8002619,12853228,13354323,7346700,6357717,2012592,3694268,4815583,2579884,11744824,14302762
176,000625,2018-04-03,-0.003555555555555534,-0.007111111111111068,0.2608149259015415,15708.0,96879.3532191164,1861,51261807,32049890,1145565,1584031,10272104,8168157,8105060,5957968,11100564,5946753,5556057,3103233,3160789,1329553,1448894,492360,10472774,5467835
177,000626,2018-04-03,-0.0017436791630340842,-0.00959023539668713,0.4014688884064664,11420.0,55349.434000284105,816,14054063,10984138,475158,785980,3785216,3197389,2515750,2783596,3329484,3438100,1914878,457308,0,321765,421875,0,1611702,0
178,000627,2018-04-03,0.021220159151193574,0.010610079575596787,0.1775710504148233,7670.0,71030.9397962695,1806,27960248,27540248,1819438,1441091,5654145,6341777,5179882,4476059,5882280,4912229,3703313,3483630,2169396,1740615,1344288,2214223,2207506,2930624
179,000628,2018-04-03,0.08799048751486338,0.053507728894173434,0.20897436186986534,19320.0,96395.78524309641,1627,32634839,38468340,819675,1690636,7379933,9924136,7055110,7949347,8994588,8130317,3697044,3795115,2563190,2319932,848242,1724569,1277057,2934288
180,000630,2018-04-03,-0.003831417624520994,0.0,0.05416682014113006,8320.0,159594.4732471411,2356,60214503,36441599,2674629,1818105,9479033,5485335,8496804,4161165,14145335,6617801,4793468,2536658,2059827,1071052,880859,460980,17684548,14290503
181,000631,2018-04-03,-0.007407407407407418,-0.007407407407407418,0.1276798756732142,14069.0,68952.61748409853,1008,17904430,7057427,829781,414409,8625352,1972383,2921239,1455777,2079417,1139039,738965,719483,352151,377611,0,0,2357525,978725
182,000632,2018-04-03,-0.04153354632587858,-0.036741214057507965,0.16949843911052395,6130.0,286532.7475497505,1374,27016569,27734126,1825552,655195,4100468,2771832,3921740,3252756,4407759,6919753,4923017,1698778,2256946,1617606,409585,0,5171502,10818206
183,000633,2018-04-03,0.022194821208384674,-0.011097410604192337,0.3678036622253557,20124.5,96233.76743996734,486,11979227,17061752,317519,331343,1975526,1897158,2086838,2518847,2441422,3446514,2507682,3986002,1843740,1678548,806500,2594108,0,609232
184,000635,2018-04-03,-0.007968127490039945,-0.009561752988047845,0.4939355598044634,12460.0,40459.64177874078,645,9571505,6654729,592869,633186,3544037,2423671,2794146,1490097,1905139,1279762,238559,527744,0,300269,496755,0,0,0
185,000636,2018-04-03,0.020000000000000018,0.0028571428571428914,0.2633250488643564,53124.0,278013.7529848357,2831,198409496,167559147,1268359,1077543,13311451,8421879,17800184,16279853,30767829,28974531,27218514,24533007,17984148,18498138,13481667,12929987,76577344,56844209
186,000637,2018-04-03,-0.007421150278293154,-0.007421150278293154,0.21620727596427622,10580.0,39011.75960563036,621,8168763,6073955,476337,717122,2489672,2613179,1793913,1769135,1805453,638183,1248308,0,355080,336336,0,0,0,0
187,000638,2018-04-03,-0.013590033975084848,-0.007927519818799578,0.26749808973357203,12243.0,70128.5822252149,1090,19548839,15629180,1166449,1116719,4963638,4519514,4939748,3965979,3125731,3341866,1773109,2155902,347600,0,0,0,3232564,529200
188,000639,2018-04-03,0.04248573240329745,0.02853519340519961,0.40380285672067084,12899.5,111778.87765664907,1526,26052968,32341886,1684446,1187754,7511447,5393349,5717868,5545376,6203100,5778918,1604462,2439753,987142,952727,0,1276317,2344503,9767692
189,000650,2018-04-03,-0.0019762845849802257,-0.005928853754940566,0.1622722042206179,8031.0,92916.67305305805,973,15671724,9788396,819688,749481,3760915,2654268,2803109,1828799,2507264,2720439,1688043,798354,719430,1037055,873275,0,2500000,0
190,000651,2018-04-03,0.013626373626373534,0.006813186813186878,0.7619024288719847,174420.0,785977.1979231864,3567,568517781,716496126,239532,460246,5117577,8169890,20624517,19821358,51145948,52740545,50996549,54950572,47321473,48193642,38611539,41304290,354460646,490855583
191,000652,2018-04-03,-0.013157894736842035,-0.010964912280701733,0.13083320212314842,6314.0,53934.715444492445,1217,17165535,10429812,1326726,1150720,4842714,3329803,2570060,1957182,2769364,2329740,2065908,929191,960414,308715,1338775,424461,1291574,0
192,000655,2018-04-03,-0.008992805755395628,-0.010791366906474753,0.15880294456444286,8768.0,48868.48789180438,1227,16776688,12052132,1254431,1154970,5047523,4099551,4247704,2926769,2590592,1821561,1450817,652191,1072431,316869,0,415331,1113190,664890
193,000656,2018-04-03,0.027027027027027195,0.009009009009008917,0.13091159320499565,17984.0,206705.09875656196,1802,70818397,66339046,1339952,1069378,7955326,6484079,7474574,7039876,8021618,11601486,9010830,6148388,6216282,5758562,3646473,4839085,27153342,23398192
194,000657,2018-04-03,0.05291970802919699,0.06751824817518237,0.2995114540566205,8235.5,80754.92647816509,1350,17622994,28879926,870891,1267226,4416032,4327937,3852787,3749434,3904517,5795692,1791125,3394991,1367117,2753110,1420525,2802444,0,4789092
195,000659,2018-04-03,-0.002732240437158584,-0.013661202185792476,0.15070912434512157,15972.0,121740.27997894057,590,22726958,9607522,346842,504155,2137721,2509638,2295116,2186137,5539143,1866724,1249108,679612,3229857,1143530,1754404,0,6174767,717726
196,000661,2018-04-03,-0.03404663768279603,-0.03619219693975506,3.594326668186278,68404.0,524060.7765097644,2431,320412951,193992751,12507,18541,10021988,10461696,17383579,14008417,31718221,21473133,19500601,14500669,16372434,11428023,18050063,11893383,207353558,110208889
197,000662,2018-04-03,0.03874092009685226,0.03309120258272791,0.2556718853080997,17878.0,87394.2069000038,2353,38528657,65738074,734708,2486522,7456720,16759014,6652067,14987837,8671235,15215263,5502491,5528670,2768405,3347320,1423698,455760,5319333,6957688
198,000663,2018-04-03,-0.012711864406779738,-0.014406779661016889,0.29558232748021773,19975.0,86569.12412186094,1594,41039505,28368285,1027051,1110866,9519837,8812532,7510484,6632247,8961686,5060160,5414335,1924959,3831034,1440880,880385,0,3894693,3386641
199,000665,2018-04-03,0.0049554013875123815,0.0049554013875123815,0.352443514889776,20260.0,160498.76389438205,819,30861980,19853063,456417,391896,3670069,4241413,3229970,2875112,5708790,5582826,2708735,2439486,2201446,606002,846970,409045,12039583,3307283
200,000667,2018-04-03,-0.01016949152542379,-0.013559322033898313,0.08275987638352071,5860.0,54604.559602320245,1278,14296048,8988067,2135205,1293531,3375800,3497025,1564304,1814965,1559093,647871,1296688,697633,1334874,0,830740,492355,2199344,544687
201,000668,2018-04-03,0.007120253164556889,0.004746835443037778,0.6335450009275568,3840.0,31539.876941879484,398,2075216,3632138,95056,622586,619746,1251953,616968,657513,474640,844086,268806,256000,0,0,0,0,0,0
202,000669,2018-04-03,0.020797227036395194,0.020797227036395194,0.29412630783454224,10566.0,56774.241780768505,1541,22755777,20410349,1629662,1184755,5009637,6649202,5334055,4046555,5998655,3415459,2054582,1863379,1821238,363440,907948,0,0,2887559
203,000670,2018-04-03,-0.006644518272425071,-0.021594684385382035,0.10560200297652518,31270.0,249909.88757532032,3263,154023529,121662918,1693811,1805192,16858491,14499707,17965870,16387373,31904285,23920766,19631268,13155813,13192241,13306055,12341051,4726691,40436512,33861321
204,000671,2018-04-03,0.01182654402102501,0.009198423127463773,0.16465517370968036,16149.0,190822.30865143894,2140,70233227,63070719,1543505,1447439,9387751,8663267,9606500,9506660,12596787,12816181,8147915,7190620,4343689,5481455,5028609,1719187,19578471,16245910
205,000672,2018-04-03,0.03367003367003352,0.036195286195286114,0.21102725096106792,47044.0,198271.21935273742,3174,146142328,193729436,1261094,1379588,14621634,15723386,20955000,21094026,31354693,36115180,16083053,23255957,15521390,16203619,11645358,14348579,34700106,65609101
206,000673,2018-04-03,0.008980115458627314,0.008980115458627314,0.473733165210618,22092.0,123918.78177662536,1083,22064039,40722638,851445,805895,5680928,5595588,5052730,4280203,4990868,5048509,1239687,4060763,664297,6948990,413163,3202758,3170921,10779932
207,000676,2018-04-03,-0.01732673267326723,-0.01732673267326723,0.3457253580438532,12100.0,86095.24123819664,1229,24196421,17450098,1009940,1042398,5984855,5449934,4659843,3019741,5011460,2463959,1337880,2055505,2154102,1011934,941501,417450,3096840,1989177
208,000677,2018-04-03,-0.009202453987730008,-0.0030674846625766694,0.15416274736720734,5508.0,30109.362187593302,447,4314576,2926949,431358,365443,1465951,1180391,1395184,689786,702015,691329,0,0,320068,0,0,0,0,0
209,000678,2018-04-03,0.004862236628849326,-0.0032414910858994395,0.27774731658890695,4952.0,40941.91845558967,493,5061010,3873809,414683,458575,1291798,1585094,1200767,421716,909768,570568,1243994,212098,0,625758,0,0,0,0
210,000679,2018-04-03,-0.003225806451612967,-0.008064516129032251,0.2876217358136471,4333.0,26787.69233944233,464,4909751,2327617,776794,273991,1483992,1071334,1520132,982292,651696,0,477137,0,0,0,0,0,0,0
211,000680,2018-04-03,-0.006944444444444531,-0.006944444444444531,0.12052296468912839,3852.0,50104.59848116149,1288,12384215,10521472,896943,1763865,3359048,2733551,2021334,2293685,2817502,929028,1248586,1099379,711612,315744,1329190,403176,0,983044
212,000681,2018-04-03,0.013673983447283211,-0.008996041741633709,0.5930566162217763,30547.0,171206.64666311207,2202,85493663,87899582,850349,1249358,9082599,11517327,11184581,12040427,16269894,19294901,13542659,10856187,8554377,6284897,8029323,4381325,17979881,22275160
213,000682,2018-04-03,-0.02765957446808509,-0.025531914893617058,0.11767925032909965,6019.0,244942.607373099,1601,25136261,31169698,1923431,1220742,5649662,4284818,4519297,3204955,3686095,4985521,2256207,3146584,667015,352935,2672057,408957,3762497,13565186
214,000683,2018-04-03,-0.0074906367041198685,-0.0074906367041198685,0.07281535985854015,3180.0,112824.97207520154,1353,21257149,11924686,950424,973278,3447411,3590421,4094652,2746159,2504554,1427483,1044652,796046,0,0,933065,0,8282391,2391299
215,000685,2018-04-03,0.00805639476334341,0.0060422960725075026,0.26447743175144406,7959.0,35691.12349409431,1410,11071337,13819374,1575457,1553714,4990176,5589948,2279261,2804825,1222013,1959277,249750,1911610,0,0,0,0,754680,0
216,000686,2018-04-03,0.01146496815286624,0.008917197452229297,0.19268381727235176,15780.0,127043.51980246148,1661,43645281,49212175,1125969,1450012,7020861,7099553,6804131,6991432,8091268,7418667,3298097,4498311,5121252,6338111,3529066,5288967,8654637,10127122
217,000687,2018-04-03,-0.010456273764258506,-0.019011406844106404,0.26617051604943115,17748.0,93195.26632508094,1563,43806735,28453816,841459,1214948,6723365,8165514,7280410,6010518,11026310,5878863,4628396,3181787,4592795,1339162,406770,422584,8307230,2240440
218,000688,2018-04-03,0.007920792079207928,0.005940594059405946,0.2952437396536304,19771.5,89775.95757021668,1170,21322870,33801718,686727,768480,4096011,7351511,5108478,6922350,4504520,6593917,2513964,2717926,1017656,1458171,1316931,3170217,2078583,4819146
219,000690,2018-04-03,-0.008526187576126665,-0.0073081607795372205,0.23095829284324831,8160.0,120998.85711922108,1264,28991726,18617553,2052766,1228510,4428939,4294467,2930030,3856899,5425432,4826578,3036333,473279,1828245,1327243,2351536,0,6938445,2610577
220,000691,2018-04-03,-0.011475409836065431,-0.013114754098360715,0.3553226632391155,8843.0,47790.65580457384,294,4248095,2127056,229915,320502,1108574,1131830,1024471,553724,589729,121000,690406,0,0,0,0,0,605000,0
221,000692,2018-04-03,0.013452914798206095,0.04035874439461873,0.10118636955023727,11934.0,136055.24045154857,1960,39970322,56781488,1199737,1884645,5977810,9112942,6161057,6484638,6606012,10890303,5043159,7269973,4486678,3490283,2251215,896055,8244654,16752649
222,000693,2018-04-03,0.0,0.0,0.968106750745412,2250.0,16995.292071624648,59,0,455250,0,129000,0,210000,0,0,0,116250,0,0,0,0,0,0,0,0
223,000695,2018-04-03,0.024819027921406445,0.026887280248190315,0.40366119417933866,9805.0,48805.51039265425,574,5771754,6292434,646492,731624,2540009,2071338,1333959,1487494,918094,946862,0,295054,333200,0,0,0,0,760062
224,000697,2018-04-03,-0.0070814365199798335,-0.018209408194233667,0.48648069339081323,28049.0,151029.34877031515,1652,70140246,48047017,1026842,1254143,8141929,7241597,9348271,10594562,12887784,9134910,6146075,7601091,8609094,3732730,4303766,3443963,19676485,5044021
225,000698,2018-04-03,-0.005576208178438735,-0.0037174721189590088,0.2030061633096438,10720.0,65240.094322021956,702,13510373,8693401,669332,589413,3017269,2711069,2242128,1725705,2525754,1272011,1884922,270111,1398480,666248,1772488,915876,0,542968
226,000700,2018-04-03,0.016161616161616266,0.010101010101010166,0.19487161470356437,8016.0,50488.264012145606,645,10142291,7992199,983191,477911,2728104,1459653,2758060,2011590,1782195,2103580,1571466,1175247,319275,326845,0,437373,0,0
227,000701,2018-04-03,0.0730158730158732,-0.022222222222222143,0.19344689993121555,18540.0,150055.935196543,2391,73741893,53536866,1949784,1694372,11375597,9621957,10968077,10338259,15693599,11315915,10717569,6941182,6662879,2397638,3490019,2543705,12884369,8683838
228,000702,2018-04-03,0.001524390243902607,-0.0015243902439023849,0.22272990285885247,13100.0,59167.714171941785,868,14179953,12098884,593262,988533,3373481,4504774,3039763,2334207,3103036,2132219,1932292,747782,1333863,734404,0,0,804256,656965
229,000703,2018-04-03,0.0,0.0,1.4091070938659953,4682.0,67924.71790660244,275,0,5552852,0,838078,0,1322665,0,585250,0,802963,0,234100,0,348809,0,0,0,1420987
230,000705,2018-04-03,-0.011479591836734637,-0.017857142857142794,0.29753688101944026,7810.0,48859.25469033227,694,10211740,5218321,714468,744970,3401956,2352871,2283850,1507780,1192702,362320,946468,250380,322596,0,0,0,1349700,0
231,000707,2018-04-03,-0.014742014742014864,-0.017199017199017286,0.17777712292853123,10137.5,39176.70918873304,524,6350061,4990928,423326,322170,2978934,2357919,1049912,1060402,1057460,277623,520429,0,320000,972814,0,0,0,0
232,000708,2018-04-03,0.006796116504854233,-0.002912621359223433,0.3121477585292432,5105.0,42705.91793353747,1089,11705798,7102855,795073,1450540,3623140,2368191,1570690,1508539,3277306,1236815,843089,231750,309000,307020,0,0,1287500,0
233,000709,2018-04-03,0.0029325513196480912,0.0029325513196480912,0.06914246898104588,5145.0,148543.05401078583,2452,46254512,45241385,1269184,2219510,7495900,7425340,5917313,5228947,10361430,5193382,3789086,1714883,3279768,1449220,3280177,1834890,10861654,20175213
234,000710,2018-04-03,0.08269082498072478,0.08326908249807241,1.0219477695196588,63745.0,493953.5772177262,2583,310586956,183853249,1135475,534548,11100655,7609163,18137943,11396686,32870997,20770409,24908005,21151545,23957444,18258115,18604708,11552800,179871729,92579983
235,000712,2018-04-03,0.019933554817275656,0.020598006644518163,0.3655051836141904,16907.0,116060.05783392784,1696,37327053,49092724,1020963,1246178,7251499,8792677,8270809,6897052,8172215,11243404,3670404,5446511,2684213,1646776,2656987,892392,3599963,12927734
236,000713,2018-04-03,0.010086455331411948,0.014409221902017322,0.1874078607206483,14805.0,87353.15821432768,1373,30283759,27999762,1001429,1250713,5760196,5705168,6409215,6571616,7718881,7890544,2418777,3802934,1769686,977443,451554,0,4754021,1801344
237,000715,2018-04-03,0.0035502958579882726,0.002366863905325589,0.4287629075127094,3384.0,19729.418256168217,388,1923103,1774848,185651,661128,838779,644857,646912,130524,251761,338339,0,0,0,0,0,0,0,0
238,000716,2018-04-03,0.009380863039399667,-0.0018761726078798668,0.21731268951779312,10640.0,37144.59383932681,601,6916859,6168662,576951,322915,2880952,3077066,1747570,1323268,1006578,656817,704808,258596,0,0,0,0,0,530000
239,000717,2018-04-03,-0.013223140495867813,-0.014876033057851235,0.12130197899486367,18150.0,124850.14341569411,2496,80822034,50070016,1448576,1595280,16492733,8445420,11824807,8721404,16619376,10353609,5801627,5980741,7065828,4409722,1847870,1699974,19721217,8863866
240,000718,2018-04-03,0.004987531172069959,0.004987531172069959,0.12302085906048536,5642.0,78031.99496109577,1065,14361286,9973904,1132758,1293859,3928349,2802660,2192667,1814565,1896263,1342396,1109136,613463,319968,306323,431877,419045,3350268,1381593
241,000719,2018-04-03,-0.012805587892898651,-0.017462165308498312,0.23544942749555325,5052.0,24749.984405558294,1334,10082043,6330438,1262543,1490980,3742873,2328829,2701089,1104677,1949073,1405952,426465,0,0,0,0,0,0,0
242,000720,2018-04-03,-0.0024271844660194164,-0.0024271844660194164,0.18240215338476742,8260.0,119105.17710652215,510,10230600,4599313,413776,634224,2069227,1555835,2044650,840018,688386,1026144,665292,201544,1135839,341548,0,0,3213430,0
243,000721,2018-04-03,0.0,-0.0038986354775827348,0.19130702924024615,9333.0,46368.24546161811,720,8741353,6999149,519692,763880,2541372,2739835,2783885,1304153,661273,1050809,703611,1140472,0,0,412000,0,1119520,0
244,000722,2018-04-03,-0.009205983889528202,-0.00575373993095496,0.40751198887334694,9504.0,41824.44684424359,454,7234332,3340541,427866,557159,2154854,1732278,1333463,1051104,1969622,0,241335,0,1107192,0,0,0,0,0
245,000725,2018-04-03,-0.0038461538461539435,-0.011538461538461608,0.08693472653776901,261000.0,1914371.0795855857,3597,1124709660,1348230439,135084,221063,4170883,6318614,13227325,18820909,44321062,58023762,46246408,54789903,46220649,57398034,46159876,57111100,924228373,1095547054
246,000726,2018-04-03,-0.005791505791505669,-0.007722007722007707,0.37396291799253806,4124.0,64724.321261585246,767,10851233,5431727,575411,684694,1824290,1955938,1244602,1340809,2806077,753736,943174,696550,306300,0,852958,0,2298421,0
247,000727,2018-04-03,-0.008333333333333304,-0.01666666666666672,0.05712935717040259,7854.0,156821.5780055616,1786,45303495,24304824,1409573,1547996,7924613,5823641,5154015,2616046,3870446,4584572,3990058,2248909,1077186,1019912,2193389,0,19684215,6463748
248,000728,2018-04-03,0.0032715376226826187,0.0021810250817884125,0.2090827635529712,18360.0,177444.53185187175,1926,64556107,60904417,2025724,1123136,8096247,8355163,8920242,7441188,11218660,11982843,6949885,7398388,4929626,5997610,2197721,4499985,20218002,14106104
249,000729,2018-04-03,0.021164021164021163,0.013227513227513255,0.18365877201691005,12088.0,93656.60701215989,1696,28046700,35367626,1466785,1581542,7082283,7105994,5259174,5316202,5921153,7120043,3266365,4736402,2066610,1383805,958203,469821,2026127,7653817
250,000731,2018-04-03,-0.006849315068493178,-0.008219178082191747,0.257539180275082,13832.0,88311.81604064084,803,19530687,12286947,637343,904958,3350648,3687499,2976686,2281593,4193066,2844369,3887530,515416,1003786,0,0,1353042,3481628,700070
251,000732,2018-04-03,0.013533834586466176,0.001879699248120259,0.4957924077100341,56091.0,413470.7191119265,2883,225371022,203900991,868937,823639,12468477,11314377,17194885,14818150,35483008,25036013,28158613,23370245,23030018,19319599,16611245,14729557,91555839,94489411
252,000733,2018-04-03,-0.004279600570613273,-0.012838801711840153,0.2963923699620131,19586.0,154723.5019551527,2239,76785106,51650823,1643443,1349670,10237178,9241237,13031351,9111553,16161697,11892462,10475931,4815968,2636508,2783519,2187347,1349411,20411651,11107003
253,000735,2018-04-03,0.04739336492891,0.04265402843601884,0.1843923468216681,84552.0,411588.17903473263,3285,346590448,351986220,794881,934615,10999103,11664011,17459671,17715508,38910192,40986049,31083628,30892372,29064679,29329623,23582685,22182156,194695609,198281886
254,000736,2018-04-03,0.0032573289902280145,0.0016286644951137852,0.6906210480686673,16299.0,70982.88766894331,711,12759798,11713248,619402,652229,3554019,3180405,3092932,2191833,1995228,2453964,233856,1763112,1354459,675054,932774,0,977128,796651
255,000737,2018-04-03,0.0026595744680850686,0.0,0.19700756135123756,7182.0,50106.696202385945,364,4226640,3803492,401956,280366,1964688,843837,644842,494816,1215154,412989,0,219618,0,993938,0,0,0,557928
256,000738,2018-04-03,-0.010791366906474753,-0.024580335731414826,0.31312939816493873,38933.5,189094.9986099006,2842,162647099,102469487,1195681,1664044,12971083,14028661,17084535,16506423,29473537,24669605,20638109,12984966,14753178,7541398,6845595,4465127,59685381,20609263
257,000739,2018-04-03,0.03875968992248069,0.037209302325581506,0.16580931586007772,14038.5,99912.35541494028,1516,27589042,45048856,1304481,1270454,5946295,5798014,6128400,7074056,5606765,13547640,2013319,4922189,2365778,2838671,448875,1342632,3775129,8255200
258,000750,2018-04-03,0.0,-0.002309468822170868,0.12097432022162678,6959.0,92226.75733269271,1284,16740172,21714379,903321,1469604,4470242,4955825,1925686,3299404,3111611,1981730,1685713,1788469,1702444,1475435,413424,979948,2527731,5763964
259,000751,2018-04-03,-0.0022222222222221255,-0.004444444444444362,0.1363199842258015,8940.0,73278.5244473405,1091,17980421,11290877,1225575,1035716,4767250,3432290,3392303,1691100,3419217,2259290,1672769,1421868,631885,0,0,0,2871422,1450613
260,000752,2018-04-03,0.0014450867052022698,-0.0014450867052022698,0.6622998988732149,13710.0,130076.71233441638,436,7647328,11987765,296566,416608,2162678,1809747,1251392,993930,1907880,687133,696452,660228,0,349750,826200,1398504,506160,5671865
261,000753,2018-04-03,0.0,0.002949852507374562,0.15263707452499722,9831.0,52044.355924829055,493,6437178,5799974,494045,303599,2237530,1842536,1376602,856343,1517306,1106778,474695,251199,337000,340000,0,0,0,1099519
262,000755,2018-04-03,-0.004769475357710662,-0.007949125596184436,0.35179405202580205,6290.0,34458.52026503329,319,3465779,1557165,347503,292252,1235927,743909,460563,63200,631482,238786,460708,219018,329596,0,0,0,0,0
263,000756,2018-04-03,0.009531374106433788,-0.002382843526608336,0.36586596894430595,12580.0,47554.6308928112,1184,20002274,10590217,1239344,798031,7498348,4517124,3544089,2317556,4111407,2066558,1446836,214630,359788,676318,494312,0,1308150,0
264,000758,2018-04-03,-0.003472222222222099,-0.0017361111111110494,0.16151011329921167,6325.0,101246.67034785576,1274,20754953,16957994,1151103,1246351,4731829,3631578,2334882,2442652,3015535,2617656,2023379,1534583,1322302,1038899,1343820,868093,4832103,3578182
265,000759,2018-04-03,-0.01916167664670665,-0.017964071856287456,0.2329590955423616,13104.0,49810.64525556003,1285,23696041,14113073,1406016,1265364,7400148,5518587,5360988,2815617,5828883,2515096,2440962,917007,638434,338252,0,0,620610,743150
266,000760,2018-04-03,-0.008298755186721962,-0.010373443983402675,0.18891699308052315,6227.0,37750.95010445506,651,6708377,6257836,593611,773969,2511747,2244766,1496013,1300411,1099300,866097,1007706,744825,0,327768,0,0,0,0
267,000761,2018-04-03,-0.006818181818181834,-0.006818181818181834,0.10027811506470355,3511.0,65363.15788465852,1936,22172529,17359668,1185508,2380345,5210043,4783011,5309920,2288912,3525390,2558795,2442504,1789582,699082,616233,1682256,440000,2117826,2502790
268,000762,2018-04-03,0.04245640636846093,0.03411675511751344,0.2747617621121476,26420.0,169747.75021917323,2311,81421927,100401928,1442486,1375602,10367203,10624886,10694489,11739471,16366852,16169924,9683716,9533399,8527455,9826967,6239238,5638684,18100488,35492995
269,000767,2018-04-03,-0.014598540145985384,-0.014598540145985384,0.1511760239395065,5168.0,46048.47995081166,328,4291882,2385352,347449,211118,1210337,514738,1021484,587652,818459,450976,475458,273000,0,347868,418695,0,0,0
270,000768,2018-04-03,0.035734226689000614,0.013958682300390768,0.3177829516369525,66563.0,382896.2527361877,3180,296791374,292075523,1308915,906043,12590977,9670012,18993945,15369615,38154064,34260551,30234156,26017912,20616264,25421035,25894639,21264418,148998414,159165937
271,000776,2018-04-03,-0.0006067961165049374,-0.0030339805825243538,0.31977285756349544,49365.0,308420.5906719594,2658,197781527,177603541,1268180,1300229,10820752,9681352,15422528,14623477,30252263,26977385,20579891,20334897,17934581,15478149,11244882,11194671,90258450,78013381
272,000777,2018-04-03,-0.014598540145985384,-0.0131386861313868,0.42761754618406744,8142.0,62720.349037227075,1026,16280760,9516212,908889,997537,4162720,3348421,3399989,2066997,2830131,872704,968250,1405319,1637995,0,0,825234,2372786,0
273,000778,2018-04-03,-0.0041753653444677186,-0.0041753653444677186,0.10756938115202645,6252.0,101303.02419425412,1989,34529873,31523684,1187813,2581140,5566883,6832710,4176542,7461524,6318622,6847326,3364159,2846680,2855900,677564,1416252,960959,9643702,3315781
274,000780,2018-04-03,0.004081632653061051,-0.0020408163265307477,0.24693260694180091,4890.0,75553.51480828901,393,6421934,3056133,457115,223925,1572813,1337907,1533251,414566,758131,261590,501610,508119,323544,310026,0,0,1275470,0
275,000782,2018-04-03,-0.02384291725105192,-0.02244039270687237,0.23907056623398765,7700.0,503660.0036737009,890,16415679,23690654,991159,719441,4008422,2678828,1977250,1965552,3120815,2105424,2413572,921650,1001251,362409,1812536,0,1090674,14937350
276,000783,2018-04-03,0.00554785020804438,0.00277392510402219,0.1873453084555492,14340.0,97712.81670083264,1482,29736061,33914298,1178646,1468796,6525520,6125481,6413861,4790271,4976377,5405286,3036146,3046118,1383217,4442183,1370388,3225929,4851906,5410234
277,000785,2018-04-03,-0.011578947368421022,-0.004210526315789331,0.3699029953437726,9530.0,64716.55273888496,659,10912466,6567821,620764,656860,2619876,2709494,2361573,1971963,1498000,524068,1440751,255136,712650,0,0,450300,1658852,0
278,000786,2018-04-03,0.0160493827160495,0.0057613168724279795,0.4538201292191309,33679.0,242452.7591908024,2870,143772054,118263524,1293872,1614109,18067155,12963588,15229883,13286803,22327160,20879993,19117174,14908679,13344418,10675772,6895071,6920644,47497321,37013936
279,000788,2018-04-03,-0.011142061281337101,-0.011142061281337101,0.27234729105269245,14260.0,94427.73891122165,695,18996575,9316304,499512,755748,3579511,2806503,2729283,1973592,3359606,2063142,1385353,458662,1447912,1258657,496300,0,5499098,0
280,000789,2018-04-03,0.04911092294665531,0.057578323454699376,0.20152006625544486,99520.0,362703.4754436649,3443,318404539,386229488,558102,759499,11085194,10589157,23579790,21936583,50317414,47225697,36339427,43346342,32686516,34386707,27077008,32111681,136761088,195873822
281,000790,2018-04-03,0.009768009768009733,0.0012210012210012167,0.17769075833744544,19704.0,152528.1753866814,2130,64183665,51402275,1483238,2012896,10050497,10966166,9064937,9912117,13753229,10574398,6005016,5989727,3504650,3085055,3911496,1298873,16410602,7563043
282,000791,2018-04-03,-0.013081395348837233,-0.013081395348837233,0.21354806987895433,10872.0,52928.98102892535,1038,16274175,10686441,1062422,893042,5333353,3786367,3588990,2478921,2379938,1664271,1690216,690452,0,680984,416160,492404,1803096,0
283,000792,2018-04-03,0.08672699849170451,0.07692307692307687,0.2284171884850656,128430.0,746041.2885079448,3381,470894358,717320147,742371,733456,9358824,9575695,15939063,15437277,38528794,35580589,34957252,33564819,36473768,39536951,35578896,33688209,299315390,549203151
284,000795,2018-04-03,-0.01715265866209259,-0.018867924528301994,0.13156263539040206,17400.0,77479.63251069612,1968,53162542,33960385,1483212,1665505,9941423,8187334,10037874,9121527,13048889,6804321,6901480,3514692,5313599,1400120,2818735,1278672,3617330,1988214
285,000797,2018-04-03,-0.012542759407069504,-0.014823261117445696,0.288196868610504,8630.0,57573.45704939353,926,14645418,8108334,829565,1182546,4874369,2875268,2276088,983143,2591757,1765716,1297457,743741,0,0,1306681,0,1469501,557920
286,000798,2018-04-03,-0.009569377990430672,-0.007177033492822837,0.3586318661062609,8360.0,139811.0098774391,543,6671276,9739573,577559,652798,2128206,1990421,2085010,829159,827093,617133,249000,0,307470,0,496938,413500,0,5236562
287,000799,2018-04-03,0.013992129427197186,0.010931351114997767,0.5135528017406044,20664.0,84669.44987927818,1985,48543397,42581984,1728299,1154739,9465596,8682405,10019243,8277884,11964356,9946613,5672235,7458814,5738083,1372825,1316361,3186106,2639224,2502598
288,000800,2018-04-03,-0.0029910269192422456,-0.004985044865403632,0.26883909641616033,27902.0,119810.5975127894,1392,51003429,35926881,868170,1507977,5895839,5816707,15345046,5863390,7653260,7707201,3431719,3624396,6390518,2258119,3641884,431000,7776993,8718091
289,000801,2018-04-03,0.036809815950920255,0.019938650306748684,0.13675790163871063,24679.0,142898.40460877,2281,88103849,77910344,1602155,1323925,10073447,9508511,11758887,9700622,17363056,16226440,12314224,11131906,9701968,6983347,7710390,5314898,17579722,17720695
290,000802,2018-04-03,-0.006855184233076295,-0.005141388174807249,0.37349176662113254,9288.0,48828.70060164532,976,15096547,10068590,1010093,952267,4426084,3501154,2987288,2215047,3309530,1825458,1911383,1134607,350874,0,437745,440057,663550,0
291,000803,2018-04-03,-0.004024144869215207,-0.021126760563380143,1.5452298042175012,13650.0,75141.97012352217,165,2965998,1390181,92209,176749,815834,426668,377989,63584,431046,109340,470520,217840,0,396000,0,0,778400,0
292,000806,2018-04-03,0.00390625,0.0,0.164588928938115,16086.0,79231.03892769529,2180,52451396,36238766,1952019,1875898,13478404,8554082,9016778,7521164,11708846,7974582,5935768,3710237,1306404,2248332,3088069,935286,5965108,3419185
293,000807,2018-04-03,-0.0026075619295957697,-0.0013037809647978849,0.14654692647380738,28416.0,204293.58672482593,2745,126214419,117705905,1644660,1961585,11725570,12324233,12803831,16141918,23061448,22354525,15735577,15533776,12254790,10392395,7937861,8844064,41050682,30153409
294,000809,2018-04-03,0.01183431952662728,0.002958579881656931,0.17195257600373226,5085.0,51073.342713603626,386,5265555,3362462,460458,159920,1243418,1091779,566950,1014868,1577765,586413,535542,509482,339022,0,0,0,542400,0
295,000810,2018-04-03,-0.029816513761467878,-0.025229357798165264,0.16771683698920176,16340.0,95444.82124810445,2711,72677811,42235221,3823236,1557539,15342753,10375513,13139733,9210314,16947619,10262106,8459629,2643953,4553471,1351427,3222677,418858,7188693,6415511
296,000811,2018-04-03,0.02155172413793105,0.01867816091954011,0.25012316433331044,14160.0,97929.49572852501,775,14314669,20394266,868195,619413,3416723,2413538,2520450,3768082,2394042,5452090,901568,1901840,1074799,1698973,427420,1825362,2711472,2714968
297,000813,2018-04-03,0.010714285714285676,0.010714285714285676,0.3243471462574694,8380.0,60064.75214655448,670,11521891,7952756,589640,865286,2258056,1944177,3630809,1683156,2697465,1487304,1021901,435513,336000,311436,417500,465684,570520,760200
298,000815,2018-04-03,-0.008210180623973717,-0.009031198686371034,0.47441047251562035,12020.0,76386.1907371169,659,11924744,9175325,446226,736625,2719891,3176894,1464642,1450675,2764623,1542835,1445579,815557,746078,0,490360,868099,1847345,584640
299,000816,2018-04-03,0.005830903790087438,0.011661807580174877,0.06751775986880434,18630.0,118016.19821394104,2605,71153554,90731613,1817231,1760300,9758237,12318219,8808948,13483713,13072436,20059069,7702245,13768104,6879810,10377270,7541187,8031291,15573460,10933647
300,000818,2018-04-03,0.017309205350117818,0.01809598741148699,0.2769472781125974,23508.0,173023.31858589215,2108,72199070,88214979,1077553,1476528,8200056,8713628,9794045,10733256,15990629,15231381,10311889,12120323,4884543,6982596,6446069,6824955,15494286,26132312
301,000819,2018-04-03,-0.00775862068965516,-0.008620689655172376,0.3349365507906767,13806.0,68740.34449095899,1200,21378518,19153891,916963,892658,6006188,6118433,4985403,4018424,3717526,4077338,1638668,1755161,619201,690382,847796,432215,2646773,1169280
302,000820,2018-04-03,-0.018712162905889063,-0.001651073197578512,0.3307315044572839,51099.5,352393.53984996874,3024,207790083,205424437,1126853,1263511,11320292,14217269,17847098,21510023,28685439,29809361,16724550,20324398,18899746,20494743,15512886,12542470,97673219,85262662
303,000821,2018-04-03,-0.009181969949916602,-0.016694490818030094,0.37807014734951483,13090.0,72489.2867501413,1004,25227192,13704057,829182,791785,5060260,4284845,4853010,2578765,5975945,2615568,3392174,1681582,2745575,0,901080,425880,1469966,1325632
304,000822,2018-04-03,0.0,-0.0013513513513514486,0.18509451544666986,14860.0,83532.31740037151,1600,37576227,16755446,1653673,1253023,11742595,5248975,6827231,3553448,4558450,3395165,3105848,728026,2081503,693573,3503181,438216,4103746,1445020
305,000823,2018-04-03,-0.013104838709677491,-0.024193548387096753,0.21011000066730773,21537.0,123836.33168784725,2231,79569754,54035471,1596677,2148950,9582464,10704316,13371580,8852168,20493407,12337684,10252813,6241961,5623901,2753329,3709529,3167580,14939383,7829483
306,000825,2018-04-03,-0.010791366906474753,-0.012589928057553879,0.10068077113274636,22360.0,256990.909225899,3063,155434900,152061973,1384864,2423511,9398946,13416425,10478633,14327446,18089788,23705078,19080796,21208692,12424354,13930632,9352737,9317985,75224782,53732204
307,000826,2018-04-03,0.011196641007697794,0.01469559132260323,0.6399072795128822,32054.0,178148.53359250448,1995,82524560,87407726,1008209,939046,9925793,10514442,13177621,12403189,15734899,13132313,10061817,7684768,7241073,7319815,3188050,4812853,22187098,30601300
308,000828,2018-04-03,-0.006603773584905714,-0.012264150943396168,0.3507635753007255,4212.0,59960.11376784711,913,13523792,5530727,1281143,661941,2072111,1358146,2219562,1438312,2737582,1167612,720917,569640,1041510,335076,984899,0,2466068,0
309,000829,2018-04-03,-0.01941747572815533,-0.02049622437971943,0.30790970759893754,10537.0,79964.01405513578,906,22459715,10238018,837916,965881,4139808,3616053,3635560,2177221,3347862,1038240,2759893,1408713,2132607,371680,1790563,0,3815506,660230
310,000830,2018-04-03,-0.008092485549133,-0.014450867052023142,0.2952121676769908,87312.0,520116.4942511263,3437,439948277,396192745,990224,680001,13589945,10862823,17612486,19475596,39113357,39008157,30974465,35429075,29849882,33392570,23940868,30739390,283877050,226605133
311,000831,2018-04-03,-0.010230179028133057,-0.0008525149190110604,0.2345573456941829,30394.0,162900.53606798928,2503,106786896,92109889,1214320,1275799,12490339,12086186,14013514,13228484,20659876,20041352,17431973,12116232,11368686,7086842,5892327,7145376,23715861,19129618
312,000833,2018-04-03,-0.009803921568627527,-0.011437908496732097,0.2462765725365101,6100.0,33508.92052644373,617,7964946,4439843,434891,720742,2662986,1792162,1913646,1227443,2204065,424096,749358,275400,0,0,0,0,0,0
313,000835,2018-04-03,-0.004184100418410108,-0.009762900976290179,0.2793079060644404,7110.0,57335.623033800024,659,6841199,7823241,392654,1086015,2105710,2488548,1497435,1201753,683578,1303464,722062,1434299,377139,309162,0,0,1062621,0
314,000836,2018-04-03,0.008565310492505418,0.0064239828693790635,0.11456768023378676,14160.0,118054.88979918079,1668,39529245,39298101,1294445,1391532,6277885,8147463,6807503,6512490,6913083,7900884,5327149,3315399,2438446,1641972,2740708,1816550,7730026,8571811
315,000837,2018-04-03,0.012499999999999956,0.010714285714285898,0.17489617142205588,11420.0,76447.37778955164,1026,18531106,16418815,761971,1007675,4320843,4203323,4529817,2988339,5370883,3208854,1240828,1144600,720158,1062124,444744,423447,1141862,2380453
316,000838,2018-04-03,-0.011787819253438081,-0.011787819253438081,0.15888567740905488,5050.0,41260.76533847483,1027,13501422,7433585,1292669,768642,3754448,2198099,3202761,1799273,2490800,1822646,1763493,429581,997251,0,0,415344,0,0
317,000839,2018-04-03,-0.0182072829131652,-0.0182072829131652,0.14574905357061982,21150.0,250790.84369182485,2404,98793000,79236849,1426630,2002699,10659422,11166388,12732912,12560419,16563275,12164688,9206862,8849103,5969679,6928295,6478195,4471903,35756025,21093354
318,000848,2018-04-03,0.014364640883977708,0.007734806629834168,0.23955308912284443,9130.0,147356.45409130366,1428,14557346,30680061,1269566,1743142,4540014,7517694,3181520,4621994,2655731,3408560,1381794,1846541,703370,727618,0,457930,825351,10356582
319,000850,2018-04-03,0.01193317422434359,0.009546539379474916,0.17821721599453255,8460.0,74692.83243846882,554,10061398,6424859,478779,624102,1727804,2020154,2257318,1378569,2630392,724332,1555156,442460,305592,363242,0,0,1106357,872000
320,000851,2018-04-03,0.0046403712296985145,-0.0058004640371228655,0.21068854964766723,17440.0,144682.39081983495,1676,59837404,38146063,1196143,1359595,7215749,7327817,8268270,5764954,13067026,8442641,7400195,2961419,4392793,3060826,2575200,1327957,15722028,7900854
321,000852,2018-04-03,0.11585365853658547,0.11585365853658547,0.1929141601656356,14706.0,446249.16322735907,1819,83962032,17862573,2436519,849533,12399177,4708012,10889734,2584637,11418319,2417764,7353761,1418134,3108819,640158,1837535,489316,34518168,4755019
322,000856,2018-04-03,-0.020916334661354452,-0.019920318725099584,0.39208411631726764,29820.0,160842.9639792819,2624,100585596,88602960,1615059,2051160,12931429,13388922,15190904,15107561,22083812,17142119,13396021,12991933,8469957,7382590,5799570,4543173,21098844,15995502
323,000858,2018-04-03,0.018512898330804273,0.011077389984825325,1.1009968637335512,337100.0,999564.1888873362,3583,1085053673,1075713525,33423,127336,1836131,4346171,8125870,12222876,37169014,48075653,53140995,53101509,56162418,50948881,57025234,58320544,871560588,848570555
324,000859,2018-04-03,-0.005333333333333301,-0.005333333333333301,0.1693571659126972,7875.0,47433.54096359235,490,7153622,4913893,423182,600110,2408528,1744407,1885535,814413,1469748,1015089,299200,437520,0,302354,0,0,667429,0
325,000860,2018-04-03,0.02527573529411753,0.020680147058823595,0.4225627604071168,26064.0,359420.7662774515,2655,128301136,164967285,2094442,1063383,12910146,9682125,12780454,10184512,17223729,20427517,13258069,18204558,7779082,11360310,8419834,9965026,53835380,84079854
326,000861,2018-04-03,-0.0034843205574913716,-0.0034843205574913716,0.1309990391716248,5720.0,34513.38172181571,480,4263466,3948368,440869,511417,1609230,1290448,753302,1114474,591964,297009,868101,735020,0,0,0,0,0,0
327,000862,2018-04-03,0.03921568627450989,0.03921568627450989,0.13676273413765525,3392.0,383804.3908367318,890,26087510,13515596,1703978,0,4369281,0,2567744,0,3120640,0,1468312,277911,715288,335439,1266784,0,10875483,12902246
328,000863,2018-04-03,-0.014644351464435212,-0.01673640167364021,0.1895346307431427,4710.0,30541.010574487562,636,5533609,2332531,937025,689196,1238021,864051,1050798,559401,1655127,219883,230838,0,0,0,421800,0,0,0
329,000868,2018-04-03,-0.02187500000000009,-0.02187500000000009,0.13380491344674997,15900.0,126706.01155990534,2293,61672678,48898702,1765688,2158705,10084059,10346949,10511012,9574242,11357321,8374373,11249884,6211603,3776059,3117136,2311300,849816,10617355,8265878
330,000869,2018-04-03,0.013953488372093092,0.008785529715762186,1.0034373466021198,31187.5,89068.4834431963,1488,31583229,46387045,901723,857315,6497118,10671166,6548208,11275877,6341457,9458231,4181171,5481445,1764475,4294095,1380290,1220713,3968787,3128203
331,000875,2018-04-03,-0.021341463414634054,-0.018292682926829174,0.10847735755745845,7008.5,63708.64390344446,916,16999113,7789251,1145512,752038,3549764,2855056,2292434,1871853,2459526,1081519,2850498,483951,2303589,744834,916997,0,1480793,0
332,000876,2018-04-03,0.004120879120879106,0.004120879120879106,0.16268131218992177,21199.0,176085.42079834206,2007,78274425,62542364,1083831,1876397,7215528,7242229,16865450,9020450,13969844,10792244,5320874,7562899,4357969,8131895,3870774,4989206,25590155,12927044
333,000877,2018-04-03,-0.0009727626459143934,-0.0038910505836574627,0.22540883564939648,20820.0,143003.06951517242,2082,74032119,57092894,1056977,1311076,8735791,12096372,8554571,9618189,11638775,12508600,8741813,6946730,5994311,2376392,8084837,2189634,21225044,10045901
334,000878,2018-04-03,-0.01403508771929829,-0.013157894736842146,0.28039376888932266,20376.0,166648.5738851536,1654,60126053,42006916,811623,1241464,7091221,8267684,8833351,7975141,8965683,8168524,5544538,6115014,4514125,5573164,1343638,478975,23021874,4186950
335,000880,2018-04-03,0.0,0.0,0.5415767486665063,9210.0,44891.577445399824,289,3179070,3386235,306504,435207,1035071,1027999,291036,812459,752209,517213,464688,221791,329562,371566,0,0,0,0
336,000881,2018-04-03,-0.019442096365173356,-0.01606086221470837,0.3721987809701045,11750.0,80347.0744594925,1010,17100179,14256013,1024976,598858,5187309,3392794,4333309,3059278,3878578,2130876,1412119,1537785,0,309814,452352,0,811536,3226608
337,000882,2018-04-03,0.026239067055393583,0.04081632653061207,0.05945496006822687,44856.0,596659.3610806321,3365,221822950,419235563,763404,2081417,8730769,19826673,12324725,22867649,19850824,39797857,16539282,34558643,16194488,27596324,6748921,20200852,140670537,252306148
338,000883,2018-04-03,-0.002331002331002252,-0.002331002331002252,0.10271455048427938,5538.0,59484.872244545644,1751,28637313,16499979,1716707,1743058,6340689,4973617,6106087,2232969,7521735,3596133,1944978,1709440,1052494,755416,845002,428000,3109621,1061346
339,000885,2018-04-03,0.024104683195592225,0.026170798898071723,0.3262337561092204,14840.0,59015.37199778482,1983,28276643,38967061,940954,1522986,8282795,12925030,6225725,8366882,7483230,7955007,2432888,3277024,1331480,2302540,404420,456667,1175151,2160925
340,000886,2018-04-03,-0.009320905459387352,-0.011984021304926706,0.15211952762071115,46066.0,342935.4007411442,2449,178140541,214028594,1066523,1380788,7115755,11068884,10363153,14759441,16411303,27589874,21235904,24269337,14618336,19533983,11657349,11716878,95672218,103709409
341,000887,2018-04-03,0.018994413407821265,-0.006703910614525022,0.3784115480071645,19734.0,134165.7156462413,2240,76856905,50989206,1778792,1289412,11419193,9062374,12557172,8621467,17525518,9941519,7408682,4592079,5473770,4763225,4763053,400725,15930725,12318405
342,000888,2018-04-03,-0.008264462809917328,-0.01446280991735538,0.29546743771453243,10505.0,64944.47020114504,1073,21576924,10517802,1122943,1334252,5170008,4522934,3740180,2680603,4976362,1207480,2336420,772533,386477,0,1389723,0,2454811,0
343,000889,2018-04-03,0.004279600570613384,-0.0007132667617688604,0.4944567984418439,19565.0,59554.6934017864,804,22456247,6689477,720692,397880,6053208,2596785,7893630,2036548,2780286,1406264,1258972,252000,1358255,0,420000,0,1971204,0
344,000892,2018-04-03,0.01699346405228752,0.015686274509803866,0.25846045148566354,4644.0,39223.76513650453,876,5717304,7767020,447292,1497679,2054575,2225864,1287391,1592040,1220324,1220998,242722,219062,0,389000,465000,0,0,622377
345,000893,2018-04-03,-0.017605633802816878,-0.014084507042253502,0.16195727284170855,13488.0,71522.77964722255,1231,27957828,18151894,1041619,933146,6157566,5185206,4977649,3461639,7479390,3686756,2510007,3083129,1648252,633488,904462,0,3238883,1168530
346,000895,2018-04-03,0.010296540362438211,0.009472817133443279,0.4756491491414108,24715.0,162378.84728463742,2614,91926389,86286884,1771705,918442,24057237,7458722,12542233,10145722,14808471,15023499,8391056,10877039,6540774,10454660,5787347,6992209,18027566,24416591
347,000897,2018-04-03,-0.009463722397476282,-0.012618296529968487,0.11116714472368527,6300.0,45493.416677615845,815,9856934,7918515,795396,704168,3117229,2849151,1445453,1598124,1794672,1830466,1165641,299565,632240,637041,906303,0,0,0
348,000898,2018-04-03,0.010291595197255532,0.010291595197255532,0.11302431991801049,7644.0,144817.829208665,2670,59472291,68831988,3118509,2259319,7536860,8641571,6896511,9555181,8051172,10267345,7809343,6680822,4614767,5124905,4962444,3506292,16482685,22796553
349,000899,2018-04-03,-0.015904572564612307,-0.017892644135188873,0.2619455109989751,9940.0,38725.25639155209,368,5569575,2898200,540591,325304,1776372,1421142,1288934,876219,877355,275535,412988,0,673335,0,0,0,0,0
350,000901,2018-04-03,0.0009165902841430373,-0.014207149404216302,0.4772713710890289,32910.0,171732.14734099104,2091,87560131,86867190,796842,983660,10092196,11855437,13637026,9601041,16969695,15235225,13517242,8852210,6905487,6987485,6237949,7421631,19403694,25930501
351,000902,2018-04-03,0.0010416666666666075,0.002083333333333215,0.2611739929334599,4830.0,61899.17261328468,1354,19385238,16422405,1031688,1997710,2135398,3009675,3757825,4570405,5924612,1297700,2696335,3029207,693010,647843,1924500,1869865,1221870,0
352,000903,2018-04-03,0.003278688524590345,0.0,0.12304783909223285,6120.0,85678.79919355575,615,11834236,4519110,568820,659214,2182099,1556980,1795947,1161995,2255573,570571,1286661,244000,341612,326350,0,0,3403524,0
353,000905,2018-04-03,0.020790020790020902,0.01455301455301461,0.3039039606525875,13790.0,71424.9522488016,1002,18904370,18341656,1107697,1086147,4413377,4067392,3584844,4411629,4919733,4354528,835098,1708501,2108251,1097647,431204,906522,1504166,709290
354,000906,2018-04-03,-0.01658163265306123,-0.017857142857142794,0.34559386040989015,8530.5,159034.0070827349,514,14942115,5815883,904760,433911,1803165,1701129,1792987,1029175,1814862,987409,466800,491549,1036300,709800,473304,462910,6649937,0
355,000908,2018-04-03,-0.005376344086021501,-0.016129032258064502,0.18828551323840959,7756.0,40997.12756615144,879,9604608,6460650,410604,1215545,2083731,3293333,1913850,1411144,2440771,328030,1419858,212598,392359,0,943435,0,0,0
356,000909,2018-04-03,0.006862745098039191,0.002941176470588447,0.32535923839834313,12288.0,50427.983056673926,983,15457906,11964664,662070,804241,5115354,4365344,4522348,2125485,2338805,2520248,872468,420322,943737,1081324,492544,0,510580,647700
357,000910,2018-04-03,-0.0034877927254608476,-0.0064773293472844,0.49845443151806057,25661.0,100189.59607417176,1623,40783714,31880020,1212330,1113062,7230919,10981241,11044740,7001788,6964760,6395029,3246286,1212784,2403463,1753326,1379368,421366,7301848,3001424
358,000911,2018-04-03,0.005390835579514919,0.0121293800539084,0.29793031252933855,6008.0,30446.821342590505,620,5062509,4441824,550545,1125158,2457789,1563548,1058794,611818,611706,380290,0,457500,383675,303510,0,0,0,0
359,000913,2018-04-03,-0.0006285355122563896,-0.010056568196103122,0.6736815659028031,7855.0,160156.35522047066,558,8845002,6309354,357050,866847,2049473,2182832,1095886,1030433,885529,1264144,981954,647116,396525,317982,475800,0,2602785,0
360,000915,2018-04-03,-0.006852075775896749,-0.011688835147118048,0.5986055976451807,24605.0,92090.59589958262,1718,51864959,35529402,1680693,1138842,10933759,6350317,11680306,5862458,10315597,7996206,5750811,4323473,3764076,3837964,1342553,2161168,6397164,3858974
361,000917,2018-04-03,-0.01436031331592691,-0.015665796344647487,0.20669933879706773,17119.5,140801.24937924644,1374,56184455,29478139,1158385,1250333,5684119,5776973,6859844,4881558,8481289,5259263,7313142,4598960,8102008,1865334,3516927,441792,15068741,5403926
362,000918,2018-04-03,-0.0014285714285714457,-0.0028571428571427804,0.25810063359717017,11866.0,71184.74086340048,735,14487822,10172581,1091360,720434,3377111,2726054,3663708,2114140,3076425,2063110,1188439,210000,342227,676673,402169,0,1346383,1662170
363,000919,2018-04-03,0.01318944844124692,0.0023980815347721673,0.3405659702405646,8370.0,35584.70811283584,599,7019329,5018020,743494,503488,2561928,2115451,2127355,1454437,892597,653578,250799,291066,0,0,443156,0,0,0
364,000920,2018-04-03,0.07341490545050067,0.11123470522803114,0.24848277182432096,19980.0,310866.2202917089,1311,78688292,29139023,1899367,573976,8542262,3265714,8872470,3048416,11438752,5056954,7137218,2712590,4061366,312355,2772654,2154018,33964203,12015000
365,000921,2018-04-03,-0.02561912894961582,-0.03842869342442368,0.23501630295240686,25157.0,115034.14320376144,2486,74977412,51289702,934441,1459344,12947507,11405362,23996943,13202446,14113541,10581144,6127073,5755614,4839039,1701911,1798310,494275,10220558,6689606
366,000922,2018-04-03,0.005284015852047519,0.003963011889035473,0.29130671027510363,15180.0,56702.130578822966,675,14118490,9489923,724731,598339,3101823,3338651,2778799,2104750,3738702,1991487,1875052,768250,1382747,688446,0,0,516636,0
367,000923,2018-04-03,0.014097744360902054,0.02678571428571419,0.5529640705252236,21140.0,71770.37102155293,1484,26701916,38926411,861288,916942,6507790,5916905,4424581,11793216,6639263,14048325,2421275,4131309,1707732,1058715,0,0,4139987,1060999
368,000925,2018-04-03,-0.004702194357366851,-0.014106583072100332,0.3830663700246262,12695.0,90732.72376674063,1110,25168093,13851953,875715,1184293,4967126,5022657,4825690,2016151,3529285,1632886,1914109,2531034,2816060,382200,878308,417252,5361800,665480
369,000926,2018-04-03,0.0,-0.0010649627263045192,0.20758333095559214,5634.0,74545.66027644105,2048,26441276,25380103,2269101,2180280,5400397,5213439,3740308,4739364,4188090,7018341,1220596,1385342,3173279,1669820,1785442,960168,4664063,2213349
370,000927,2018-04-03,0.0,-0.007499999999999951,0.15365869274678004,7960.0,83050.28418509761,678,13813934,6676602,672119,832483,2889103,1581355,2575010,1125598,3494602,772948,1144768,1220246,1393561,726372,0,417600,1644771,0
371,000928,2018-04-03,-0.013059701492537323,-0.01679104477611959,0.14818932421545386,6348.0,105003.90903515072,1310,25116629,16175332,816978,1358061,3950494,4500309,2803395,2896595,4341916,3327089,3036225,2447346,2082928,323830,1862776,1322102,6221917,0
372,000929,2018-04-03,-0.011235955056179692,-0.014606741573033766,0.32077789604858176,7964.5,45818.25995603373,770,8731928,7605305,1091519,735955,3207020,2106851,1985875,1357451,1473341,908690,262256,1505138,711917,0,0,445000,0,546220
373,000931,2018-04-03,-0.006015037593984918,-0.004511278195488799,0.1771308212182114,18009.0,118980.21014233075,1412,26498208,39505355,957187,1143701,5704978,7734669,5991622,5640620,7855260,8557757,1345175,6597549,1720952,2775196,0,1719320,2923034,5336543
374,000932,2018-04-03,0.00923482849604218,0.00923482849604218,0.15348989131640153,26316.0,193772.45551995846,2444,106021919,120874304,1586963,1715353,11753412,8667054,11703430,10958546,19138981,12162750,12731684,16600864,12703695,30169461,7962020,12756409,28441734,27843867
375,000933,2018-04-03,0.013513513513513375,0.010810810810810922,0.14856959953908552,27126.0,174443.5821746201,2486,102457838,80826517,1797035,1323511,14690093,9614308,15311255,12633375,20623351,15356118,11463135,10680094,7108921,6654389,7641560,3455755,23822488,21108967
376,000935,2018-04-03,0.02330508474576276,0.028601694915254328,0.3652890706048481,33065.0,167795.27922456572,2673,104332629,104437886,1683603,1634286,12481838,13460884,13850070,17582648,20003319,22321183,15588030,13745651,6220915,9908067,7697191,7458402,26807663,18326765
377,000936,2018-04-03,0.04636591478696728,0.040100250626566414,0.14113387187008936,49980.0,385508.08448580623,3209,177164599,240857762,1327940,1419000,13730743,13137197,19591775,21245379,27898107,36212082,20746584,26242718,15377002,22751973,16901732,16907340,61590716,102942073
378,000937,2018-04-03,-0.008000000000000007,-0.006000000000000005,0.1104502910299503,5489.0,76173.58959645746,2057,30384801,23446173,1050704,1979226,7971892,6311031,2736001,5010633,3927199,4053337,3922358,1238452,2802704,1061666,1776897,1811263,6197046,1980565
379,000938,2018-04-03,0.012152342771235336,-0.010523678276121107,1.4045670197319247,135456.0,740265.5326759504,3237,515495110,512895265,657857,713044,8650227,9749744,16140045,17627967,41663715,40360077,36871728,35339903,25871962,34041682,25297997,35543622,360341579,339519226
380,000948,2018-04-03,-0.010462074978204061,-0.013077593722755076,0.30901572336123634,16942.5,75487.55114401547,1378,32466004,18004572,934832,898880,8709488,5963291,8062108,4315633,6498615,2947456,2726318,772929,984558,990340,494940,413820,4055145,1702223
381,000949,2018-04-03,-0.010204081632653073,-0.007653061224489721,0.23193469220148794,7002.0,44130.530274371835,285,3832231,1833893,320267,241537,1015473,847463,741229,349823,985307,190320,253752,204750,0,0,0,0,516203,0
382,000951,2018-04-03,-0.004878048780487809,-0.009756097560975507,0.37972024252477304,11360.0,153329.95424443964,1428,22992155,29045693,1520252,1075166,6186498,5961276,4411772,4445203,5680005,4635209,1123821,2046920,990916,1001120,423225,1327760,2655666,8553039
383,000952,2018-04-03,0.02680412371134011,0.01718213058419238,0.43843982080179683,14790.0,91119.91093367552,1101,22630390,27676331,616409,1518081,4071944,3670910,4785299,7733706,5813547,5449298,2854664,3108589,2078207,2559909,458966,464429,1951354,3171409
384,000953,2018-04-03,-0.009378663540445475,-0.015240328253223745,0.31246216112521363,12570.0,80987.38891979161,745,16224035,8659754,645343,892595,3436285,3088780,3524902,1997913,3480375,1257308,2587837,478318,367598,0,481535,944840,1700160,0
385,000955,2018-04-03,0.01671309192200554,0.0027855153203342198,0.16569003701056922,42450.5,215531.81924123643,1886,129440220,74626217,947112,788713,8775143,6433777,10866071,10993181,21535686,16233281,12938720,9154987,14004452,7634828,7142985,2944488,53230051,20442962
386,000957,2018-04-03,-0.018888888888888844,-0.018888888888888844,0.2255641672274434,15130.0,95339.0724620962,1593,39401704,30059168,1018493,2223251,6306302,8579908,5526829,5529091,9888783,5448219,4818742,1277063,4739003,2173440,1757339,1663182,5346213,3165014
387,000958,2018-04-03,-0.013483146067415852,-0.008988764044943864,0.1425052978165068,11025.0,73507.91271822166,976,19184244,13152678,855025,912393,4621713,3909265,3171147,2738335,3582281,1806336,2646368,1743897,2360609,1028452,0,442000,1947101,572000
388,000959,2018-04-03,-0.018711018711018657,-0.01039501039501034,0.11190349665243539,5760.0,39393.33748700785,1858,18862927,14477911,2384484,1090392,7424827,4238889,3340994,2930743,2172318,2645334,2788379,2490225,316140,680213,435785,402115,0,0
389,000960,2018-04-03,0.007518796992481258,0.003007518796992459,0.27146352353876324,16032.0,157649.18584233543,2403,75763471,76065258,1576841,2080246,9391789,11562837,10137384,9603475,12367543,12055154,9669503,11741768,6337177,3744360,3517264,3793029,22765970,21484389
390,000961,2018-04-03,0.02560455192034139,0.014224751066856278,0.17096864468013415,14240.0,237418.56044071488,1694,57822607,70688632,1139522,1439739,5163714,6836471,5425020,7817063,8392593,8587547,6320533,5741211,6338300,6148775,1775264,2945024,23267661,31172802
391,000963,2018-04-03,0.025298773863107193,0.014279062548502086,1.349935592196388,32585.0,226091.8203222826,2281,96323879,100540945,1080100,1586262,11197446,9710522,12756946,13865938,15168528,15243308,9589443,11844737,12674818,10015930,4345648,9818729,29510950,28455519
392,000965,2018-04-03,-0.008944543828264706,-0.012522361359570744,0.17125849189469533,11040.0,71772.68928760588,1066,19945500,13068498,922262,1114893,4243265,4430452,4730523,2868082,3040431,2455326,993529,1097628,1753906,654538,497147,447579,3764437,0
393,000966,2018-04-03,-0.014084507042253502,-0.014084507042253502,0.14374908714057627,10530.0,89526.29745054497,610,19030759,6670576,605144,466107,2916628,1941552,1774288,1047338,3470558,952252,3383894,1911386,2750786,351941,893825,0,3235636,0
394,000967,2018-04-03,-0.003816793893129833,-0.007633587786259555,0.3310860970402625,7890.0,73194.34046283588,563,13951000,5960320,470848,539485,1944477,1887246,1599333,1595397,2463566,1110297,2869398,436395,3585678,391500,471000,0,546700,0
395,000968,2018-04-03,0.015810276679841806,0.01976284584980248,0.3411010257803993,8806.0,75146.98110661688,1379,17737650,25847146,1781507,1297244,4309445,5148225,3847290,4167960,4193357,4982217,1483548,2351306,2122503,1463357,0,905940,0,5530897
396,000969,2018-04-03,-0.006242197253433224,-0.013732833957552981,0.1952730280426749,7880.0,49211.494433361484,1684,24461786,15339707,2584724,1115877,6400336,4751004,5593647,2918183,5760492,3207617,894988,1863483,1097623,1054207,1373294,429336,756682,0
397,000970,2018-04-03,-0.026165167620605057,-0.026165167620605057,0.24023273712012969,32507.0,201114.34766467073,2595,139119888,111817029,1357891,1551918,10572641,12131779,13099311,13611710,20637422,23521436,17326477,18190659,9905018,9126850,9476974,4821188,56744154,28861489
398,000971,2018-04-03,0.008823529411764675,0.004411764705882337,0.3643775954490878,19208.0,104458.13335579827,1393,34878796,27360280,1109392,1045046,7278827,6901054,6994098,5956754,6179877,4890184,5039958,2249510,2381541,2039426,883380,0,5011723,4278306
399,000972,2018-04-03,-0.014851485148514865,-0.022277227722772297,0.19078592733573374,7980.0,55315.598742287744,448,8934742,3346098,371191,447701,1462995,1589850,1578029,967801,2442864,101346,1286980,239400,959928,0,832755,0,0,0
400,000973,2018-04-03,-0.011650485436893288,-0.009708737864077777,0.15147993482354222,12775.0,101351.76761733151,1157,29242966,16723474,919321,932047,5278615,3928031,5856218,3735609,4789710,3838696,4517007,1185659,690451,325480,402192,435024,6789452,2342928
