,code,date,pchange_whole,pchange,change_std,amount_median,amount_std,length,sumsell,sumbuy,sell_vol_0,buy_vol_0,sell_vol_1,buy_vol_1,sell_vol_2,buy_vol_2,sell_vol_3,buy_vol_3,sell_vol_4,buy_vol_4,sell_vol_5,buy_vol_5,sell_vol_6,buy_vol_6,sell_vol_7,buy_vol_7
0,000001,2018-03-16,-0.0068259385665528916,0.0025597269624573205,0.20260934070525155,72788.0,548629.9070879158,3349,457817723,341066989,722532,730574,18782292,10617819,23477343,15049598,45047505,33792115,41468255,26066747,32472632,21042337,24090570,20230642,271756594,213537157
1,000002,2018-03-16,0.0015346838551260067,0.00705954573357892,0.5574638766720953,101757.5,530680.2912500855,3416,377833676,427456642,838121,575450,11210423,8624648,29809616,23685109,52769041,42624519,43928203,35990254,31982587,27639300,34386604,23572122,172909081,264745240
2,000004,2018-03-16,0.009743135518157864,-0.003100088573959159,1.2179096466427746,11205.0,25306.35232009636,343,3158555,2770255,410713,253595,1632451,1438435,1009641,356177,105750,487163,0,234885,0,0,0,0,0,0
3,000005,2018-03-16,-0.002512562814070307,0.0,0.16207470525288248,4764.0,45269.46104356259,603,6037784,5896206,476331,767811,1412228,2135254,895635,1370132,1094541,1101365,948331,207631,732746,314013,477972,0,0,0
4,000006,2018-03-16,-0.0012578616352201255,0.002515723270440251,0.15832407322183442,18377.0,127213.80420981575,2525,79412322,77108831,1052592,1818290,15547385,11621113,10791677,11207558,13176078,14403006,10691327,8970787,6884812,4136654,3957426,5780694,17311025,19170729
5,000007,2018-03-16,0.049743964886612924,0.05925384052670091,0.34658442925342225,20622.5,119944.17070918808,1560,41237502,50396293,1034936,1085740,7178273,8803004,7283594,6889655,6696154,10601413,2910147,3159961,4100316,5575261,3519258,4469452,8514824,9811807
6,000008,2018-03-16,0.006906077348066253,-0.002762430939226568,0.21176477035409022,7230.0,320111.920537142,1169,47017021,29025796,1271943,1452173,3208641,4149949,3671994,2316023,2077575,1900016,1551227,1200742,399988,658814,1805700,1830085,33029953,15517994
7,000009,2018-03-16,0.022471910112359605,0.03370786516853941,0.1531601744197731,20691.0,253422.63111385208,1657,66198604,85848670,1246442,1093597,8060030,5794483,6009312,5704560,10257980,10165933,6884556,8909251,6467905,8042056,4970533,5810762,22301846,40328028
8,000010,2018-03-16,-0.002057613168724437,-0.006172839506172867,0.1650339421418129,7760.0,59650.7377014544,868,11725230,10166668,913325,737099,3826431,3452063,1706620,2051384,2117369,1898682,1227124,0,715337,664276,416448,0,802576,1363164
9,000011,2018-03-16,0.0,0.007453416149068248,0.5054778277075715,16120.0,60492.14574596145,1014,16580772,16907039,918545,950531,4971066,4768831,4143388,2828244,5163328,3348096,711667,1998485,672778,0,0,938560,0,2074292
10,000012,2018-03-16,-0.01820388349514568,-0.009708737864077666,0.20859700988890167,16320.0,107925.4761619139,1561,46250020,27140266,1477874,1233838,9141866,5096958,8152876,4228594,8147325,5778731,6804739,3440990,4196256,986514,1349009,1726921,6980075,4647720
11,000014,2018-03-16,-0.007352941176470562,0.007352941176470562,0.3951161751473198,13176.0,43705.84234476032,758,13107078,8427259,514659,688669,3656486,3840242,3194451,2217142,3511369,1165716,1425288,211914,388725,303576,416100,0,0,0
12,000016,2018-03-16,0.05835962145110418,0.06940063091482651,0.14201156922579417,31115.0,208377.4424851086,1999,68084178,116018640,1316333,1236601,9124128,8186385,11008022,11147448,13997477,15582117,6045792,10917486,7290414,6332621,3581234,4898906,15720778,57717076
13,000017,2018-03-16,0.00339558573853993,0.011884550084889645,0.2285328520795318,8835.0,38993.2434113786,664,6227514,7670707,629966,827816,2323468,2376710,1418206,1502054,1127267,2008775,728607,442608,0,0,0,0,0,512744
14,000018,2018-03-16,-0.005208333333333259,0.005208333333333481,0.17039599311482928,4060.0,38069.02606117283,1143,8962346,9046613,1198842,1137968,2732345,2971589,2205012,1259759,1133275,1595206,1006796,1032498,686076,603377,0,446216,0,0
15,000020,2018-03-16,-0.008949880668257859,0.005369928400954738,0.3692770923231539,25327.5,123564.48200030341,2062,61137644,57480874,1165292,1194845,10940166,10439526,11508642,10609970,13367137,14384556,9559615,4049254,4192385,4025616,1320884,3017721,9083523,9759386
16,000021,2018-03-16,0.001136363636363713,0.009090909090909038,0.20173822489398702,15956.0,122739.00243318944,1904,46409973,51554299,1914137,1581277,7864475,7605071,8712897,8630655,10366696,8009773,6721627,3908005,3005498,2769897,2165904,3232112,5658739,15817509
17,000023,2018-03-16,-0.029145728643215962,-0.028140703517587906,0.5259817419856192,17415.0,75312.99350687336,1433,33833775,17027263,1308587,1345456,8061935,6331737,7495433,3175002,7704943,3263012,2023612,946624,2133664,301416,456660,810307,4648941,853709
18,000025,2018-03-16,0.009803921568627638,0.00024509803921590745,0.807063068785343,36630.0,165607.00713722946,2563,113099004,86831891,1547264,1354210,13848297,11208908,15466708,13621444,22401272,19769881,12773520,11536378,11225292,6403994,9698990,6038767,26137661,16898309
19,000026,2018-03-16,-0.012757605495583801,-0.003925417075564153,0.40067826095457143,4062.0,30877.087146239817,646,5265214,3876130,964062,310574,1484226,1815146,942492,653327,1106778,621193,461626,475890,306030,0,0,0,0,0
20,000027,2018-03-16,0.0,0.0016949152542371504,0.1957692185374889,5970.0,66346.35877527998,908,13150767,11341031,1773366,460820,3246419,1978985,1597468,2720509,2548837,1812150,1342041,1222191,1361128,978788,476388,892844,805120,1274744
21,000028,2018-03-16,-0.0225576662143826,-0.013738127544097756,2.2257356050345587,11738.0,63802.09696025924,701,14114908,5960304,1120848,268755,5044928,1445021,1662224,1120983,1619480,1708507,745880,765316,734220,651722,925208,0,2262120,0
22,000030,2018-03-16,0.005319148936170137,0.007978723404255428,0.25864646374447253,3008.0,51707.99860682539,845,8239240,5415903,875605,671471,1897357,1526896,1299940,987213,1642271,1361778,1212587,253344,379000,0,0,0,932480,615201
23,000032,2018-03-16,0.002169197396963085,-0.0032537960954448497,0.2850195374392836,11947.0,64379.54451832923,1047,18187805,13956663,1151083,1057803,4483336,4756221,4218072,3082906,3180228,2722458,2927973,816837,656768,0,843145,453684,727200,1066754
24,000036,2018-03-16,-0.001122334455667784,0.004489337822671136,0.2523176671557923,10776.0,132836.38780965493,1247,25660189,24526927,1104086,945201,5527601,4608292,5119882,3761583,3913968,3963223,1837737,3248433,2045942,2404450,1791671,438954,4319302,5156791
25,000037,2018-03-16,0.00274348422496562,-0.004115226337448541,0.2430460167509017,9490.0,38897.9096612399,901,10685031,8731590,856582,891783,4728396,3005206,2387337,1365420,2410502,1444713,0,1154288,302214,364500,0,0,0,505680
26,000039,2018-03-16,0.006067291781577389,0.009928295642581242,0.3617404397783027,18180.0,177420.12368393905,2512,70957285,90140203,1626901,2446477,10291473,11330276,9596227,11047091,13529042,19179486,6793444,10226235,6869252,7282915,2332346,3045560,19918600,25582163
27,000040,2018-03-16,-0.018429487179487225,-0.01602564102564108,0.36530833771715204,4980.0,42822.24471334962,1170,18943747,6946761,749073,1810368,4321437,1652740,8878327,1049613,3233118,1087841,707963,493808,0,318166,463979,0,589850,534225
28,000042,2018-03-16,-0.01964636542239684,-0.02292075965946294,0.7274903644354399,6076.0,162203.24213056575,441,15895208,8938282,85888,769068,484664,1385410,385393,1614362,1181643,2191554,1846620,924380,908600,0,2701800,0,8300600,2053508
29,000043,2018-03-16,-0.002195389681668436,-0.002195389681668436,0.48495888145620564,9100.0,89090.20093076031,352,8596934,3426367,529775,252070,1440958,1068898,1483975,502463,1438271,571188,982608,229218,0,348530,864965,454000,1856382,0
30,000045,2018-03-16,0.01387283236994219,0.015028901734103872,0.2614874900046897,13936.0,78341.45020023276,1095,20363132,17150942,1280702,869154,5737062,4572995,4131861,3337899,4364848,2973938,3135426,1690755,0,1025514,874183,911161,839050,1769526
31,000048,2018-03-16,0.0020408163265306367,0.005714285714285783,1.6522030660094036,12345.0,64258.75797861577,219,3975309,1824231,239176,170240,1253912,812287,475250,217447,592203,259881,670036,0,0,364376,0,0,744732,0
32,000049,2018-03-16,-0.006685236768802283,0.00027855153203337757,0.9470311537399853,21600.0,69145.860536628,1437,36667083,22629668,744481,704306,10086969,6805283,10108971,5245238,7118862,6194184,3143349,2167640,2009357,1043067,0,469950,3455094,0
33,000050,2018-03-16,-0.0075669383003491575,-0.0011641443538998875,0.3991831571150643,25950.0,140547.58136517674,1852,60809822,65342212,1104223,1054621,9176143,8113502,12470375,9682140,15192010,13074686,4724156,8079138,4482107,8581085,2506119,3053863,11154689,13703177
34,000055,2018-03-16,-0.014580801944107047,-0.0012150668286755595,0.2095571507501934,16420.0,76444.2213929325,1543,35078169,28553903,1499762,1266312,8689405,7516552,6611620,6636153,6568027,4180322,4095693,2657784,2914169,2063040,1756016,1369789,2943477,2863951
35,000058,2018-03-16,-0.001519756838905706,0.006079027355623046,0.29346501314645423,9240.0,41745.129188425126,502,4954287,6679540,460242,599496,1521458,2265659,974196,1303319,993561,2295916,242220,215150,336896,0,425714,0,0,0
36,000059,2018-03-16,-0.012513034410844504,-0.0031282586027110426,0.2865128995030288,19220.0,204526.245629729,1120,51808459,31800510,742573,1120917,4992934,6059729,4941018,5008070,6423447,5481173,5881452,3248007,3862610,1562778,6532670,2333080,18431755,6986756
37,000060,2018-03-16,-0.006024096385542244,-0.002008032128514192,0.2329173848592361,16932.0,160454.15870362034,1829,72590136,41604905,1683318,2067582,7853002,8839460,7827642,6694283,10144614,7003532,8257525,3772577,4939824,3095566,3590052,1809220,28294159,8322685
38,000061,2018-03-16,-0.0014492753623189802,0.0028985507246375164,0.3083693473742162,6950.0,42765.871226953685,500,6024877,4935304,440550,613861,1846907,1592472,1360137,1474503,869475,623145,1138763,207900,369045,0,0,423423,0,0
39,000062,2018-03-16,-0.00820463320463316,-0.0004826254826253429,0.7802352122077644,10385.0,47063.41390924178,705,9385118,7227316,606742,579187,2747244,2813276,1847704,1650248,1999627,1104009,531348,740089,301165,340507,825000,0,526288,0
40,000063,2018-03-16,-0.02497715504112097,-0.01797136765153806,0.5512819104247596,149178.0,816520.123906613,3547,647194556,554048662,443053,271740,8726684,7187606,22071248,21883953,52782477,60617341,45669421,52287654,41987927,50069418,33199171,40917413,442314575,320813537
41,000065,2018-03-16,-0.0050441361916772065,0.003783102143757988,0.4555090774551519,15870.0,66492.83638110597,1212,23069406,17713470,1604267,824053,6669170,4712067,4952345,4085503,4253838,4303260,1532755,1338424,395974,1037216,1350356,833162,2310701,579785
42,000066,2018-03-16,0.002849002849002913,0.005698005698005604,0.1700341034561689,16915.0,143343.81248341943,1706,61769802,46305854,1314568,1219181,7245380,6591994,7774683,5768055,11378237,10704116,8935323,4671167,5459045,5338834,3278382,3083206,16384184,8929301
43,000068,2018-03-16,0.0,0.004357298474945592,0.2085387506971131,3456.5,39552.665814472326,484,5367886,2998170,584950,268679,1251193,915701,1272966,498674,1272659,598618,986118,716498,0,0,0,0,0,0
44,000069,2018-03-16,-0.003468208092485714,0.0,0.1674027458666889,13936.0,210263.8466844684,2674,99369076,97437450,2511861,1701656,8643400,9590937,9301869,11692851,13394634,16601547,11254702,11178653,7308422,8838444,9939078,7116630,37015110,30716732
45,000070,2018-03-16,-0.004381161007667167,0.004381161007666945,0.32995499766289393,9180.0,42525.54550365489,765,10090328,6836268,585194,1050428,3718088,2862854,1738085,1509833,1738035,1097017,497718,0,1391393,316136,421815,0,0,0
46,000078,2018-03-16,0.0033444816053511683,0.010033444816053505,0.15494517867648086,6611.0,78358.18594142102,1492,20498328,27553438,1601030,1007805,4595506,4249111,3192195,4120233,3698518,6550999,1406505,2359744,3236242,4690003,918234,848285,1850098,3727258
47,000088,2018-03-16,-0.0012886597938144284,0.010309278350515427,0.26455827241353413,12520.0,64813.01594083223,860,12801161,16906643,738836,863639,3137180,4983342,1852160,3599044,2479217,3536846,1419697,1498433,3174071,373107,0,1391663,0,660569
48,000089,2018-03-16,-0.005827505827505908,0.0011655011655011815,0.3416546479459762,8590.0,58297.6748367791,630,12402842,6231452,540438,741542,4000289,1899354,2298813,1156364,2256610,1530234,1047074,251687,691462,652271,469326,0,1098830,0
49,000090,2018-03-16,-0.008032128514056214,-0.003012048192771233,0.3128671355933375,6958.0,72776.68918361564,1013,19997021,11523334,1344887,706233,3369143,3005020,3632527,2052236,4436783,2345763,2062462,1099074,2482646,1898368,411102,416640,2257471,0
50,000096,2018-03-16,-0.004460966542750855,-0.0022304832713754275,0.7885306674792626,12064.5,54135.42913175046,290,3117279,4393568,254725,260240,1092162,1240517,811654,948473,107360,325258,522588,470279,328790,339101,0,809700,0,0
51,000099,2018-03-16,0.008495145631068013,0.010922330097087318,0.2789769267476479,5796.0,58193.256193331006,872,8432077,11602519,668909,1289151,2080009,2918075,1486790,2036264,1563037,2104054,721820,748990,685376,1077768,491700,823281,734436,604936
52,000100,2018-03-16,0.0026315789473685403,0.013157894736842257,0.07138463997168029,21476.0,477448.6338942045,2856,161598712,211543301,1981592,1741636,13994704,11178443,12488083,13140491,15902291,16498014,9893807,11047915,7968669,7400801,8737277,6964509,90632289,143571492
53,000150,2018-03-16,-0.002592592592592591,0.002962962962962834,1.4693097324329023,13525.0,30064.704520030544,337,2893168,1753767,165926,342916,1863298,546976,431784,116530,432160,108440,0,230605,0,0,0,408300,0,0
54,000151,2018-03-16,0.037796284433055716,0.017296604740550947,0.2796668021120011,51391.0,1239904.2049007074,3137,361635935,373174600,976066,1523166,11386722,15213680,17517943,16439440,25083541,27004228,20762839,27617578,16579498,21315442,15438703,23628008,253890623,240433058
55,000153,2018-03-16,0.0185185185185186,0.023809523809523947,0.31033511609603315,6208.0,42395.96146117361,593,4026162,6778982,912980,806001,1682436,1956143,1006250,685790,145136,1266759,279360,206925,0,1857364,0,0,0,0
56,000155,2018-03-16,0.020408163265306145,-0.0013605442176870541,0.1574329113268453,33718.0,150798.31357865062,2183,93842565,82791385,1015179,1600885,8801868,9831496,11790042,13768094,26724979,15980285,11161800,11814604,10772404,7602017,4796004,7011747,18780289,15182257
57,000157,2018-03-16,0.0,0.0023419203747074846,0.11963090957446575,7258.0,89461.31314897454,1277,21843172,15058144,1327746,1432203,5646162,4923449,2096358,2425949,2316138,878634,2589217,2549687,1046097,330497,469699,1793549,6351755,724176
58,000158,2018-03-16,0.007751937984496138,0.01679586563307489,0.21904061650813017,6256.0,50449.3449648263,1249,10044534,18496695,1145996,1547913,2876698,3803522,2742192,3712586,2101326,4215966,762582,2478928,0,1175420,415740,937560,0,624800
59,000159,2018-03-16,0.004376367614879584,0.015317286652078543,0.19639733042589125,5556.0,42740.975072848676,541,3314439,7157516,461365,816391,1427826,1652998,934060,1919781,269929,382343,221259,998842,0,1387161,0,0,0,0
60,000166,2018-03-16,-0.0020000000000000018,0.0040000000000000036,0.1415741976272933,10040.0,161562.2743650024,1249,26612591,23326125,1618321,1097392,4713551,5079909,4860659,2249854,5861051,2266408,1774411,1948180,1055977,0,851700,420840,5876921,10263542
61,000301,2018-03-16,0.004615384615384688,0.006153846153846176,0.20720736276928506,13120.0,69224.82647907063,984,19416179,19704431,802778,907848,3904754,4121343,5579560,3908949,3185889,4593314,2380021,3351367,2009510,1633171,493458,454570,1060209,733869
62,000333,2018-03-16,-0.023076923076923106,-0.013911620294599025,1.039992718463235,108513.0,674164.4049126031,3452,516669680,406369517,561440,280195,13759684,9173869,23539940,19471259,48580978,43943918,34063131,35119926,30480821,36789162,26908758,27759353,338774928,233831835
63,000338,2018-03-16,-0.010625737898465104,0.0,0.1597341361674037,17829.0,153093.00161796308,2816,98112606,65362768,3033710,1220724,16902272,10950334,13129997,7494267,17444211,11310770,12678337,6237598,4398652,4114355,8402074,7544611,22123353,16490109
64,000400,2018-03-16,0.00508044030482635,0.006773920406435208,0.3412843629860544,11890.0,57922.08566761674,1197,14493524,20944504,1495278,1023104,4904727,5265359,3251605,4139076,3727165,4408384,1114749,2232480,0,746192,0,490692,0,2639217
65,000401,2018-03-16,-0.0034818941504177747,0.0027855153203342198,0.2769814754779885,37570.0,222933.63213490002,2689,149368641,155965493,1185341,1193035,12539041,12336369,13421942,14674064,22882184,25551978,18977842,20079070,15013462,16340623,7546565,13501281,57802264,52289073
66,000402,2018-03-16,0.0,-0.0019607843137254832,0.24888885696949703,6120.0,90181.2562384373,1680,32410001,19611500,1516669,1595175,5344799,3787122,2717314,3223317,5178927,5348806,3028535,1171734,4784592,1632253,3081364,455713,6757801,2397380
67,000403,2018-03-16,-0.0015625000000000222,-0.005312500000000053,1.7084785118069594,19110.0,55740.56799742304,350,6142109,6544837,330995,187567,1943458,1984444,1600751,1149757,1665705,1165986,286200,667433,315000,959000,0,430650,0,0
68,000404,2018-03-16,0.022648083623693305,0.024390243902439046,0.1828119737158171,14587.5,68185.56246562126,986,15797825,21986770,682254,845242,3953571,4588240,3171957,4643203,4468342,4177656,1970111,3817892,746590,1643428,0,1768637,805000,502472
69,000407,2018-03-16,0.054313099041533475,0.007987220447284393,0.23371706386379099,9435.0,38129.341621590356,717,9196721,6938397,615088,623297,3341963,2667826,1506610,1870406,2852281,1494872,506559,281996,374220,0,0,0,0,0
70,000408,2018-03-16,-0.018551765409934307,-0.013165769000598626,0.5504094375640309,16630.0,149901.00864192483,921,39521657,17080693,854887,586689,4932772,4032067,5817036,2749229,6091972,3452108,3570667,1478005,3644551,1370935,1970191,910049,12639581,2501611
71,000409,2018-03-16,-0.007155635062611854,-0.007155635062611854,0.26749968731963286,6138.0,36901.54865175814,436,4154267,3426333,354801,568218,1356780,1467286,863603,688903,472078,355408,713510,0,393495,346518,0,0,0,0
72,000410,2018-03-16,-0.01055408970976246,0.009674582233949014,0.20742673991046784,41094.0,231031.83953876255,3010,138772256,151515124,1234345,1120580,13182632,14607872,19719219,18554254,30555691,30360334,18381881,19995328,13082304,13400347,9103353,7021169,33512831,46455240
73,000411,2018-03-16,0.003740065451145247,0.0032725572697522853,2.0876532913280643,10685.0,39491.08180326935,104,997762,805494,100608,81415,385636,345427,190668,64290,0,100862,0,213500,320850,0,0,0,0,0
74,000413,2018-03-16,-0.0036275695284159193,0.0012091898428052694,0.17715304947977534,19066.0,144561.85544209974,2181,70809000,66872230,1826263,1742572,10212348,10610163,9869776,9763034,11542260,12351629,7852643,6823749,6482808,3357205,7067682,6144382,15955220,16079496
75,000416,2018-03-16,0.03907637655417395,0.04618117229129659,0.17952868318921114,8550.0,71029.29951272652,987,11350105,18620545,610538,1198488,2856856,4472811,2402037,3502715,2535258,3534472,476210,1656278,692776,1462244,1776430,414007,0,2379530
76,000417,2018-03-16,-0.0012771392081736277,0.005108556832694733,0.2592448267354561,5488.0,53611.910147921895,912,10429347,10225707,1742134,619771,1444707,2389443,1607908,2266286,1846646,3409714,1578304,755493,669056,785000,874192,0,666400,0
77,000418,2018-03-16,-0.018906699547883266,-0.013700506918756017,2.0203914475194185,14494.0,123909.31161288646,1305,30022462,24799559,1393163,1390501,5060472,6679954,6654242,3973571,7375380,3723892,3825680,1834006,1361863,1369103,857654,856914,3494008,4971618
78,000419,2018-03-16,0.007246376811594235,0.019927536231884035,0.2733414162272379,14025.0,63212.24222867902,407,5261752,8936588,297105,340184,1199915,2273952,2190204,951345,1128528,1924225,446000,1250547,0,1181164,0,448000,0,567171
79,000420,2018-03-16,0.003401360544217802,0.0,0.1357516400671638,5015.0,64312.41371276242,469,3991068,5710293,354738,409671,1409063,1690355,754573,889984,327466,617579,208446,295000,0,332704,936782,0,0,1475000
80,000421,2018-03-16,0.0371747211895912,0.03531598513011169,0.18230467470048445,5600.0,59321.51094168661,871,6110352,11570037,842083,937029,2194810,2612322,1361585,2737688,1056644,1259663,0,1180872,655230,0,0,0,0,2842463
81,000422,2018-03-16,0.0060606060606061,0.00909090909090926,0.12237164162407596,6680.0,94938.73205106356,728,10739903,8596546,835179,524158,3889391,1746414,1473986,1515693,1817098,2159261,234432,0,392092,334000,0,0,2097725,2317020
82,000423,2018-03-16,-0.011594202898550732,-0.009661835748792313,1.0798392005252164,73884.0,634258.6232324943,3309,331153155,276926887,520309,652829,15771713,10185989,41575680,22630452,50033242,32897239,22376792,17154804,24278042,13998323,12626493,10316518,163970884,169090733
83,000425,2018-03-16,-0.011904761904761862,0.0,0.08639715221833189,9251.0,136479.30472977206,2376,57768507,40375806,1934356,2370658,9750431,8902024,7897932,5169072,10386331,7995024,5859363,5040064,2912128,2058230,3584160,3512489,15443806,5328245
84,000426,2018-03-16,-0.01623686723973261,-0.015281757402101248,0.21835693220798774,19627.0,217072.24747360116,2301,101465064,80004320,1439924,1252690,7932410,9055587,8660223,9755992,15231577,13608086,10248102,8706152,7257178,6157416,9647384,3515569,41048266,27952828
85,000428,2018-03-16,0.0,0.007957559681697646,0.2128272020638514,4940.0,37123.432825965625,313,1902782,3427851,127154,662387,604137,828728,613563,493124,261954,608836,295974,834776,0,0,0,0,0,0
86,000429,2018-03-16,-0.0012484394506866447,0.0012484394506866447,0.3699282768548544,4836.0,30970.36125932218,468,3241623,3890589,241637,1077897,921408,1222246,931248,724549,712316,583097,435014,282800,0,0,0,0,0,0
87,000430,2018-03-16,0.0,0.005006257822277815,0.45988904389417634,3995.0,20895.20070530035,301,1268164,2244059,211176,345434,688869,984260,368119,504804,0,409561,0,0,0,0,0,0,0,0
88,000488,2018-03-16,-0.024070021881838155,-0.015864332603938824,0.3573253278811624,30634.0,284087.2964061627,2618,164272225,111257420,1315212,1922008,9124795,12434808,15251630,14778303,17020348,17434211,14897108,13605751,12731041,12156655,11245315,3590335,82686776,35335349
89,000498,2018-03-16,0.0,0.0031055900621117516,0.2955476881486625,6470.0,143199.73222448275,474,7492246,3727101,377704,497775,1195595,2019813,619334,874871,750080,108192,553185,226450,308142,0,0,0,3688206,0
90,000501,2018-03-16,-0.02331288343558291,-0.00613496932515345,0.4365542132083101,4884.0,55919.63135957611,1394,22628231,12434846,1860281,1131577,3752963,3123023,8475683,2655657,3031904,2279277,2038299,1170543,648372,0,2283185,831845,537544,1242924
91,000502,2018-03-16,0.012263099219620877,0.02564102564102555,0.3903201312600342,7216.0,69216.59059128785,528,3293180,7284424,683190,452567,1451716,2118965,689256,563970,265699,432093,203319,294400,0,727535,0,893806,0,1801088
92,000503,2018-03-16,0.009390862944162581,0.027664974619289406,0.8335578497788418,40600.0,292484.4544566617,2235,124945553,184302007,689338,1009491,9020982,14568625,9976524,12037376,17508679,20884047,14618780,16317802,9908805,9273649,3558697,16312990,59663748,93898027
93,000504,2018-03-16,-0.013360323886639658,-0.012145748987854255,1.5819469679006135,24440.0,109895.73109760195,243,6678823,6950502,213420,152048,1328965,811581,1566654,479191,1071585,1826096,937265,479400,1067734,0,493200,902866,0,2299320
94,000505,2018-03-16,0.01690821256038655,0.01449275362318847,0.3038306771950805,11760.0,47114.26733892604,742,10718727,10852780,684210,828912,2996282,3789243,2616882,2271868,2472547,3198544,538518,764213,949368,0,460920,0,0,0
95,000507,2018-03-16,0.00845665961945019,0.014799154334038,0.2010177304538958,22992.0,158023.09192840892,2216,58392269,92179645,1846867,1893710,9777527,10646214,9052948,13623889,11176608,19350782,8812272,11521980,5410053,6734778,2452022,5362013,9863972,23046279
96,000509,2018-03-16,0.0,0.0,0.16264471304665226,2480.0,39912.70109812979,929,0,8321392,0,2217120,0,2397664,0,1025728,0,522784,0,503936,0,664144,0,0,0,990016
97,000510,2018-03-16,0.0014184397163119478,0.004255319148936287,0.35613224751477635,7110.0,35332.1367445544,391,4060595,3911039,360380,526524,1480784,1666441,1093630,874285,659646,466958,466155,0,0,376831,0,0,0,0
98,000513,2018-03-16,0.0021798365122616126,0.0031335149863758183,1.5570950583975205,29748.0,149918.6223224888,2222,99246033,78625596,1915236,1123343,12546436,8298723,16506741,10625521,20243878,14411622,9915349,13139935,10255646,8728173,4947926,5298913,22914821,16999366
99,000514,2018-03-16,-0.009090909090909038,-0.003030303030302939,0.2385577673526987,9170.0,80809.27491628313,765,14556405,8291561,836067,893960,2575399,2853842,1993041,2585032,2568918,1297773,1692139,660954,329000,0,427082,0,4134759,0
100,000517,2018-03-16,0.02921348314606731,0.011235955056179803,0.0945005709132911,19320.0,135217.50230966994,2227,73106534,65134745,1766859,1640752,10951437,9456077,10284133,9666122,15039907,11192417,8165023,6443384,7697428,5492338,6295174,3985000,12906573,17258655
101,000518,2018-03-16,-0.0015873015873015817,0.012698412698412653,0.21644586142804953,8848.0,45750.66808830259,847,9669637,10397599,726580,1051596,3173126,3482581,1222165,2233202,2888280,1992095,1185183,439206,0,669590,474303,0,0,529329
102,000519,2018-03-16,-0.006787330316742168,0.011312217194570096,0.17086372752325735,30735.0,166377.49099545032,2683,105659522,98945864,1848720,1627732,12031679,12259404,17032140,14543800,21968072,20386144,13220058,14352032,10117450,7385447,4451287,9060103,24990116,19331202
103,000520,2018-03-16,-0.014044943820224809,-0.002808988764045006,0.11753723612844846,8544.0,66986.34156082022,919,11784869,10849765,902912,839853,3580080,3734855,2035209,1804270,2380327,1195680,762334,986770,0,660903,0,0,2124007,1627434
104,000521,2018-03-16,0.004587155963302614,0.013761467889908063,0.18097778750978855,6142.0,33018.545996901456,580,5076376,4910816,332724,1079391,1793252,2264518,987661,827491,864009,739416,691390,0,0,0,407340,0,0,0
105,000523,2018-03-16,-0.00520833333333337,-0.0026041666666666297,0.3524980528250556,10731.0,40445.702895009345,474,7723482,4482437,540053,375005,2334300,1556474,1522480,1572536,2374883,435572,951766,228690,0,314160,0,0,0,0
106,000524,2018-03-16,-0.014842300556586308,-0.012059369202226278,0.33837477938627547,7504.0,38882.94743863543,1015,12250882,6236762,1158156,568345,5497858,2442650,2336755,911800,2241353,1241378,677253,213200,339507,345184,0,0,0,514205
107,000525,2018-03-16,-0.029276453366792077,-0.010037641154328703,0.7012529608073917,14316.0,100943.10258098107,1162,36986867,20400589,1107798,603770,5749231,4289342,4989076,2527234,10039090,4942458,6852720,2677994,2132059,1381556,1727206,851352,4389687,3126883
108,000526,2018-03-16,0.00766283524904221,0.006269592476489061,2.528119262537912,14417.5,85140.41776692841,128,2348046,2972067,101490,83851,361413,503046,317512,635989,115520,746410,208440,207864,759538,312444,484133,482463,0,0
109,000528,2018-03-16,-0.0020661157024792765,0.0010330578512396382,0.1977947057412415,16481.5,117330.55408691661,2398,59337792,63557362,1483523,2782629,10749314,12125545,8798560,8512692,12948964,10979065,6427655,6578215,5711881,3533478,6206910,3008809,7010985,16036929
110,000529,2018-03-16,-0.004658385093167738,0.0015527950310558758,0.3217145231023928,6465.0,37445.52988790174,400,4976977,3585799,609976,287921,1351927,1602325,1344916,915119,927936,578314,742222,202120,0,0,0,0,0,0
111,000530,2018-03-16,0.03157894736842093,0.024561403508771784,0.11413824476559836,26772.0,174298.6534516144,2505,84066106,109046751,1496581,1550871,9115464,12248844,12803252,14348869,18706955,19986790,13460673,11285255,7554038,11613563,5887444,7612943,15041699,30399616
112,000531,2018-03-16,-0.010869565217391353,-0.0027173913043478937,0.34901811615181083,11122.5,45009.9664916574,444,7246124,4722952,365254,359056,2685692,1571142,1982052,1206462,819432,698827,738708,202308,654986,685157,0,0,0,0
113,000532,2018-03-16,0.0,0.0,0.4702853586852881,15306.5,859981.8182513021,800,74421652,0,1274033,0,7367085,0,6677627,0,7619975,0,2226763,0,3520508,0,4517414,0,41218247,0
114,000536,2018-03-16,0.004683840749414525,0.004683840749414525,0.1480007066694827,7740.0,71638.99426707796,833,8104572,12993264,575366,582284,3171221,3448421,1761421,970287,1518272,1751929,221000,1187655,377467,2337034,479825,1360591,0,1355063
115,000537,2018-03-16,-0.012165450121654486,0.0008110300081103361,0.3241928626210992,16042.0,72719.59487600063,1447,31385860,24933820,1409418,877254,6370212,6618224,4740642,3940866,6462097,7776969,5796940,3114647,1970665,1308941,1319540,1296919,3316346,0
116,000538,2018-03-16,-0.008785784797630813,-0.004146100691016841,2.2991308017125207,30441.0,167468.63406860273,1941,80736154,74328485,0,0,11632252,7136247,11099655,18377474,13524680,10958002,9725350,6067764,5738147,5451776,4883088,4658142,24132982,21679080
117,000539,2018-03-16,0.008565310492505418,0.014989293361884481,0.18461316979277914,9340.0,59401.59932230149,640,8640657,8740066,1403667,278448,3158345,1246902,1187125,1399010,1249974,2235747,449917,1415888,764983,655375,426646,470162,0,1038534
118,000541,2018-03-16,-0.0113378684807256,-0.005668934240362855,0.25968660461576426,5253.0,112881.9075615959,1154,14652974,9489279,977701,1642986,3628108,2761224,845339,1308951,1704623,808335,522742,0,1044294,350322,893595,858583,5036572,1758878
119,000543,2018-03-16,-0.003960396039603853,-0.001980198019801982,0.1470203389246373,12120.0,112004.96580463712,1181,34275698,17921599,1022923,686834,6520557,4049652,4142713,2328414,4808115,3607969,2647257,3311047,5437226,1477970,2232033,450339,7464874,2009374
120,000544,2018-03-16,-0.0007194244604316058,0.0028776978417266452,0.6419108403761972,11176.0,42623.72576879815,468,5815775,4487246,327611,640871,1993953,2371065,1317627,947150,736567,528160,423927,0,0,0,443410,0,572680,0
121,000545,2018-03-16,-0.008639308855291628,-0.002159827213822796,0.16525220902588442,9260.0,64821.65658203666,785,12297276,9220017,641073,1163728,3601847,3076706,3017673,1455683,2143676,1322052,1159145,445816,751084,361920,0,462000,982778,932112
122,000546,2018-03-16,0.0025062656641603454,0.008145363408521344,0.42373391064384536,11221.0,96549.01626668508,1419,28200756,21936027,2246880,1093844,5859901,5278106,5035294,3183352,6307002,4079941,3043751,2240271,1627775,2707301,436288,902944,3643865,2450268
123,000548,2018-03-16,-0.018547140649149974,-0.009273570324574876,0.29175924537407966,12780.0,45454.13520894979,491,6451296,6712561,557557,385773,2869585,1843982,1439507,1352594,1584647,1748843,0,497812,0,330372,0,0,0,553185
124,000550,2018-03-16,0.01591511936339507,0.007957559681697646,0.6741162679754336,15200.0,59159.42032750703,781,11038254,14061087,757311,717325,3959366,4333488,1729684,2655134,2708941,2963586,743275,1128779,733112,1386935,406565,0,0,875840
125,000551,2018-03-16,0.012569832402234526,0.025139664804469275,0.35673959277190287,11568.0,43137.80321899349,402,4161747,6417112,348944,304025,1002191,2287857,1560780,1969293,988121,916179,261711,204786,0,734972,0,0,0,0
126,000552,2018-03-16,-0.016483516483516536,-0.0027472527472528485,0.12429807664755184,2904.0,61738.01981410321,859,13406506,5642101,575228,625442,2213273,1492591,2204213,981297,2210728,849361,1492293,520443,2757105,668760,1289376,0,664290,504207
127,000553,2018-03-16,-0.021962937542896355,-0.00823610157858623,0.5261872214433827,10227.0,97391.69264007034,766,19729651,10314874,677388,732335,3199752,2786262,2551828,1860192,3304216,1395086,3611953,741414,996940,705490,1271923,1349495,4115651,744600
128,000554,2018-03-16,-0.014925373134328401,-0.013568521031207648,0.20245157419225013,14760.0,131706.48097647337,1327,42185445,26353147,887125,1365441,6642075,5686311,4756815,4901908,6994247,5459356,5134329,1719849,3537024,1660940,5024370,868190,9209460,4691152
129,000555,2018-03-16,0.10221793635486986,0.10221793635486986,0.2583804478221908,22860.0,260956.88126721865,1612,111026015,30276754,1735634,210687,12331653,1748834,11540170,3602922,13342197,5061805,9994017,5900247,3468849,2470222,6750286,1374922,51863209,9907115
130,000557,2018-03-16,0.0,0.002207505518763808,0.19068862987526036,6825.0,25978.010382988603,564,5839666,3656968,777052,478795,2879782,1731386,1413546,911135,769286,247637,0,288015,0,0,0,0,0,0
131,000558,2018-03-16,-0.010752688172043112,0.006451612903225712,0.12425512599934406,13980.0,84225.26165697642,1403,29017444,31240803,1309930,1274199,5787799,6386501,5039650,4153897,5715067,8210206,5707824,4240747,2286160,1344817,1885142,1267372,1285872,4363064
132,000559,2018-03-16,-0.007769145394006638,-0.0011098779134295356,0.27301133327083066,9080.0,121060.06856880045,1089,27590561,12756530,1362551,1090964,3843126,3583252,4820605,3653311,3071476,1870451,3697172,429645,1333520,717460,882207,0,8579904,1411447
133,000560,2018-03-16,0.016887816646562248,0.02895054282267795,0.30299270668919276,8460.0,37024.17908529213,748,5212976,11106721,426855,1002472,2287073,3488019,1699607,2958259,799441,2175124,0,467506,0,1015341,0,0,0,0
134,000561,2018-03-16,-0.010638297872340274,0.0026595744680850686,0.27824676417739763,7520.0,29326.924707700393,730,6464319,6226844,745680,789907,2251510,2466074,1826273,1519040,1435082,1236286,205774,215537,0,0,0,0,0,0
135,000563,2018-03-16,-0.0024271844660194164,0.0,0.11951675639322094,4130.0,53736.034774784544,1191,15274105,10664152,1568825,712945,3376268,2784836,2243658,2656590,2036699,1763521,3208992,1372998,1395163,710034,825000,0,619500,663228
136,000565,2018-03-16,0.012618296529968376,0.015772870662460692,0.2993013628495056,7734.0,43258.229029109905,448,3956142,5931535,441967,361019,1577937,1725784,865443,1024995,270579,1500564,800216,930373,0,388800,0,0,0,0
137,000567,2018-03-16,-0.003805175038051778,0.004946727549467234,0.8372469935308541,13130.0,114407.88698986641,985,18856330,25421091,870276,613696,4700363,4269487,3511049,3496172,1774183,4322918,2226527,3808233,1461120,1972863,0,918750,4312812,6018972
138,000568,2018-03-16,-0.015230071289695335,-0.0014581983149707378,1.2107420112175895,30910.0,184640.0564294242,2599,121640978,99430559,1679233,656591,21157484,9389546,15004938,11226590,21607785,15969363,16930109,11321267,11229903,4580592,4598994,3927207,29432532,42359403
139,000570,2018-03-16,0.01171875,0.009765625,0.29134995836189304,10330.0,39903.935851625254,308,3592132,4917293,164751,284991,895391,1664308,407676,1329562,1648584,1397322,475730,241110,0,0,0,0,0,0
140,000571,2018-03-16,-0.009980039920159611,0.0,0.16264096344921763,10120.0,102717.7028873594,950,21609941,12440536,792649,651844,4180931,3472515,3303148,2264466,3990861,2274060,2406560,1924552,1001770,1351099,0,0,5934022,502000
141,000572,2018-03-16,0.10796915167095111,0.01799485861182526,0.13150558884479646,6698.0,66887.80767702319,876,10862227,12654553,800446,848341,3247978,2887898,2056440,2163390,2712809,1445341,0,1616295,1005675,686656,425799,920680,613080,2085952
142,000573,2018-03-16,0.00201207243460777,0.006036217303823088,0.2649946240855285,7056.0,49797.559947000795,351,4909086,3584259,312225,327511,1056050,1426815,867115,837055,1131703,727378,653700,265500,0,0,888293,0,0,0
143,000576,2018-03-16,0.008153477218225236,0.0,0.8772781037515214,16628.0,34928.74396306512,564,8726195,5949578,497962,342622,3473017,2576124,2208007,2280175,1712137,750657,209000,0,626072,0,0,0,0,0
144,000581,2018-03-16,-0.01633165829145733,-0.008793969849246075,0.6074168694878013,14292.0,248277.4708094346,1545,52240557,37071879,1931378,1011849,6475661,6301525,5154183,5401938,6678613,6749737,4106273,7862904,2715389,3414417,423693,1772357,24755367,4557152
145,000582,2018-03-16,-0.009922822491730932,-0.0011025358324144863,0.38067153080694,9070.0,38907.70302254609,567,6358349,6182138,618122,734302,2778877,1905194,895427,1867740,1015089,1674902,243809,0,353525,0,453500,0,0,0
146,000584,2018-03-16,-0.021621621621621623,-0.014864864864864935,0.5243094815455609,23624.0,114273.12050111113,796,25646799,10925712,361095,540380,7079764,3444609,4815375,2966404,3603566,2434166,2235656,1173113,0,367040,1241594,0,6309749,0
147,000585,2018-03-16,-0.029569892473118364,-0.005376344086021501,0.12539587407839312,7410.0,58534.779698408434,882,11198206,7201577,977176,752295,3828686,2951466,2228531,939477,1432243,669032,1126510,445560,0,346491,442520,0,1162540,1097256
148,000586,2018-03-16,-0.01064495929868503,-0.0050093926111458575,0.6973565748286406,7980.0,26401.87293590997,524,5127956,3367188,736194,762036,2222174,1417082,1372876,784250,477725,403820,0,0,318987,0,0,0,0,0
149,000587,2018-03-16,0.002865329512893977,-0.0014326647564470996,0.23048079735430307,17550.0,244252.2197387179,917,29982476,56257534,483144,901173,5044250,3405599,3327336,2677181,3492974,3894498,1205922,5222185,984399,5368869,1669251,2607946,13775200,32180083
150,000589,2018-03-16,-0.00919540229885063,-0.0022988505747125743,0.20582856570372177,10175.0,28621.979138888102,446,5120664,3879767,522889,345126,2636844,1775440,1209547,750454,519184,1008747,232200,0,0,0,0,0,0,0
151,000590,2018-03-16,-0.003215434083601254,-0.002411575562700885,0.8445388275206689,12395.0,36832.37298243852,216,2011902,2307134,175023,224778,1090035,962228,183704,576846,563140,124500,0,0,0,0,0,418782,0,0
152,000591,2018-03-16,-0.011811023622047334,-0.005905511811023723,0.14858334733006245,5050.0,78452.36017409831,1170,16432678,11098337,1109922,875991,4245830,2126118,2498368,2168145,2098401,1983830,253500,1330812,300980,300651,860999,456300,5064678,1856490
153,000592,2018-03-16,0.01091703056768556,-0.01091703056768556,0.14374731173035638,9150.0,106235.20878654132,1016,23352007,13797678,983480,1262852,3058654,4620632,2535426,3813127,3150446,2450894,3431904,1211453,2711565,0,1808817,438720,5671715,0
154,000593,2018-03-16,-0.0043604651162790775,0.0014534883720929148,0.27416872183429297,10515.0,117300.18414588121,630,13321841,8335641,471178,757995,1960938,3337947,1970538,1431918,1886390,1173546,899279,897160,1046323,303075,0,434000,5087195,0
155,000595,2018-03-16,0.0205011389521641,0.02733485193621865,0.17887946004697483,8920.0,47366.83952546473,602,5578001,8571166,713141,610677,2731423,2449189,1285387,1086746,848050,1590488,0,1530407,0,677859,0,0,0,625800
156,000596,2018-03-16,-0.02341085271317822,-0.01689922480620165,1.7895122946556046,12720.0,101152.74038578416,1299,34074163,10879433,2821521,615449,5596525,3215870,5178545,2759979,6234801,2415388,2418762,443391,972023,332956,403200,454400,10448786,642000
157,000597,2018-03-16,-0.00886699507389166,0.002955665024630516,0.3979485191646345,8163.5,54993.61745269401,650,8279573,7917429,535077,643932,2840304,2542214,1074898,993575,1616136,1142562,991458,743287,306600,916560,407600,423299,507500,512000
158,000598,2018-03-16,-0.0039999999999998925,0.0,0.17634523986397424,5489.0,101565.65603376349,804,12607483,10331634,922107,830957,3412867,1987010,1495046,1900548,1502824,1201174,1464565,986968,1040415,661898,0,0,2769659,2763079
159,000599,2018-03-16,-0.00805152979066015,-0.0032206119162639935,0.2924750819817765,10506.0,54094.81265811431,450,6107845,5630008,384718,450673,2067863,1545298,928504,1099160,1307652,1279835,696218,272800,309500,982242,413390,0,0,0
160,000600,2018-03-16,-0.02066115702479332,-0.012396694214875992,0.16939720555616108,18225.0,176071.43214915713,1840,62689815,53687809,1311182,1651283,8954316,9338869,6944699,7256142,9138235,10195528,7524515,3899501,4040745,3092956,3510991,2177475,21265132,16076055
161,000601,2018-03-16,0.012912482065997155,0.020086083213773476,0.27474031531028076,13452.0,70226.5646183939,643,9632871,11577685,652330,496630,3125483,3185960,1324727,2695778,2264582,1649853,1004275,1303428,1261474,0,0,0,0,2246036
162,000603,2018-03-16,0.0016103059581320522,-0.006441223832528209,0.44140863151331766,12410.0,57653.130013864,791,16973122,9864610,778634,718148,3909926,3588435,3976718,1546059,4285028,2423904,1841352,448832,1122284,635386,476160,0,583020,503846
163,000605,2018-03-16,-0.008670520231213952,-0.0028901734104046506,0.48480063912960136,17145.0,72771.57176306382,1274,29402534,17916759,1108504,954285,6743678,5130834,5937423,5316084,6020783,4394887,1687732,937471,2739797,739714,1271600,443484,3893017,0
164,000607,2018-03-16,0.03339517625231925,0.04638218923933213,0.18811668397638057,6061.0,74499.38471340771,821,6632370,15754401,417299,1290503,1855097,3440869,1263849,3227358,1367883,3418483,278000,1349517,328662,694544,0,465800,1121580,1867327
165,000608,2018-03-16,0.008547008547008517,0.012820512820512997,0.27608117321386805,7140.0,42769.6392208464,646,7753940,7252614,629526,672118,2532307,2044283,2123696,1553069,1566991,1634562,901420,465178,0,355500,0,0,0,527904
166,000609,2018-03-16,0.025191675794085322,0.03285870755750264,0.32584201531724216,9460.0,74415.42343201472,785,7309414,14733734,649743,977267,2882076,3787897,1631937,3031259,1635158,1195804,510500,492248,0,762855,0,473500,0,4012904
167,000610,2018-03-16,-0.01810865191146882,-0.007042253521126751,0.6201239960256153,7944.0,29209.349658686315,256,2579473,2095975,318005,322767,890775,862673,624011,805701,491050,104834,255632,0,0,0,0,0,0,0
168,000611,2018-03-16,0.005434782608695565,0.005434782608695565,0.4209671106517353,16767.0,63802.94278090642,305,5263736,6147716,209078,168323,863311,2056977,1132014,1819263,580867,1444013,495950,659140,1077746,0,904770,0,0,0
169,000612,2018-03-16,-0.01662404092071612,-0.0012787723785167016,0.26083857914284775,3128.0,67635.92995820053,899,7972341,2746951,1165226,702036,2879066,1569260,559868,295079,1197449,180576,233992,0,0,0,0,0,1936740,0
170,000613,2018-03-16,0.08128342245989306,0.08128342245989306,0.20239918284210148,27412.0,998752.2126367312,2152,183595734,178055314,893862,2097681,6565117,10022332,9118439,9158623,11429860,15532568,10676432,11997132,8999843,14261823,5447572,10671891,130464609,104313264
171,000615,2018-03-16,-0.008602150537634468,0.004301075268817067,0.22534299026674817,17746.0,84891.31349380185,1704,36776618,35359151,1488922,1469838,7723962,8618667,7654707,8046341,8341585,5351490,4884299,3817915,1019150,2709462,2232797,1851257,3431196,3494181
172,000617,2018-03-16,-0.012765957446808529,-0.007092198581560294,0.5873000874739537,6975.0,38904.764359403154,576,6797399,5260840,1394413,356181,1601875,1409654,1353626,1218400,1944090,1342861,503395,581244,0,352500,0,0,0,0
173,000619,2018-03-16,-0.012328767123287676,-0.008219178082191747,0.3272337936677884,7270.0,50287.84242883605,497,8169677,4088540,257352,481949,2379814,2087430,1324539,879645,1880494,351116,975150,288400,342228,0,0,0,1010100,0
174,000620,2018-03-16,0.026058631921824116,0.02931596091205213,0.1930300597771385,12480.0,68636.09403950348,1012,12490216,21098362,1135175,876537,5323801,3766958,2796696,4107544,2063520,4431990,226566,1439181,944458,1317600,0,994124,0,4164428
175,000622,2018-03-16,0.011415525114155223,0.01598173515981749,0.3293328810870282,8800.0,36231.63151182653,176,1569938,1391047,79679,196809,306088,1066150,154842,128088,656684,0,0,0,372645,0,0,0,0,0
176,000623,2018-03-16,-0.0009704027171275609,0.0029112081513829047,0.5245802599800936,20660.0,118123.850662236,1543,42415851,39461347,1086816,884264,7704236,9504536,5828628,4380740,6649739,6810655,5268011,5550352,3792678,3258280,2982564,3503620,9103179,5568900
177,000625,2018-03-16,0.00738916256157629,0.008210180623973606,0.22725628172294815,34062.0,274653.19211242284,2874,122008586,191102725,1732938,1227195,14337536,12716693,15416463,14484680,23913467,22822016,11712948,23670312,11440973,13401135,8189888,9426436,35264373,93354258
178,000626,2018-03-16,0.029718875502008135,0.03694779116465874,0.3273609503228308,23112.0,114126.01523932126,1448,40114516,43721872,960494,846548,6855199,7051002,5613198,7108929,8988047,10564408,5468900,6520470,2050406,3140632,2663890,4084759,7514382,4405124
179,000627,2018-03-16,-0.012004801920768249,-0.004801920768307433,0.1803954941174809,16560.0,128662.69504161226,2135,59987463,56113527,2067768,1821271,9842133,8634126,8636682,7830831,15513110,8543796,5656970,6655623,5685266,3369956,3368319,4779393,9217215,14478531
180,000628,2018-03-16,0.03440366972477049,0.032110091743119185,0.22129044214876503,16815.0,83413.04276608308,1555,26286260,40038925,1565375,1249173,6964995,7086875,5113506,6962065,6368380,10651996,1896448,5778105,619716,2562957,976520,425420,2781320,5322334
181,000630,2018-03-16,0.0,0.0,0.06564482445936368,5480.0,142421.50239274825,1745,36324475,21699124,1653190,1380815,7217461,3367656,4658059,1696545,5958510,1952465,4955472,1667611,1138410,734097,916734,1331694,9826639,9568241
182,000631,2018-03-16,0.004761904761904745,0.0071428571428571175,0.13660078224074354,5499.0,69297.01328514857,947,11445461,8986662,1488285,551530,3325486,1782372,1752999,1958803,1200001,1214638,1027823,1881999,0,0,446800,485100,2204067,1112220
183,000632,2018-03-16,0.0017094017094019254,0.0034188034188034067,0.2715458597820524,5274.0,65373.10937648666,464,4761615,7151665,154352,766776,794425,1013946,666310,779353,1535012,1489069,1290316,228343,321200,1381858,0,902320,0,590000
184,000633,2018-03-16,0.0057405281285876075,-0.01148105625717577,0.4631408172198243,9471.0,39089.09964028714,353,4301548,3509043,522761,321148,1489569,1314922,614981,1052222,1248237,820751,0,0,0,0,426000,0,0,0
185,000635,2018-03-16,0.025073746312684442,0.03539823008849541,0.3929182073186744,14050.0,81943.52032648934,1193,20991643,27156061,1153720,908674,5585314,3942241,4267613,4506112,4767302,6842738,3428883,3109837,308880,2714678,920160,1779348,559771,3352433
186,000636,2018-03-16,-0.0071656050955414274,-0.00398089171974525,0.24441986538262095,26292.0,190381.4148671034,2645,127050254,97199598,1733026,746700,16458917,9083907,15976914,11422257,20542770,17786428,17146193,12039763,7475217,7871810,5832606,5180552,41884611,33068181
187,000637,2018-03-16,0.046904315196998114,0.046904315196998114,0.1580947067048377,11160.0,109996.01992152602,1140,14544156,31741950,736128,1068482,3676017,4956073,3176842,4645297,2971249,5762435,1774166,2899126,1389698,1665920,0,412792,820056,10331825
188,000638,2018-03-16,-0.007246376811594235,-0.0020703933747411307,0.2545703137633644,14684.0,60230.603502014266,1441,26276209,20192533,1566897,1483789,7893788,7405986,5641572,4066142,5589467,4034908,1176367,1574301,970631,670185,987546,0,2449941,957222
189,000639,2018-03-16,-0.0012292562999385304,-0.0018438844499079066,0.6515319213763007,8135.0,35013.68634040589,623,7534098,4165686,957102,387219,2360874,1733375,1698835,1421494,1511808,623598,685412,0,320067,0,0,0,0,0
190,000650,2018-03-16,0.0020000000000000018,0.010000000000000009,0.19547051895191306,5555.0,83931.52430181197,654,6861978,9338332,683061,634100,1772888,1933671,1231432,1050893,693674,2199621,909716,944928,1111968,356519,459239,0,0,2218600
191,000651,2018-03-16,-0.006693938267013699,-0.0031610264038676172,0.9001720111053654,289332.0,953523.6256563907,3570,1028434445,940249072,58955,53585,5954458,3912052,15182011,14904494,43898974,39810187,46360170,41655594,53723803,46669429,40346945,48955074,822909129,744288657
192,000652,2018-03-16,0.0021834061135370675,0.004366812227074135,0.1161195115383061,9597.0,61472.81568507269,1560,23333245,19083840,1168807,1487382,4749071,6163578,4726561,2881478,6197870,4366153,1711425,2267734,336528,391459,2293533,474946,2149450,1051110
193,000655,2018-03-16,0.005586592178770999,0.005586592178770999,0.2434035075542502,9756.0,44878.93372780058,486,5790776,5874945,459558,483465,1576092,2046041,1092415,1554735,676859,1340906,1261400,449798,310500,0,413952,0,0,0
194,000656,2018-03-16,0.01754385964912286,0.01949317738791434,0.14594266853721394,13520.0,192211.3671665657,1237,30198429,43521131,917489,1118714,4465813,3960213,8305916,3874874,5046525,5886755,3194080,7044164,1931784,3932030,852458,886351,5484364,16818030
195,000657,2018-03-16,-0.016337059329320835,-0.008598452278590019,0.41575079044529617,5765.0,45229.36706031598,782,8573592,6553426,772890,791458,2517886,2200423,1358610,1088300,2356521,1319345,998642,230600,0,348300,0,0,569043,575000
196,000659,2018-03-16,0.03428571428571425,0.03428571428571425,0.13055553777341722,12172.0,84542.72280369583,719,13499949,17815213,608856,550301,2740047,2837981,2306760,3275907,2635861,4446680,1816821,1124539,359040,4164062,432464,854163,2600100,561580
197,000661,2018-03-16,-0.028668448007125202,-0.014696058784235078,4.732338248008225,36140.0,222798.14555807112,1441,84614163,64229475,0,7078,8082906,6952307,11022202,8804394,18223571,12823581,5107809,4583323,6363479,6285842,3155810,3012911,32658386,21760039
198,000662,2018-03-16,-0.006116207951070374,-0.003058103975535187,0.44229436700741565,12990.0,61942.29942517565,874,13863296,14848186,719515,741892,3441588,4660940,2364376,3472889,3403744,2470106,2292531,1538377,646866,667820,488630,0,506046,1296162
199,000663,2018-03-16,0.07307692307692304,0.0361538461538462,0.26348633786251924,35586.0,260346.11217988897,2437,115241228,144966407,640280,1953448,7010236,13879582,9561126,16065012,18170107,29404892,12466456,17354541,9169461,12739110,8517685,6015100,49705877,47554722
200,000665,2018-03-16,-0.01790510295434189,0.001790510295434089,0.25826323600017115,22460.0,115125.77826616567,1872,53621208,57545830,1078705,1141618,8642160,9035942,6338490,10736205,12964455,12665141,9711117,6464644,3064758,3104176,1764514,3195891,10057009,11202213
201,000667,2018-03-16,0.0033112582781456013,0.0033112582781456013,0.10756969249649763,5168.0,127856.78950917374,790,9711019,10267534,935939,944564,2276233,2010300,1249111,1075741,1090864,714631,711093,1190034,330224,1394232,923891,413440,2193664,2524592
202,000668,2018-03-16,0.003076923076922977,0.00846153846153852,0.9242202167751085,12960.0,29561.557052328735,197,1520325,2320598,166953,110845,488759,952708,327657,662787,536956,594258,0,0,0,0,0,0,0,0
203,000669,2018-03-16,-0.007531380753138084,-0.002510460251045954,0.3352355219960419,4796.0,101794.0979374748,1271,18368523,11269306,2227021,1256711,3398897,3553952,1217151,2158936,1685738,1595025,953232,471198,957982,693913,0,890686,7928502,648885
204,000670,2018-03-16,-0.009259259259259411,0.0,0.11584915599882144,12581.0,59108.51116199846,2179,34724010,31353916,1644684,2000799,10873754,9904140,7129550,6578112,6446746,5731170,4409573,3217505,1432540,998270,1306965,842370,1480198,2081550
205,000671,2018-03-16,0.012019230769230616,0.018028846153846256,0.17443523975412684,24360.0,251084.5599017819,2279,84153941,132905878,1218979,1893747,9562852,10025052,10602750,9247093,15512535,14226637,10460472,13351100,6923938,7048577,7638439,8541203,22233976,68572469
206,000672,2018-03-16,-0.0050761421319796,0.0036258158085569203,0.23599962401084956,95970.0,401712.47204282926,3421,331869131,372722694,690154,650895,10171841,11672161,22526414,25346901,54323880,50005608,35993615,42959971,32084897,29918076,25650076,21925671,150428254,190243411
207,000673,2018-03-16,-0.007402837754472591,0.0006169031462059937,0.6678133904800448,21164.0,432057.68797837914,590,25660675,46264216,540082,350447,3070556,2348075,2789852,2413444,4573649,1773916,466842,1249454,1355910,1639142,899302,1738156,11964482,34751582
208,000676,2018-03-16,0.03901611535199323,0.016963528413910245,0.373348999930646,7212.0,52367.52992226614,997,12031361,9994369,695197,1026891,3729587,3502149,2381875,2900994,1692839,1398243,1093949,428626,304546,737466,0,0,2133368,0
209,000677,2018-03-16,0.012048192771084265,0.009036144578313365,0.18626409960221788,6993.0,50143.93836871944,317,3606688,3381120,278057,381845,1041521,1165233,620515,691141,607988,573401,757575,0,301032,0,0,0,0,569500
210,000678,2018-03-16,-0.006153846153846176,0.003076923076922977,0.2798088765392754,9128.0,45847.441863016546,539,6760303,5326364,628402,617463,2102914,2064107,2088889,1095443,558718,788220,717180,761131,0,0,0,0,664200,0
211,000679,2018-03-16,0.010903426791277315,0.017133956386292892,0.24905468900240002,6580.0,42393.758905795505,665,7496587,6988755,860973,476474,1875427,2854451,1836807,1305434,1825244,2352396,525486,0,0,0,0,0,572650,0
212,000680,2018-03-16,-0.0044543429844099425,0.00222717149220486,0.16110197344556132,4510.0,61740.73269423485,777,7721871,8372547,692861,1108773,1608673,2153609,901819,2099137,1500456,613481,700715,747995,691460,321035,874033,450000,751854,878517
213,000681,2018-03-16,-0.02319391634980983,-0.0022813688212928174,0.535571463373469,40245.0,164185.48091919863,2417,123275904,109732694,802658,902327,11159268,9543513,15353106,11940599,26592683,21014959,20924240,19444097,12651046,10824784,7908823,8395915,27884080,27666500
214,000682,2018-03-16,-0.002262443438914019,0.009049773755656076,0.2010367361500824,4884.0,43839.43077781445,483,2494476,3884112,336393,874472,1263484,1261249,482695,238146,411904,337365,0,0,0,366540,0,0,0,806340
215,000683,2018-03-16,-0.007017543859649145,-0.0035087719298246833,0.07445009052424244,3692.0,85704.15484822115,1477,20591976,8405434,1449313,1197624,4861288,3102343,3040227,1598410,3016430,1048227,2494796,230040,350637,303525,437076,402705,4942209,522560
216,000685,2018-03-16,-0.003076923076922977,0.0010256410256410664,0.3715178330449515,5873.0,48900.08106085208,688,8853634,7125828,982988,500868,2861181,1821768,1958601,2111401,1244342,625820,494925,1746492,0,319479,1311597,0,0,0
217,000686,2018-03-16,-0.007462686567163979,0.0012437810945276073,0.2624605040428258,8070.0,61189.537730922006,938,15412154,13442225,1071370,952785,2986863,3855542,2974877,3376592,3843164,1430894,938086,2236435,2028430,735878,486220,854099,1083144,0
218,000687,2018-03-16,-0.012487992315081686,0.0009606147934677622,0.2866827908774542,10470.0,80479.51616925541,1319,21947975,23413882,728021,2273368,5147751,5957938,3531503,3501234,5091979,4523814,1525190,2871451,1025451,1367977,1237207,905151,3660873,2012949
219,000688,2018-03-16,-0.0010266940451745254,0.0,0.42114465323475836,11688.0,74079.55238284182,534,11715429,8354482,578673,724926,2544338,2002593,2419977,2108503,3173376,1410624,1199015,672060,340550,316550,486500,487500,973000,631726
220,000690,2018-03-16,0.0,0.004807692307692291,0.26974285640019807,15902.0,104929.23018334813,951,21472560,24695541,760043,973767,3908350,4490720,2802356,5374104,4233831,4893592,1339044,2735139,1051680,3813970,2115844,1326430,5261412,1087819
221,000691,2018-03-16,-0.011589403973509937,-0.0033112582781458233,0.4091780766117169,9648.0,31922.653445692482,217,2344640,1989704,229221,176850,770745,1097183,384987,480667,513137,235004,446550,0,0,0,0,0,0,0
222,000692,2018-03-16,0.02689486552567244,0.009779951100244544,0.22123937597565993,8526.0,61144.13938214017,341,5622082,4308568,250973,320142,1168318,1641863,591446,752101,1462452,724684,428070,869778,661778,0,411070,0,647975,0
223,000695,2018-03-16,0.026607538802660757,0.027716186252771724,0.4177126932078292,5532.0,21756.143644344193,466,2203183,4070482,320340,656986,816113,2444743,463332,710714,367622,258039,235776,0,0,0,0,0,0,0
224,000697,2018-03-16,0.00967741935483879,0.019892473118279463,0.5233993996140492,17064.0,90540.50596084917,1263,22638207,28664674,514099,1545121,4665122,7799724,3953839,5100317,5717196,4379551,2590427,2857763,1018619,2405094,1371129,873299,2807776,3703805
225,000698,2018-03-16,0.0036231884057971175,0.009057971014492905,0.2437944850920621,9401.0,117703.57564591445,512,9732825,9417729,657884,406984,1086865,2127542,2162931,1743978,2291182,1335876,1278646,449848,671859,387672,879489,0,703969,2965829
226,000700,2018-03-16,-0.0038986354775827348,0.003898635477582957,0.21128706680410858,5160.0,59410.69658563817,589,7505092,6701917,1083622,310664,2293138,1251706,1672354,1226283,1087180,1291044,862602,1202061,0,0,0,0,506196,1420159
227,000701,2018-03-16,0.028368794326240954,0.030732860520094496,0.25676408017915753,11303.0,92147.85390309052,1086,16174982,21700796,1250317,777701,4789338,4568047,3070257,4100792,3725948,4673344,1443448,1993235,346800,1308964,456749,0,1092125,4278713
228,000702,2018-03-16,0.004629629629629539,0.007716049382715973,0.26751968432262274,7842.0,51957.50548353968,586,7609223,8516278,645133,638971,2211595,1852438,1952065,1558829,1479556,2451045,296008,1479535,1024866,0,0,0,0,535460
229,000705,2018-03-16,0.0054421768707482165,0.0054421768707482165,0.2597120274522144,3680.0,26191.505663186923,801,5072649,3999083,1000220,855386,1133097,1943227,725993,643047,1563953,557423,649386,0,0,0,0,0,0,0
230,000707,2018-03-16,-0.0023255813953487747,0.006976744186046657,0.17174309217547415,6464.0,26597.371245685925,627,5532508,3742702,1054209,400763,3544732,1876409,592053,546194,341514,438662,0,0,0,0,0,480674,0,0
231,000708,2018-03-16,-0.0035366931918656697,0.0,0.48590190202961864,9080.0,53530.70025176964,541,9324218,6252862,790728,517192,1762624,2074898,2039086,1028105,2212811,1029868,1867513,454160,651456,712140,0,436499,0,0
232,000709,2018-03-16,-0.010471204188481686,-0.005235602094240788,0.08714388064802663,9932.0,124283.30055056654,1931,58074986,22866503,2089857,1503042,8619970,6917037,7652705,3932780,7458654,3152656,5745203,1443158,3841812,2020566,3528829,0,19137956,3897264
233,000710,2018-03-16,0.022060445621001623,0.030222810500772246,1.2025917480955257,23205.0,113374.24320367331,1421,30284876,36883057,1302191,1348260,6878301,7819815,6934909,7895765,5955833,8066681,3020267,4097903,606852,2377610,468700,962433,5117823,4314590
234,000711,2018-03-16,-0.009740259740259827,0.0,0.4711879802721273,24720.0,52807.17983634146,683,13978677,7335856,377467,525248,7836192,2486349,1392759,1972463,1121526,1763946,1686233,217350,369900,370500,0,0,1194600,0
235,000712,2018-03-16,0.014179608372721031,0.02903443619176227,0.342443248024139,19565.0,100147.4747187088,1871,41427941,60459925,1218350,1264451,7803060,9670695,8217361,9167930,8968397,14078915,5981126,6711922,1728474,5492841,1741953,5037873,5769220,9035298
236,000713,2018-03-16,-0.013293943870014702,-0.002954209748892156,0.3529801173034348,10110.0,51233.94227621455,367,5738950,2974522,460991,236987,1846088,1325489,1053727,773030,1254924,366451,0,272565,0,0,402300,0,720920,0
237,000715,2018-03-16,-0.01145475372279492,-0.004581901489118079,0.41493893432589357,3484.0,56844.04982819335,442,5272645,1281252,826577,228745,941894,586314,677747,334068,731150,132125,286977,0,0,0,442829,0,1365471,0
238,000716,2018-03-16,0.034482758620689724,0.00766283524904221,0.19756309646270476,5240.0,36812.15813351289,698,4670936,5779617,924714,954907,1279197,1796641,676334,747485,1513509,712564,277182,702051,0,386400,0,479569,0,0
239,000717,2018-03-16,-0.03830911492734479,-0.021136063408190298,0.15726711396855608,20061.0,145869.22614615687,2320,88872240,65653696,1774405,1339662,11747929,9411374,11504191,8608433,15612862,11032955,9162217,11171811,4856348,7054666,2704840,3596286,31509448,13438509
240,000718,2018-03-16,-0.004728132387706974,0.004728132387706863,0.13937071710104268,8460.0,60473.242467709795,922,14099085,10561155,790661,1009034,3256183,3886312,1627801,1995926,2375641,2983033,1594742,686850,1644802,0,423000,0,2386255,0
241,000719,2018-03-16,0.0046136101499423265,0.016147635524798254,0.2604073810171294,6118.0,40218.59654809941,1109,9120510,8752457,1646012,1145761,2922823,2598576,1140589,2068761,944888,1736322,522885,232218,1055829,970819,887484,0,0,0
242,000720,2018-03-16,0.013245033112582627,0.013245033112582627,0.13201572705471176,11136.0,127088.7475646348,1182,27288149,22369047,1240248,903045,5960216,4364018,3889189,4337947,4990986,2113598,4089806,3263727,973320,1004261,1301747,1755337,4842637,4627114
243,000721,2018-03-16,0.024489795918367196,0.014285714285714235,0.2228042592281547,6958.0,34999.26986742902,483,4865485,4870584,566646,414890,2098544,1692479,1562851,1143697,637444,949708,0,0,0,669810,0,0,0,0
244,000722,2018-03-16,-0.005464480874317057,-0.003278688524590234,0.371697889396218,9160.0,50393.522142834256,606,10215964,5469138,752555,535191,3109689,2225780,1705723,954842,2777308,974001,268681,458159,992308,321165,0,0,609700,0
245,000723,2018-03-16,0.0,-0.005319148936170137,0.13728921973482558,17010.0,121737.73011481762,1690,51349822,47241047,1025799,1331853,6790986,6868438,8558043,6777881,7394658,14206212,7424591,6988539,3120166,2937450,4303975,2554891,12731604,5575783
246,000725,2018-03-16,-0.026890756302521024,-0.010084033613445453,0.0994864903406303,151552.0,1059511.4517456833,3592,834722449,720281274,333449,283473,10046011,8001543,25212075,22316313,56241706,49778904,56282058,44156880,49122297,46633039,37307947,30479306,600176906,518631816
247,000726,2018-03-16,-0.002835538752362865,0.000945179584120881,0.5530727241227069,4240.0,33660.47229885935,365,3310635,2888530,301535,238178,1019481,1294225,709303,557807,867886,296560,412430,501760,0,0,0,0,0,0
248,000727,2018-03-16,0.0,0.008064516129032251,0.05681160365298247,6916.0,107874.22478613324,1929,25440715,41170330,1366369,1864606,5614570,7402073,2686681,5487178,3379469,6609002,2477721,4402030,2122557,2319612,1222804,2619445,6570544,10466384
249,000728,2018-03-16,-0.013785790031813239,-0.0010604453870625141,0.24000826874564898,13202.0,131813.6112585654,1544,43405850,34729473,2129916,1250361,6464053,6662670,4855270,5331716,7729247,3985835,3687449,2985795,3099372,5617633,3555502,1260625,11885041,7634838
250,000729,2018-03-16,-0.03286978508217442,-0.02149178255372941,0.18730439031874452,13914.0,206474.65461841048,1785,50245589,28551403,1931960,1289369,9435190,7456880,7845794,5590821,6233135,4988247,6557442,1463917,1111306,1627627,840820,0,16289942,6134542
251,000731,2018-03-16,-0.020176544766708715,-0.010088272383354413,0.24390003800905335,16527.0,90846.01810661561,1057,29233127,21373089,990073,824029,5619511,4060885,5913358,3496890,8175939,3488305,2840479,3816667,3492675,1487680,0,867096,2201092,3331537
252,000732,2018-03-16,0.008307372793354029,0.020768431983385183,0.5348915109558962,62370.0,321040.6008092818,2920,205022285,251523286,973340,960970,12321457,10255732,16763921,17976135,34373843,29014662,29057671,24936440,23421723,25080331,15501093,19046049,72609237,124252967
253,000733,2018-03-16,-0.003894080996884819,0.005451713395638658,0.3876255572616247,12970.0,55223.97076438733,1097,14393976,20044772,705441,817503,4336763,6177512,4609610,4451232,2966341,4321397,1775821,536420,0,1443405,0,934455,0,1362848
254,000735,2018-03-16,-0.012889366272824998,0.00859291084854985,0.17222461143385573,40420.0,319305.7558761108,2929,189932308,186297409,1797390,1331615,14445022,10803975,18379606,13812172,29218738,27773212,19621411,20433137,12642992,14438796,9626987,12499125,84200162,85205377
255,000736,2018-03-16,0.026936026936027035,0.028619528619528545,0.5280142485300484,18300.0,108032.72773211422,1139,23496873,33245636,770866,971481,4886080,5973535,4859004,5508135,5699587,6352332,2534877,2979288,2436679,2453204,0,1774476,2309780,7233185
256,000737,2018-03-16,-0.004889975550122161,0.007334963325183352,0.21534500025726733,6978.0,30049.116306492484,360,3572807,2661674,403381,347635,1399796,1121196,428315,712843,1131396,238568,209919,241432,0,0,0,0,0,0
257,000738,2018-03-16,-0.00613873542050325,0.01411909146715784,0.34372074354730464,32800.0,177203.7870492281,2248,86277075,101553558,1343359,1236289,10827556,9918063,12963388,13828368,19941421,18389975,9956907,11476595,8047172,8657168,6484495,12094413,16712777,25952687
258,000739,2018-03-16,0.008695652173912993,0.01565217391304352,0.24392861335164207,11580.0,90545.58242883973,555,8451023,13132992,597733,504196,1596350,2464208,1846934,1759957,814656,2571149,429423,1975116,688455,1106351,904240,491840,1573232,2260175
259,000750,2018-03-16,-0.006564551422319487,0.002188183807439792,0.1543717973440588,6870.0,89171.84238433202,877,10935853,13710901,1092923,766485,2441420,3762237,2196260,1464517,1450567,1270359,687373,496097,0,302022,948732,940491,2118578,4708693
260,000751,2018-03-16,-0.01041666666666663,-0.006250000000000089,0.157026396321801,7616.0,61619.45203892476,935,16066715,8878423,894009,1188953,3821799,3401524,2186728,1431198,3296448,1068460,2362704,894537,357272,361284,1848286,0,1299469,532467
261,000752,2018-03-16,-0.0035310734463277482,0.004237288135593209,0.6595489508182997,11233.5,36560.28209293299,460,4485585,5876086,643780,460226,1918198,2265145,912431,1399312,1011176,1110003,0,214500,0,0,0,426900,0,0
262,000753,2018-03-16,0.005797101449275477,0.008695652173912993,0.16688381300567115,5205.0,29051.00632744037,427,3861074,2897941,672594,356119,1456693,1163752,596553,724354,670654,653716,464580,0,0,0,0,0,0,0
263,000755,2018-03-16,0.0015151515151516914,0.003030303030303161,0.4411220814056054,6630.0,68880.20788120697,223,3979840,1917001,207066,253290,875831,559048,384653,552610,516610,0,279180,239400,1055500,312653,0,0,661000,0
264,000756,2018-03-16,-0.0031007751937984773,-0.0015503875968991832,0.3957953250808534,14212.0,98189.85979055078,1063,28020634,15984434,690435,768381,7211275,3671259,3474119,3615174,2787389,3318765,2191545,2193874,1344918,0,904934,0,9416019,2416981
265,000758,2018-03-16,-0.006472491909385147,-0.0016181229773462036,0.17225383777382558,6170.0,98248.09608254308,1288,21842147,9768460,1952023,962638,5132572,3668406,3791381,2224624,2344815,1722542,1210125,1190250,2238681,0,483390,0,4689160,0
266,000759,2018-03-16,-0.006024096385542244,0.0060240963855420215,0.22080441738425977,16540.0,82484.9609588038,1414,23313758,29741768,1371919,1221946,6579653,6581870,5718778,7784009,6881500,6617507,2043413,1744601,718495,694560,0,1834230,0,3263045
267,000760,2018-03-16,0.015625,0.01953125,0.15506311178185955,10380.0,47517.513046683984,1091,12091075,17897034,948579,1086131,3547763,5591102,3308365,3558006,3455259,3605248,502359,2641293,328750,0,0,411858,0,1003396
268,000761,2018-03-16,-0.015625,-0.005859375,0.17230947100415628,10200.0,112243.96970761761,883,24489079,12338541,959052,527593,4740099,2115630,3197618,1483053,4062260,2594376,2121961,1968354,2480104,1398845,451483,0,6476502,2250690
269,000762,2018-03-16,-0.026080988332189525,-0.01441317776252582,0.32714251438886616,21630.0,125935.47431915216,1985,68599868,49262436,1157515,1340818,10221772,9494225,9759131,7873145,13045504,11532926,9523954,5124708,5400526,3804326,4106422,2121379,15385044,7970909
270,000767,2018-03-16,0.02127659574468077,0.028368794326241176,0.08877524627053718,8468.0,86282.95945285323,1013,14359532,19010651,892052,738536,4825402,3095712,3579165,2158652,2437590,3429078,1497838,2617576,667108,1395184,460377,417003,0,5158910
271,000768,2018-03-16,-0.017127799736495364,-0.00922266139657446,0.3365898096525915,15010.0,86243.04235360242,2035,40556866,42644556,1334268,2100221,8324203,9103859,6150557,7601825,8612132,8697543,5211563,3816455,5344858,3737410,3270743,2270901,2308542,5316342
272,000776,2018-03-16,-0.025029797377830842,0.0,0.32816453158958897,41800.0,182882.73528554576,2616,115469103,127272861,742767,1315022,11559897,10829931,16561155,19119402,33802797,29472605,12761357,13021611,8251549,12535378,3884074,5283759,27905507,35695153
273,000777,2018-03-16,-0.005010737294201872,0.0021474588403722628,0.5095203021259097,9800.0,55251.45036954154,751,9838660,8978208,973615,695193,2550770,3364901,1981096,1652973,1726911,1048938,1365827,1008113,738241,341112,0,0,502200,866978
274,000778,2018-03-16,-0.0038461538461539435,0.005769230769230749,0.130288771213928,15690.0,149063.2308016549,1596,50065701,40487120,1130774,1018219,7138605,5568024,8326579,6040266,8188816,6386491,4738122,3940037,4192782,3050675,2601410,1429501,13748613,13053907
275,000779,2018-03-16,-0.0039525691699605625,0.006324110671936722,0.8750703255234326,12700.0,31031.479683919322,208,1842152,2811276,171316,124285,921845,1290392,435123,786967,313868,337424,0,272208,0,0,0,0,0,0
276,000780,2018-03-16,-0.007889546351084853,-0.0039447731755425375,0.28440124980972153,15150.0,186224.29628686892,317,8728324,6463204,253660,172555,1852493,889191,1843402,661622,867085,1535565,473718,926496,656911,0,0,0,2781055,2277775
277,000782,2018-03-16,0.013975155279503104,0.012422360248447006,0.2691643410920667,3240.0,20436.96274488614,572,2350603,3261720,205175,760253,1104251,1633316,399352,562421,641825,305730,0,0,0,0,0,0,0,0
278,000783,2018-03-16,-0.01216216216216226,-0.0013513513513514486,0.21718475357874611,9594.0,83227.03157618539,1161,17781083,18617059,1923944,1078988,3815641,6331994,2512432,2767460,2244811,2211170,1684107,1618639,665418,1082833,1328928,444000,3605802,3081975
279,000785,2018-03-16,0.010649627263045858,0.020234291799786863,0.3965595649084866,14152.5,64149.06497053782,560,6977507,10951697,606901,568273,2800646,2972268,1686684,1852020,1071620,2067913,477757,1713511,333899,383200,0,444512,0,950000
280,000786,2018-03-16,-0.003929273084479323,0.00550098231827123,0.4704579538815677,38235.0,272677.30287086556,2928,156854248,160915507,977542,1035277,12674807,16255723,17433090,18532429,23873062,21938647,19249438,14122455,14148235,10205435,6151654,9280637,62346420,69544904
281,000788,2018-03-16,-0.005018820577164407,0.006273525721455453,0.2456320023941371,20317.5,120276.67415506596,1054,26021620,35955944,685312,1069850,3683635,5427592,4010754,6544772,7572097,5200873,3707547,2713019,2303994,2896898,1395676,3093818,2662605,9009122
282,000789,2018-03-16,-0.015748031496062964,-0.0015748031496062298,0.22132111223815054,75018.5,291113.542186733,3298,280751698,249123089,804881,779192,12968132,11559858,23487676,20457141,43982353,37884281,37788458,31348426,23851347,26947791,25254802,19216647,112614049,100929753
283,000790,2018-03-16,0.02209302325581386,0.015116279069767424,0.16146013408843618,34980.0,194079.28309516297,2844,107739251,137686298,1006343,1851520,12997465,16231213,14773924,21088680,22737894,23688655,15106902,17782725,11740174,9295901,7933933,6783064,21442616,40964540
284,000791,2018-03-16,0.017310252996005415,0.03595206391478034,0.14625727448932457,21350.0,160001.17915276613,2644,79298301,71272121,1948155,1928119,14441678,11363714,15219909,10487584,16000692,16617337,9421894,9001108,4917179,5206893,3104929,3667574,14243865,12999792
285,000792,2018-03-16,-0.007194244604316502,0.0014388489208632116,0.26482699476185273,41910.0,280525.0217078612,2758,178718825,164352811,1510069,1177117,13739046,8149687,18750469,15527038,28804075,20619775,19675450,18344977,13519026,13164185,12559648,11736816,70161042,75633216
286,000795,2018-03-16,-0.009202453987730008,-0.0015337423312883347,0.1137684201059801,43751.0,286514.87204891536,3298,206543528,165968916,1324694,1361479,16271326,15141188,22048885,18915531,35053327,31601097,27543472,27786569,17393797,17104764,10259410,8734047,76648617,45324241
287,000797,2018-03-16,0.02739726027397249,0.03477344573234986,0.22643287380910487,12389.0,112240.87911750759,1759,32716042,36866907,1819626,1285175,7890703,6770178,6687265,6625158,6699625,7992436,3953216,4425650,2156592,2748038,1791951,1796826,1717064,5223446
288,000798,2018-03-16,-0.0023696682464454666,0.009478672985782088,0.3915540301940929,5106.0,35454.1721374355,464,4466489,3613823,423833,455417,1402170,1190104,1068942,1258097,699209,494141,478747,216064,393588,0,0,0,0,0
289,000799,2018-03-16,-0.008838891120932058,-0.004017677782241935,0.4981921610432682,22266.0,139976.08879187578,2497,89962982,54186913,2664650,1484918,12548350,9742963,13323394,10802611,15631463,11787921,11362102,8048786,7464036,2445417,3632657,1808248,23336330,8066049
290,000800,2018-03-16,0.010968921389396868,0.005484460694698434,0.27772645176846855,22984.5,133880.532601353,1552,46601238,57162818,910671,981797,7376891,7324107,7545227,7304920,9723068,10076188,7668536,6478445,3370397,5815311,3959610,4354107,6046838,14827943
291,000801,2018-03-16,-0.016233766233766267,-0.0032467532467532756,0.15866962089309944,12310.0,101973.31784155054,1510,39153657,23682747,1498944,1148956,6655492,5694911,6127444,5375990,8516686,4766519,4744514,2854144,4127272,1071897,458892,0,7024413,2770330
292,000802,2018-03-16,0.0025662959794696683,0.0051325919589393365,0.39130075339882603,11685.0,54166.22468606249,892,10103994,16042135,769145,838944,3168753,3887031,2150919,2600318,2892714,4101353,466194,2211564,656269,1813425,0,0,0,589500
293,000803,2018-03-16,0.045205479452054886,0.02237442922374444,1.1412698326677477,13193.0,50113.346566083674,369,4911897,5130663,256070,337071,1896106,1637596,795871,669742,1102010,891343,464940,938859,396900,656052,0,0,0,0
294,000806,2018-03-16,0.024793388429752206,0.02892561983471076,0.13814619663858768,26250.0,146741.82822806312,2768,94120466,119849146,1843946,1885167,11618543,12431366,12793440,14938343,17933976,21619542,14483920,19407274,9754543,13118183,5896044,11576943,19796054,24872328
295,000807,2018-03-16,-0.016470588235294237,-0.003529411764705781,0.1550579152866763,25410.0,197894.10670524847,3009,149687249,99950662,2269385,1416092,15966005,11849710,19671345,14593437,24745456,18477569,19135588,9343209,9784399,6850720,9054268,5881875,49060803,31538050
296,000809,2018-03-16,0.00887573964497057,0.01183431952662728,0.21427707696531414,13240.5,81009.15887719023,248,4864546,5554478,187662,188788,1064531,971440,769062,630609,1719225,1088513,0,512968,675540,338000,448526,1320067,0,504093
297,000810,2018-03-16,0.11949685534591192,0.11949685534591192,0.1543298593472654,22765.0,657221.254713896,2679,132354541,70074629,3301817,922112,15756076,9827390,15265442,10949063,18928046,14777422,8934928,11742266,5048655,5857638,5361184,4700850,59758393,11297888
298,000811,2018-03-16,-0.0013513513513514486,0.0,0.3343559457921158,9646.0,65679.44704837436,489,8461927,5694845,350622,700332,2026431,1782700,1739668,1490988,1204084,1247609,1368440,473216,748428,0,0,0,1024254,0
299,000813,2018-03-16,-0.0339181286549709,-0.029239766081871288,0.2514618274607329,9984.0,98848.68797903303,1156,29654031,23134836,835359,1501859,3254437,4652305,3084400,3095136,6882376,3272695,6686997,3693843,2150571,1709512,3408091,1853598,3351800,3355888
300,000815,2018-03-16,-0.0031897926634768536,0.0031897926634769647,0.40342423239385633,12695.0,86662.61909199286,966,21192251,12662894,543141,912204,4070516,5393741,2513760,3151515,3821707,2412808,3058417,461365,1053670,331261,405126,0,5725914,0
301,000816,2018-03-16,0.005154639175257714,0.015463917525773141,0.06853038065306044,28440.0,148308.41446762826,3234,114488728,120662805,1858970,1827105,17416337,14534535,19938893,17739828,21877739,23233140,16011530,19849022,9599386,7304451,5179317,8941749,22606556,27232975
302,000818,2018-03-16,0.00556438791732905,0.0031796502384737746,0.3202137092827336,13887.5,163118.99948957033,1544,46551162,41133193,910459,1172525,6324917,6762699,6272507,7338327,7482982,6781056,4569651,3291533,3990308,3287223,1339872,2321577,15660466,10178253
303,000819,2018-03-16,0.03441295546558698,0.00809716599190291,0.41398754521185477,8964.0,38012.42513284204,569,6186346,5644536,876971,458101,2196518,2793009,1402286,1400280,945472,683589,222687,0,0,309557,0,0,542412,0
304,000821,2018-03-16,0.02622950819672143,0.04672131147540992,0.28033338282645365,12740.0,86599.30647226195,1901,24800319,42709073,639504,1753865,6680268,13766037,4367639,6199935,5541003,6392323,1973033,3613921,1303700,3469954,1696728,867934,2598444,6645104
305,000822,2018-03-16,-0.017899761336515607,-0.010739856801909475,0.19563770450297743,9990.0,61562.03302410674,1836,33410919,22728458,1568490,1778441,8452166,5968149,7580220,5555126,7619118,4878505,3222135,1350126,2044965,308950,0,846079,2923825,2043082
306,000823,2018-03-16,-0.012670565302144166,0.00974658869395717,0.24511353849536593,17663.0,93783.66518480757,1753,47491321,42610889,840709,696837,8963749,8498486,6321338,8094854,10960669,9786755,5733674,6839341,3429865,4022754,2202832,2193978,9038485,2477884
307,000825,2018-03-16,-0.022421524663677195,-0.008968609865470878,0.12533695331284506,33475.0,312987.70524996467,2856,181591141,188053709,1835942,1187612,12322432,10794259,15085299,12327213,22327813,22353020,18589228,13783325,15117780,17797059,11936706,13474040,84375941,96337181
308,000826,2018-03-16,-0.007495741056218086,-0.004088586030664421,0.7148951249678066,23336.0,129436.18854930898,1685,54717371,36054548,1520599,1088000,10778085,6392303,9230880,6822115,10966009,6941235,6929870,4049696,2525186,1006121,2088494,886578,10678248,8868500
309,000828,2018-03-16,0.0027472527472527375,0.011904761904762085,0.4699661787648266,11090.0,58267.34997047498,539,6420033,9677101,506501,392509,2490112,2497734,1415745,1802559,1372539,2496655,635136,408657,0,754610,0,0,0,1324377
310,000829,2018-03-16,0.04857444561774016,0.042238648363252196,0.22118496568440596,19370.0,99330.3492469884,1836,40077058,53981269,1617778,1773064,8643854,8457867,8083311,8334825,7397296,14350543,3548047,7479035,1025655,2842228,4147847,3136376,5613270,7607331
311,000830,2018-03-16,-0.0075301204819278045,0.0010040160642570406,0.3401930855366775,102637.5,504163.59011635795,3430,412434714,400748071,752064,741346,9482049,13309112,18524231,25459555,42646517,47989066,43549715,35943987,34743162,30732092,37463099,30597503,225273877,215975410
312,000831,2018-03-16,-0.02522522522522519,-0.018018018018017945,0.2812234206261291,19737.0,169181.88089262112,1558,47654478,35261523,1048784,1255915,9412799,6934413,5662663,5343108,9161646,7308986,4187425,3148473,3099167,2405514,1455656,2195842,13626338,6669272
313,000833,2018-03-16,-0.013782542113323082,-0.012251148545176171,0.24856342765527248,7734.0,49049.43747237334,690,10596933,6173418,1025340,687275,2535300,2153308,2587718,1105719,2619224,790370,712466,475545,1116885,330115,0,0,0,631086
314,000835,2018-03-16,0.0,0.007832898172323688,0.3511644679430229,8503.0,45451.393505939515,475,5184613,5401446,503613,512547,1856774,2079096,780112,1284498,448896,900380,437185,230245,309600,394680,848433,0,0,0
315,000836,2018-03-16,-0.02990654205607468,-0.01869158878504662,0.1373287612578982,15282.0,117935.05149327127,1520,46300357,30283850,1285245,995939,6485990,6059298,7393360,4329204,6728037,7128881,5719183,2956856,3808449,1694363,1775547,1831925,13104546,5287384
316,000837,2018-03-16,0.0,0.0035211267605634866,0.2129549115906,9690.0,36882.64652542927,711,8706389,7438599,877266,632493,2845317,2584160,2078403,1883105,2346803,1569599,228000,769242,330600,0,0,0,0,0
317,000838,2018-03-16,-0.0038022813688212143,0.001901140684410496,0.19178600646753532,8504.0,111779.46207980481,752,9745429,9787333,552721,760270,2816809,3190711,1634501,2118983,1240096,1830377,890748,508992,0,0,0,0,2610554,1378000
318,000839,2018-03-16,0.0181347150259068,0.023316062176165886,0.14659678394033815,30322.5,322745.63596487534,2778,129330811,198817287,1970572,1362694,12967059,11855236,14132665,13968254,20608201,22124819,13874713,16263726,7772555,12879621,7088757,12051824,50916289,108311113
319,000848,2018-03-16,-0.009345794392523588,-0.005192107995846351,0.24077353391632014,13286.0,182306.72334444147,1603,44860467,41276467,976421,1881123,4697103,6509208,6482130,5275541,11139979,8278919,5529970,6408041,3138491,1817519,2251446,897444,10644927,10208672
320,000850,2018-03-16,0.01631701631701632,0.018648018648018683,0.18537009901948132,12761.0,71415.98376155239,536,9459028,8977713,593905,341113,2777505,2288089,1737970,1824855,2314363,1370785,1687285,670192,348000,1383701,0,0,0,1098978
321,000851,2018-03-16,0.0317848410757946,0.04645476772616153,0.17556779610508882,24900.0,139884.21145844812,2175,47591898,92893330,1694880,1536862,8467233,12390223,8814893,12929564,10624510,15819259,8196404,11081555,5577323,5774350,2166940,6167382,2049715,27194135
322,000852,2018-03-16,-0.015330188679245405,0.0,0.27280492008484275,14373.0,47250.534431265885,966,16517898,12062808,736929,930300,4983122,4870436,4489345,2287060,3349023,2362028,1799517,980917,695012,632067,464950,0,0,0
323,000856,2018-03-16,-0.0004918839153958965,0.012297097884899078,0.39987363601927906,29057.0,90043.43330316759,2586,75891365,76887476,1199476,1144363,14894671,13184415,16349471,15044071,19815151,18075328,8071971,13966030,8065007,4457660,2669716,3033397,4825902,7982212
324,000858,2018-03-16,-0.017007672634271054,-0.009207161125319718,1.3175287608665351,147630.0,636423.3546010553,3523,594614824,527374650,201752,426873,7189375,9138666,19236706,19740994,53403772,41701113,54769878,43680772,52123997,33325489,39429070,31094802,368260274,348265941
325,000859,2018-03-16,0.005291005291005346,0.010582010582010692,0.18562697424578284,5327.0,31727.00622299851,414,2286539,4842031,308027,620751,1169286,1570013,367091,1294941,442135,999538,0,0,0,356788,0,0,0,0
326,000860,2018-03-16,-0.006522829904666239,-0.0025087807325639977,0.49282138996281294,6000.0,68645.26856055841,1637,20249034,18330063,2647820,1925112,5238719,6070457,2192189,3375796,3312290,1735857,988717,1161719,648163,956030,1815184,1438982,3405952,1666110
327,000861,2018-03-16,-0.006802721088435382,0.0,0.1424229456373714,5015.0,27495.705709974012,426,2366612,2933844,424704,687883,722126,866162,553196,611111,146500,768688,215502,0,304584,0,0,0,0,0
328,000862,2018-03-16,0.0024630541871923928,-0.007389162561576179,0.19636667599464527,10608.0,92879.13905090532,427,9237706,3961418,364574,351605,2594052,1794966,695855,863108,1642009,417721,867100,534018,0,0,0,0,3074116,0
329,000863,2018-03-16,-0.012072434607645843,-0.004024144869215207,0.23647898458118688,3968.0,47516.11113836987,441,2990783,5648094,318983,468854,907992,1159189,638024,1641191,905460,721638,220324,689970,0,0,0,462384,0,504868
330,000868,2018-03-16,0.03561643835616435,0.03287671232876721,0.1307731002357855,44545.0,210679.63903449735,3126,161953711,180564534,1409612,1295578,14457636,13859699,20896088,19764405,27142219,34107518,23039974,22525099,15310979,16803207,10240994,13517038,49456209,58691990
331,000869,2018-03-16,-0.012191817935518712,0.0,1.1756041347783066,11046.0,41846.97114684656,985,11228273,11092444,788140,1417472,3547706,4573693,1598398,1610708,4133178,2023504,429087,773699,731764,693368,0,0,0,0
332,000875,2018-03-16,-0.008955223880597107,0.0,0.0984830409636477,11795.0,93784.22705642364,1161,28725257,19107209,862906,842357,6134086,4116694,3492610,4156349,4511626,4715504,1622964,2100678,2982349,1376981,1909464,404063,7209252,1394583
333,000876,2018-03-16,-0.005291005291005346,-0.001322751322751281,0.18663861775662113,7560.0,90662.20929152629,1642,25233766,25557995,1693928,1948561,5274285,5544866,2939700,3223577,4773841,4271094,1658213,2457162,3472451,2365785,413946,1393616,5007402,4353334
334,000877,2018-03-16,-0.025884383088869756,-0.0025884383088868868,0.237464891115317,27923.5,132683.24121582706,2384,88228472,78038354,1263623,1170001,12433186,10675716,13876751,13462662,19506059,17862302,10827421,7552863,6819580,8121583,5824488,3640216,17677364,15553011
335,000878,2018-03-16,-0.011354420113544261,-0.005677210056772131,0.31375924388709364,20808.0,121581.60936510845,1545,54475095,36420564,1044300,1074289,7428411,6282128,9819874,6058756,11460806,7502838,7381892,4131997,3548538,3604851,1751252,492000,12040022,7273705
336,000880,2018-03-16,0.020925110132158586,0.029735682819383102,0.6081514782665706,9330.0,55400.85166237288,222,1346495,4055411,243508,221245,576379,1347365,230829,704440,295779,289745,0,217356,0,368000,0,907260,0,0
337,000881,2018-03-16,-0.0040387722132472215,0.0040387722132471104,0.4188309678842101,12380.0,42613.42982678011,873,9232572,13268846,550355,1333247,3458224,4378738,2290477,2849358,2504476,2707698,0,1487272,0,0,429040,0,0,512533
338,000882,2018-03-16,0.06079027355623112,0.06079027355623112,0.06769849177939281,20780.5,637293.8385647975,2378,115829554,152355980,1777751,1417815,12175987,7951359,10642863,9080816,16663882,15263692,12252102,6714468,8947361,11456357,3500077,6102655,49869531,94368818
339,000883,2018-03-16,-0.006593406593406681,-0.004395604395604269,0.12708301181917617,4520.0,55792.02966017327,1284,13926688,9044659,1778656,850711,2755998,2709226,2638371,1534657,3181445,1300616,1439030,288744,0,0,446658,1316701,1686530,1044004
340,000885,2018-03-16,-0.007985257985258176,-0.0012285012285011554,0.3475492787650195,27607.0,86820.47700560304,2195,62044757,59118186,1726054,1317851,12903960,10636833,11696302,12742228,16419278,16458074,7864759,6269705,4440823,5556101,3156343,1364171,3837238,4773223
341,000886,2018-03-16,-0.03448275862068961,-0.013493253373313308,0.1899247351061347,13160.0,139223.89332662977,1234,38365253,25984193,1029905,1317483,4520329,4888607,5080840,4390577,5152487,4188953,2861271,2439332,4444595,4551696,1733115,2588644,13542711,1618901
342,000887,2018-03-16,-0.010152284263959421,-0.0016920473773266442,0.46406764519916494,24780.0,121649.99679269557,1460,50397767,34849688,1055157,702643,7542720,6157254,8547162,6443702,9341973,7558562,6525747,2738069,2538248,3615377,2225586,1844483,12621174,5789598
343,000888,2018-03-16,0.00306435137895833,0.005107252298263587,0.33471564904038614,4915.0,92468.50861417475,855,14621310,8380292,961365,1064606,2006213,2629403,2376003,1300439,1005211,2083251,1191599,528053,392000,333540,0,441000,6688919,0
344,000889,2018-03-16,-0.004444444444444473,0.001481481481481417,0.6580457806513971,8148.0,51056.02121749638,420,4761775,6068895,543878,473033,1653305,1275277,967090,1370363,802064,1542907,491238,500552,304200,304650,0,0,0,602113
345,000890,2018-03-16,0.040000000000000036,0.06000000000000005,0.15639273769024914,21300.0,126726.55312888973,2011,53709938,68838141,1529223,1283716,10019221,8621828,8369798,9830349,11646699,11855359,5996726,7517089,4386125,4721015,4169817,5289603,7592329,19719182
346,000892,2018-03-16,0.00390625,0.005208333333333259,0.2706655352107612,3088.0,49417.44888279713,805,9043192,6091726,562120,1074274,2215011,1656167,1361124,1177269,1889666,1376304,752365,498172,345730,309540,1330429,0,586747,0
347,000893,2018-03-16,-0.012173913043478257,-0.0017391304347825765,0.1931660097634556,10673.5,50829.38879802283,886,14120983,11259723,1012130,654986,4059406,2641976,3395977,3525116,3491388,1908227,869975,1757718,718107,365700,0,406000,574000,0
348,000895,2018-03-16,-0.017888460189407263,-0.0070150824272186,0.6423402939423917,19803.0,104215.08698574788,1971,51242829,48074930,2178268,1131596,8438486,6443803,10186773,10051149,10922934,15933838,7973143,5868128,3435667,2092612,1697886,2218774,6409672,4335030
349,000897,2018-03-16,-0.01501501501501512,-0.006006006006005982,0.13610372007856167,3641.0,58636.01662287141,599,8334436,4291385,620692,489162,1268760,1265455,1814430,625864,1518224,530724,529269,685371,1027093,694809,931040,0,624928,0
350,000898,2018-03-16,-0.0208023774145617,-0.008915304606240793,0.14911978951613503,13360.0,199715.7650216708,2040,77787235,53429332,1856678,1587207,8723671,7319916,9652352,5798041,11363130,6909688,4700651,3527323,5856131,2693072,4499813,2989869,31134809,22604216
351,000899,2018-03-16,-0.007692307692307665,-0.0038461538461539435,0.27605269629116885,11983.0,51487.500579524145,354,4996710,6268948,268209,342742,1916287,1255556,1158474,1327633,841168,1834742,504661,1090675,307911,0,0,417600,0,0
352,000901,2018-03-16,-0.005392156862745079,0.008333333333333526,0.5809110870045452,18468.0,74217.36028110234,1233,22778923,27386083,874225,747499,6130835,6455596,3804818,4860463,5142361,5671384,2334513,3925484,1400472,1639904,426510,3019438,2665189,1066315
353,000902,2018-03-16,-0.008902077151335286,-0.003956478733926683,0.3224135541539827,6036.0,33211.60236823723,983,7840604,7397773,1582163,765763,2564642,2970394,1271157,1335205,1280979,1051552,839563,871659,302100,0,0,403200,0,0
354,000903,2018-03-16,-0.015105740181268978,-0.012084592145015116,0.09772773425347436,6846.0,169330.9340173207,1152,29609836,14675343,1208027,1064436,4892034,3561374,2270922,1778939,2530963,1625803,1957770,2625869,1445446,1349744,2182790,0,13121884,2669178
355,000905,2018-03-16,-0.019083969465648942,-0.00667938931297718,0.48975984531146693,10430.0,42657.06058681813,457,6760547,4358573,390975,417100,2537741,1597230,1419579,1050690,1042924,1084553,656928,209000,712400,0,0,0,0,0
356,000906,2018-03-16,-0.017031630170316392,-0.014598540145985495,0.3737753266398509,16400.0,129921.01257692091,483,10578927,14263095,386755,481187,2320271,2678428,1691664,1870140,1776998,3347232,746851,984587,696789,318872,963134,919487,1996465,3663162
357,000908,2018-03-16,0.012658227848101111,0.01989150090415892,0.24032928116573074,5680.0,90312.83508998722,529,6450454,10061348,701018,406516,1384808,1961923,718350,1123036,1499738,1716462,454540,1031564,0,396200,0,913887,1692000,2511760
358,000909,2018-03-16,0.10261569416499006,0.10261569416499006,0.2843365003950382,25208.0,399367.02722227154,1223,131397194,29038553,1322635,212670,8402870,1868527,8837596,1758441,13115339,3240352,8963588,6008926,10839149,3188611,4497351,2946248,75418666,9814778
359,000910,2018-03-16,-0.009017132551848439,-0.004959422903516697,0.732318384114574,11050.0,96714.02812581771,917,24884411,14939882,1200647,545137,4026437,2751648,3510072,1702723,6893585,3183370,2566728,2487601,1377393,713763,1812740,1355650,3496809,2199990
360,000911,2018-03-16,-0.006242197253433224,-0.013732833957552981,0.28313289172224415,7950.0,47509.46153936927,800,12393033,6511564,1165676,830015,3078074,2381142,2347641,1043022,2915115,1003002,1456090,793233,1023666,0,406771,461150,0,0
361,000913,2018-03-16,-0.01695873374788015,-0.006218202374222881,0.8169547151309076,14048.0,59365.949671719245,468,7234818,6521212,484536,377118,2247570,1855427,2214295,934040,1456087,1378842,0,739043,310816,0,0,0,521514,1236742
362,000915,2018-03-16,0.0028397565922921864,0.0020283975659229903,0.7000179674741789,19792.0,111070.36139376674,1240,31915232,22807721,1071338,990045,8897940,5222047,4098073,3143620,5318380,4191419,2076016,2352164,3196840,1093090,2321663,449061,4934982,5366275
363,000917,2018-03-16,0.0943877551020409,0.0943877551020409,0.1504459828113514,47907.0,756053.2070017969,2723,231264267,252500186,1500319,1021563,12987562,9928795,16779106,13973641,27774579,27569162,19805510,16977024,17268840,14587133,15992454,15158330,119155897,153284538
364,000918,2018-03-16,0.0028288543140027045,0.004243281471004057,0.2736252890058169,14080.0,95196.62364890169,667,13933393,11962157,741776,498683,3058766,2721298,3941770,2387721,2448864,2432924,470212,1314885,372592,393799,405631,0,2493782,2212847
365,000919,2018-03-16,0.003671970624234966,0.009791921664626724,0.36951460092254484,8189.0,38941.37602948008,488,3793026,6150799,532042,656803,1218810,2267934,562622,1394993,744885,1397234,734667,0,0,0,0,433835,0,0
366,000920,2018-03-16,0.014371257485030098,0.017964071856287456,0.3698235521762369,11886.0,61091.11544969177,509,8088090,7808740,476376,401465,2332578,2102332,1698340,2150607,1396610,1205191,1042467,455787,684647,352768,457072,0,0,1140590
367,000921,2018-03-16,-0.017189835575485812,-0.005979073243647215,0.3770304306994845,6650.0,64185.49840433992,1259,18930088,14076389,2057395,1228568,4066783,3906884,3195748,1789693,4570087,2748954,2237173,976062,1306500,1445116,0,414336,1496402,1566776
368,000922,2018-03-16,0.004120879120879106,-0.012362637362637319,0.297298902988896,14500.0,71001.78996403277,599,11886408,11101424,343683,547140,2440952,2766324,1662174,2364063,3388837,3285537,2015754,1576344,1022628,0,0,0,1012380,562016
369,000923,2018-03-16,0.011135857461024523,0.014253897550111416,0.542703191756477,22570.0,72532.32518303061,1711,33343913,37174310,1155338,952811,9642246,10739107,7819432,8518901,7213515,7876621,2653460,3371221,974053,1079852,1357019,1367054,2528850,3268743
370,000925,2018-03-16,-0.00666666666666671,0.0024999999999999467,0.5621165498166983,11970.0,37361.59689564736,455,5105595,6135116,450526,356892,1793034,1732725,1448061,2117847,1167746,1388464,246228,233188,0,306000,0,0,0,0
371,000926,2018-03-16,-0.005633802816901401,0.0009389671361501595,0.29445009471860106,4276.0,58340.55521758334,1308,18276330,13673572,999450,1167900,3424721,3764492,3007281,2055340,5917017,2774521,3731328,950788,344687,1009124,851846,909324,0,1042083
372,000927,2018-03-16,0.011363636363636243,0.009090909090909038,0.14104610691342137,13184.5,67457.17736615776,974,15966013,20335641,931127,853326,4375694,4344592,3836492,3026218,4089099,4164114,914050,2905874,1258713,3001584,0,845853,560838,1194080
373,000928,2018-03-16,0.003273322422258529,0.003273322422258529,0.20067997668389864,12280.0,71806.56236790192,927,18447554,12809265,817233,775570,4155204,4039683,3275380,2608983,3560892,2021164,2016881,1366527,2408970,954913,487764,478470,1725230,563955
374,000929,2018-03-16,0.01279069767441876,0.011627906976744207,0.3930384075253902,9471.0,29087.613408559002,478,3380525,5752993,541652,383070,1492728,2677762,460809,1566028,652920,1126133,232416,0,0,0,0,0,0,0
375,000931,2018-03-16,0.03235747303543923,0.04160246533127876,0.17180048130851502,18336.5,95465.91292726154,1428,22081073,46149916,1243008,828838,7503494,6967186,5033552,7094557,4858064,6943045,2065379,6660086,963252,5238462,414324,2581912,0,9835830
376,000932,2018-03-16,-0.04295154185022032,-0.023127753303964882,0.17471456973048194,35640.0,275641.7228081452,2705,172849736,131034627,1434801,2143694,9734198,11156973,12629053,13904445,25118868,20168511,36290935,21133312,19590543,16046469,9094108,17786449,58957230,28694774
377,000933,2018-03-16,-0.02147971360381884,-0.007159904534606243,0.16180297953396738,31654.0,162731.75633436954,2686,119886965,76608100,1549643,1437590,20664999,12404434,15697343,13002169,20630286,15910673,11333567,8749217,8967159,5576053,5731744,5891215,35312224,13636749
378,000935,2018-03-16,0.01897018970189701,0.04281842818428183,0.3610224880306942,35131.0,265542.43509297987,2617,110130467,159435446,1647784,1435681,12183683,12299992,14664337,14325312,21924301,24525622,13706970,15518379,6991894,9801435,8029520,10617422,30981978,70911603
379,000936,2018-03-16,0.015795868772782384,0.024301336573511412,0.14365697854262344,60882.0,377330.2145162585,3293,213584118,328731717,972583,1190436,12520185,14121893,18472310,22112885,31876118,41863233,28136067,35436260,18512288,23857468,18411281,16765676,84683286,173383866
380,000937,2018-03-16,-0.012544802867383575,-0.0035842293906810374,0.168370316210691,6684.0,82175.54176936987,1099,18431089,9287199,1685254,706504,3640077,2726355,2804666,1708353,2636592,1773810,1702454,999598,1663876,330369,0,454770,4298170,587440
381,000938,2018-03-16,-0.01950146627565985,-0.007331378299120228,1.594854167137201,34175.0,180105.17694338385,1829,87347975,78854096,976222,959801,9011188,8946354,10235715,9764079,15741795,15011134,9752000,12415732,9269018,9165453,5495408,4849806,26866629,17741737
382,000948,2018-03-16,0.0037209302325580396,0.009302325581395321,0.24429476336959022,17104.0,107751.47809276871,1939,46214882,50309448,1449224,1502775,6492161,10323683,7554223,10491214,7409043,10859155,4785030,4672249,3878858,3330907,3667315,1337813,10979028,7791652
383,000949,2018-03-16,-0.009803921568627416,-0.007352941176470673,0.23147206833290762,6487.5,24260.402000316306,310,2821689,1651082,334139,448119,1422264,781427,476683,237936,383673,183600,204930,0,0,0,0,0,0,0
384,000951,2018-03-16,-0.016362492133417228,-0.010698552548772833,0.45690294219639466,7885.0,49277.667635462174,1209,17852144,11377695,1231890,1410085,4551195,4204167,4032973,2127616,3562192,1562306,1640297,1109639,930390,963882,1375582,0,527625,0
385,000952,2018-03-16,-0.002115655853314524,0.0049365303244006675,0.3285777453615652,9863.0,113747.82899522029,1865,25286924,45686996,426397,3613875,2687701,11502195,3265280,7408009,4418039,6930178,4359368,2879027,2114775,2103899,1729794,1776736,6285570,9473077
386,000953,2018-03-16,0.042857142857142705,0.04166666666666652,0.20444357500675556,17514.0,114507.75620550393,1691,34193200,40061985,1411303,1439168,7604908,9429993,8387258,9102847,6037946,7426530,2566321,3390755,2091656,1342407,3389942,417207,2703866,7513078
387,000955,2018-03-16,0.0031007751937983663,0.01240310077519391,0.2527088249512362,12350.0,54757.50918270382,651,6799622,10359936,578700,633448,3631361,2584084,1130024,1983682,740257,1663896,719280,738977,0,731760,0,949774,0,1074315
388,000957,2018-03-16,0.04891815616180617,0.043273753527751646,0.19915053930090953,39192.5,223113.53326475451,2856,134052934,151147923,1389080,1262590,12079433,12680352,17931511,16397437,27722929,24913444,17215292,17493063,13753485,12715868,11708487,11436506,32252717,54248663
389,000958,2018-03-16,-0.012578616352201144,-0.004192872117400381,0.1555447827305054,9520.0,60711.18542419024,941,15830486,9208856,1087252,1071348,4723030,3271996,2068708,2110333,2167248,1339966,2015629,939213,1395848,0,838641,476000,1534130,0
390,000959,2018-03-16,-0.005434782608695565,0.0,0.15051551865026,2212.0,27124.66587635729,1347,6729018,7475450,911000,1440693,3277042,2034108,1132463,1796238,1144513,912960,264000,782879,0,0,0,0,0,508572
391,000960,2018-03-16,-0.01499659168370826,-0.009543285616905317,0.2978366661071542,32010.0,205209.86141416625,2427,124508376,88640044,922730,1551004,12272522,12948022,14001315,14635624,18685391,18418240,10605567,8290559,8768804,9473134,12879494,2610019,46372553,20713442
392,000961,2018-03-16,0.0,0.0027700831024930483,0.17898702454458437,15183.0,115258.73217710154,1629,42399247,36247060,1320955,1026384,6569254,10370257,5826206,5308397,5923663,6723170,4556028,2904675,3197738,3024055,840752,1932367,14164651,4957755
393,000965,2018-03-16,-0.01067615658362997,-0.001779359430604921,0.2195229073663491,10080.0,71359.34103723934,655,13598313,9859662,558502,456582,1733970,2289554,3178427,1407990,3000626,1983888,2015890,1755297,1758237,1293151,852308,0,500353,673200
394,000966,2018-03-16,0.0028985507246375164,0.0028985507246375164,0.142158205366232,10440.0,72254.14459334998,589,9604796,9329628,413377,457017,2821492,3067309,1311587,1101576,2805175,1468512,1147004,1071542,705858,0,400303,469200,0,1694472
395,000967,2018-03-16,0.00248447204968949,0.001242236024844745,0.3572149190002351,10517.0,54017.20493428809,507,7990055,6891244,449691,609615,2397249,1599149,1952868,1237648,1654344,1788492,217079,1276110,378212,380230,940612,0,0,0
396,000968,2018-03-16,0.0014869888475836923,0.008921933085501932,0.42569262913650097,4095.0,42571.179392319085,998,8364817,7690754,1380499,804208,2542387,2165533,2034796,1835305,1064555,1707252,297840,497456,367740,0,0,0,677000,681000
397,000969,2018-03-16,-0.008871989860582907,-0.005069708491761693,0.24342166753496708,6320.0,65382.622925271164,1051,13228880,9534535,712516,1742925,3866663,2670701,2053753,1952068,1597556,1637724,1862654,1213912,313582,317205,0,0,2822156,0
398,000970,2018-03-16,-0.02736686390532539,-0.012573964497041401,0.26096229762327183,36180.0,268692.4118767889,2686,176241094,108775596,1332750,1374017,13004907,12039060,16942949,13387238,25176456,22707406,20043531,14140549,12911442,7265170,13205898,6230006,73623161,31632150
399,000971,2018-03-16,0.004838709677419395,0.014516129032257963,0.3407778012377703,12550.0,55557.83105690052,1324,22337741,21180870,1679318,809278,6334038,5527784,5209946,4785181,5767408,4168179,1784956,2715252,1065031,2122039,497044,443920,0,609237
400,000972,2018-03-16,0.04155844155844157,0.03896103896103886,0.1403550405119589,11339.0,89086.76191450101,753,11712076,16525012,669384,632308,2983455,3025904,2643052,3170785,1749569,3009736,2164567,973628,0,702767,452181,937635,1049868,4072249
401,000973,2018-03-16,-0.009259259259259411,0.0037037037037035425,0.18392195664598399,10800.0,65880.18549613468,862,12282492,15037127,773776,756126,3300224,3031975,3058849,3124528,3622524,2899066,1175039,682451,352080,1620043,0,830134,0,2092804
402,000975,2018-03-16,-0.01251738525730195,-0.00834492350486793,0.4274311316909745,7165.0,136004.01066354936,1133,29324277,14681443,2447449,478188,3871406,2429674,2263708,2399985,3252019,2363289,3707399,1601481,2093965,1730278,1309543,0,10378788,3678548
403,000976,2018-03-16,-0.0023612750885479983,-0.0035419126328218864,0.43982636855663965,8430.0,83859.30396627932,370,6927385,7009826,445612,254053,1535308,809579,1525456,985969,1802065,949406,1260252,1029680,358692,979871,0,480236,0,1521032
404,000977,2018-03-16,-0.008810572687224627,-0.007342143906020504,0.3671445953956709,72135.0,428590.36434877117,3101,352901109,304290573,599596,788634,9760622,14183294,13791977,17508141,31232395,34115870,31927913,28440044,22312892,23403005,21692120,21443198,221583594,164408387
405,000978,2018-03-16,-0.003916449086161955,0.0026109660574411553,0.3220800932975386,8448.0,42638.62489587231,565,9128162,6100399,487256,557453,1491616,2367842,4249928,978693,1846661,1521360,711386,675051,341315,0,0,0,0,0
406,000979,2018-03-16,-0.006211180124223614,-0.006211180124223614,0.03252971444909044,3896.0,132478.16576125717,2554,47269120,30539649,2262018,1790996,8612097,5140897,5308814,3084411,4342034,4698892,2492745,2359486,3401305,1965211,1814251,2723472,19035856,8776284
407,000980,2018-03-16,0.00648148148148131,-0.005555555555555647,0.22482318039645527,15659.5,95076.58443730095,2312,56354432,36596082,1180129,1010988,19574417,7198085,9875032,6163036,11366819,7151485,2493333,4218814,3801505,3131430,2641242,3579887,5421955,4142357
