,code,date,pchange_whole,pchange,change_std,amount_median,amount_std,length,sumsell,sumbuy,sell_vol_0,buy_vol_0,sell_vol_1,buy_vol_1,sell_vol_2,buy_vol_2,sell_vol_3,buy_vol_3,sell_vol_4,buy_vol_4,sell_vol_5,buy_vol_5,sell_vol_6,buy_vol_6,sell_vol_7,buy_vol_7
0,000001,2018-03-02,0.00251677852348986,0.001677852348993314,0.2086246906899653,65670.0,479251.3291859183,3267,342049778,291461323,1203587,837211,14501988,10434560,25119687,17495982,38966286,36544886,26972523,24822133,21413395,23175854,16521708,23231193,197350604,154919504
1,000002,2018-03-02,0.008750000000000036,0.010312499999999947,0.54945812212666,107508.0,453010.6550342551,3393,402850332,396003792,1223735,651023,11462449,8886182,20349920,16750763,46772674,42070793,41600114,40881766,33953143,37695163,33957617,36641104,213530680,212426998
2,000004,2018-03-02,0.014882381180989057,0.008641382621219496,0.9920191134874708,10550.0,29017.616793543213,441,4635104,4407321,265372,505074,1764800,2447046,1037651,862188,946660,593013,620621,0,0,0,0,0,0,0
3,000005,2018-03-02,0.007853403141361293,0.010471204188481575,0.15099523675744708,7730.0,104152.40352003108,640,6153391,12375534,543876,679844,2043914,2634022,810580,2728776,1650047,1751033,443338,646803,661636,739990,0,0,0,3195066
4,000008,2018-03-02,0.01196808510638303,-0.005319148936170137,0.18929147906198351,3755.0,142646.16511383725,1579,25512879,15507480,3375373,865800,2357747,2700130,2119957,2200575,1524526,554727,1551902,1744955,3126403,380520,818567,432922,10638404,6627851
5,000009,2018-03-02,-0.008264462809917328,-0.0049586776859504855,0.14508478873466335,10881.0,183762.6190397969,1742,51916486,28257643,1821852,1245502,8096224,6029489,6196045,4468299,4763890,5675203,3814341,2397344,3211818,2317586,2218241,1340276,21794075,4783944
6,000010,2018-03-02,0.07256235827664415,0.009070294784580435,0.1249052333044852,8920.0,50696.48920542402,1249,15373449,16684201,1314594,1387652,4375070,4744900,2864116,3569597,2995860,3741592,1889321,1958199,1349488,361947,0,920314,585000,0
7,000011,2018-03-02,0.033766233766233666,0.031818181818181746,0.3875166201589113,15350.0,142815.50363855765,1581,35362051,40869777,1464613,1191603,7177703,6605666,6853087,4531605,5385261,5904091,2129827,3627295,2920300,3462712,2300993,4348221,7130267,11198584
8,000012,2018-03-02,-0.0037688442211055717,-0.0037688442211055717,0.2204559472560193,11123.0,192917.68363015846,1304,34025088,21231993,1160022,1646163,6070000,4597098,5290173,3621240,5043992,3849949,3190822,1986150,2591395,1107040,1321061,1697265,9357623,2727088
9,000014,2018-03-02,0.037771482530689404,0.028328611898017053,0.2943006841927217,16395.0,89866.11459668793,1298,28327617,31481912,953947,848543,5573090,5932384,4938658,5808242,7156433,6430966,2244464,4568185,2030682,2811057,2254220,425513,3176123,4657022
10,000016,2018-03-02,0.0016949152542371504,0.0016949152542371504,0.19732617173157235,6512.0,90207.32620683462,894,17906017,10687566,828297,698669,2744801,3077053,2139393,1648670,2634471,1829059,3154257,455604,1348743,652388,408577,880397,4647478,1445726
11,000017,2018-03-02,0.007352941176470562,0.009191176470588092,0.23813757069454214,9520.0,74743.1827750878,522,9355542,7891268,273176,499968,1778383,1894291,1711487,1813848,1622710,1860431,1923886,1822730,335400,0,0,0,1710500,0
12,000018,2018-03-02,-0.03015075376884413,-0.02680067001675046,0.14273469181894757,9885.5,107011.49764392804,1752,40154340,20762419,1465156,1333754,7851855,5885667,5544934,3928728,7872438,4271862,3282559,1341982,2770040,970697,1296382,896646,10070976,2133083
13,000020,2018-03-02,0.10097431355181574,0.10097431355181574,0.44521756689158626,9000.0,104547.44493717277,643,11660591,6248236,723421,445218,2808479,2039290,1606505,1672520,2509658,1640008,495957,0,397760,0,0,451200,3118811,0
14,000021,2018-03-02,-0.00793650793650802,-0.006802721088435382,0.1779895327169359,29337.0,212798.75375124463,2459,120166170,98710168,1476291,1949538,9465404,11467109,11711406,14571880,23060240,19859299,17013510,12336582,12841067,8570170,7966457,5354347,36631795,24601243
15,000023,2018-03-02,0.10250000000000004,0.10250000000000004,0.6409252261094978,12840.0,104567.96779938317,624,14721823,14535665,590306,672579,2275915,2348095,3193513,1608567,2234057,2952414,769104,1442538,1435878,2268188,469224,1760996,3753826,1482288
16,000025,2018-03-02,0.10162002945508086,0.054197349042709675,0.7434605036408487,28439.0,135146.87422650738,2089,58932391,88673000,963400,979266,10253815,10977621,10700051,11032442,13362328,15516469,9421767,13104401,3441413,10742674,3683184,6785808,7106433,19534319
17,000026,2018-03-02,0.005876591576885248,0.00685602350636616,0.48245407101999344,7210.0,43612.4581280586,447,4241638,4388487,331079,441067,1674160,1729455,822610,587685,1199982,726644,213807,211761,0,0,0,0,0,691875
18,000027,2018-03-02,0.005319148936170359,0.005319148936170359,0.20842691036446745,5670.0,57553.03338711187,732,8221512,7863330,758368,744234,1843353,1778128,918481,1565624,2138063,1898329,515229,826396,0,0,931446,481664,1116572,568955
19,000028,2018-03-02,-0.006946856547412228,-0.006599513720041639,2.191437422153617,5728.5,27943.27448918893,690,7505979,4426418,1847406,245839,2085875,2012675,1565274,1504876,2007424,440767,0,222261,0,0,0,0,0,0
20,000030,2018-03-02,0.003984063745019917,0.007968127490039834,0.22556959997487674,6759.0,40181.695260745175,1115,10486174,9966009,1641572,867988,2678189,3656249,1784903,1648953,2898900,2674452,538360,682207,0,0,944250,436160,0,0
21,000032,2018-03-02,0.06435643564356441,0.03712871287128716,0.2315465449374135,9295.0,68551.56435115876,1220,16470194,23142407,872499,1527465,4525304,5045413,3866766,4186639,2882553,5179275,1644239,1417359,1039548,1002845,403767,3096836,1235518,1686575
22,000036,2018-03-02,-0.0032644178454841466,0.0,0.22838937755689534,18280.0,119951.34256312666,1620,51452969,38212152,1162259,1019556,7240849,8317108,6846420,7314861,10949473,8366265,7357750,3859523,2750183,2744081,3099483,1372743,12046552,5218015
23,000037,2018-03-02,0.0393162393162394,0.008547008547008739,0.24377899582439552,2985.0,38386.9402087913,577,4177642,5666862,499883,365937,1112744,1885005,645465,1220142,835783,1490088,706577,705690,377190,0,0,0,0,0
24,000039,2018-03-02,-0.004289544235924869,-0.0010723860589811895,0.44409602978019047,18570.0,142906.0605430653,1764,59580461,41690751,1395527,1614346,9070529,6119022,8737078,6477466,10556506,8495358,6795610,6046338,3676278,1750408,2380152,3526731,16968781,7661082
25,000040,2018-03-02,0.0008084074373484462,-0.0008084074373484462,0.3790944911334071,4944.0,49590.96461996268,1065,10854817,8420329,1232054,1130860,1905927,2903850,1704189,1720069,1806821,1981156,1896152,684394,1319274,0,0,0,990400,0
26,000042,2018-03-02,-0.004575163398692794,-0.00588235294117645,1.007643518932979,4593.0,19409.594337705057,230,1722483,753934,367981,232367,558591,429407,434392,92160,361519,0,0,0,0,0,0,0,0,0
27,000043,2018-03-02,0.012127894156560126,0.007717750826901959,0.36949779579436925,9225.0,98347.7029002692,602,12321999,5715837,798395,466380,3521672,1665734,1701901,1699363,1744043,882077,0,200308,382435,340400,0,461575,4173553,0
28,000045,2018-03-02,0.03034134007585343,0.03413400758533491,0.25867453148804215,15780.0,66691.86360301655,936,15497718,18146008,706106,1050325,3445843,4268099,4619702,4060885,3624386,4788922,711967,1892804,652475,739815,0,458118,1737239,887040
29,000048,2018-03-02,-0.009599999999999942,-0.005199999999999982,0.950812430389286,12510.0,38978.68039426964,691,12146016,4632475,810268,596872,4194260,2685772,3298346,510618,2493732,614213,221877,225000,645249,0,482284,0,0,0
30,000049,2018-03-02,0.001977959875671065,-0.0011302627860977355,0.879950909749032,28239.0,92803.17516084727,1617,48340600,42733539,908153,915916,9461398,8363266,8754742,7178556,11651166,12506916,6384085,4356608,6072793,3891134,1626768,427924,3481495,5093219
31,000050,2018-03-02,0.010520163646990044,0.013442431326709636,0.32254482708754895,34414.5,192514.65621865177,2816,140617469,145932912,1606021,911212,13317709,11305634,14642668,13278762,26147381,22862472,18664118,14011764,18544259,18603546,10417057,11305634,37278256,53653888
32,000055,2018-03-02,-0.015568862275448958,-0.009580838323353325,0.1554083847421342,37224.0,232060.0645701909,2893,156670953,123146418,1395542,1778431,13233475,14007273,19881266,15942182,28474095,23319535,18449047,12210689,11314596,10495485,10948589,7428683,52974343,37964140
33,000058,2018-03-02,0.015625,0.020312499999999956,0.20821432119268996,9690.0,57075.14449213464,945,12851265,13882328,787420,937570,3574746,4047094,3690136,2617511,2018057,2291631,1275467,1582310,316540,1066476,442104,838991,746795,500745
34,000059,2018-03-02,-0.013499480789200491,-0.00830737279335414,0.2730160621125082,20097.0,197134.75443811555,1244,49290004,31959642,954056,1007012,5599506,5883263,6404872,5660118,8392428,6670938,5201687,1628849,3587794,3080732,3771465,2807221,15378196,5221509
35,000060,2018-03-02,-0.0009950248756220859,0.0,0.21266720882950982,29058.0,207212.84176412504,2235,107624023,99609549,597058,1210742,10040600,8797201,10841057,11936369,15399510,19161048,11024363,15429232,11309300,9484245,8756284,5298527,39655851,28292185
36,000061,2018-03-02,0.00454545454545463,0.01060606060606073,0.24488098116398233,6690.0,49368.261979691764,726,8042542,10427560,747126,535159,1989591,2827138,1452131,2412303,2359671,2452029,777732,1431542,315491,311085,400800,458304,0,0
37,000062,2018-03-02,-0.017343904856293446,-0.003964321110009772,0.6695893072482151,10000.0,50785.26479763549,908,10991073,10112374,650551,985398,4026275,2897055,2512295,2339308,2318319,2071952,531420,881486,0,0,0,417175,952213,520000
38,000063,2018-03-02,-0.015615240474703418,-0.01530293566520935,0.5379896687876572,174474.0,1024258.9057667213,3543,805554201,645122768,377156,341033,5282608,8673311,18275997,21961346,48950220,54930638,44118239,46584984,47972362,52476263,37864273,39440845,602713346,420714348
39,000065,2018-03-02,-0.009043927648578864,-0.003875968992248069,0.4557481466013959,6190.0,52588.63555686973,1154,13311572,12923454,1223404,1411993,3402077,3652017,2626249,3378076,2996666,2990471,1205076,690842,308400,309600,464700,490455,1085000,0
40,000066,2018-03-02,-0.008746355685131268,-0.004373177842565634,0.14819881987416103,22260.5,196925.42706863192,2146,96856701,78805852,1275761,1487626,9033483,8648802,9070694,10681292,14596621,14239971,10495109,8220086,9768607,9515655,5866725,5273894,36749701,20738526
41,000069,2018-03-02,-0.005938242280285166,-0.005938242280285166,0.15317840383988324,23435.0,261766.21736764416,3030,161280829,141070114,1603633,2110181,12460879,13418231,12153210,12306348,18329797,19525970,18213036,18318964,11307099,10741103,12348178,11232602,74864997,53416715
42,000078,2018-03-02,-0.007104795737122527,-0.005328596802841923,0.14382693442457925,3378.0,102735.81153963481,1536,21035384,15741743,1311879,1516193,3659827,3088438,1803757,3068374,2312715,2954506,2657333,2616682,1882183,349564,0,0,7407690,2147986
43,000088,2018-03-02,0.0183486238532109,0.01572739187418093,0.23381888437729167,11655.0,83916.65476517794,1065,19940314,21531748,899077,1022931,4085529,4534422,3042377,4575957,4431116,3610379,2379251,3396296,1416013,994556,1227444,850853,2459507,2546354
44,000089,2018-03-02,-0.0046511627906975495,-0.0011627906976744429,0.20079854102150757,6888.0,80422.67448826433,1841,31743001,39492201,4633983,817892,5777334,5311084,9526570,7345936,4113960,3552122,2771329,2902441,3263492,12097275,913305,2737100,743028,4728351
45,000090,2018-03-02,0.011375387797311287,0.013443640124095158,0.2511645692556647,6860.0,78331.65765982134,1483,23554023,23154398,1356928,1849881,4160077,4321917,5123081,4646099,4233013,5146493,3330396,2810762,1007705,1146199,480537,873282,3862286,2359765
46,000096,2018-03-02,0.0014836795252224366,-0.008160237388724179,0.92388767152792,3348.0,31202.733026503432,212,2492087,881998,219522,131181,753452,362893,688448,152599,623029,235325,207636,0,0,0,0,0,0,0
47,000099,2018-03-02,-0.0060606060606061,-0.0060606060606061,0.2737372834866765,4950.0,41907.97192485812,908,9869026,6494157,1052804,1065694,2605180,2254250,1915593,1771235,1566900,669252,1797305,733726,322224,0,0,0,609020,0
48,000100,2018-03-02,-0.008174386920980825,-0.00544959128065392,0.06915793564720922,17431.0,449374.4943265504,2840,192891074,134531008,2434870,1518327,11780144,10184339,11027819,10965653,16823757,15430438,9528317,10536033,7715909,7619019,5895552,3420124,127684706,74857075
49,000150,2018-03-02,-0.0003436426116838476,0.003092783505154628,2.0795482516562265,8736.0,40145.64844618933,195,2422964,1218324,206204,212908,776597,626517,276353,378899,116600,0,1047210,0,0,0,0,0,0,0
50,000151,2018-03-02,-0.007633587786259555,0.002862595419847347,0.40350800868521775,8460.0,48079.71586128438,674,10535891,5965077,365775,776306,2260998,2896679,1554126,1159227,3010277,797099,1339290,0,2005425,335766,0,0,0,0
51,000153,2018-03-02,-0.006720430107526987,-0.006720430107526987,0.36440224008701755,5208.0,36302.86875283998,416,4007962,3005584,306039,1038801,1052133,1084592,1255302,559246,583232,322945,0,0,315456,0,495800,0,0,0
52,000155,2018-03-02,-0.012499999999999956,0.004687499999999956,0.1467289511786924,22370.0,109439.93711933898,1906,61816875,48415733,1284549,1331019,8855296,8915787,10757167,9478994,14048213,10019234,7454228,6002631,6649927,4348475,3502864,1264086,9264631,7055507
53,000157,2018-03-02,-0.0023474178403755097,0.0,0.09717618500351358,6816.0,75330.49203934139,1930,31309914,22925783,1472067,1759682,11712847,6853223,4859759,2982387,4001405,4335965,1828480,1172552,1746771,1403502,1808256,0,3880329,4418472
54,000158,2018-03-02,0.012820512820512997,0.01025641025641022,0.21322831449208643,10231.0,186072.2284273401,1340,31857759,21614711,1068946,1152655,6081656,4096523,5374860,4489907,5650839,4119093,4306960,2802317,607176,2064328,0,474561,8767322,2415327
55,000159,2018-03-02,0.006666666666666821,0.008888888888888946,0.22768708702723583,4086.0,42611.58319991671,390,4098515,2795517,239163,324237,1537897,1224483,707505,637010,1034938,300159,0,0,0,309628,0,0,579012,0
56,000166,2018-03-02,-0.0020000000000000018,-0.0020000000000000018,0.1333538506435168,8500.0,131150.35942473906,1408,29402683,25172912,2271780,1308092,5215821,5495807,3317319,3966594,3754059,3190587,2377311,912843,651627,344000,2320197,1341997,9494569,8612992
57,000301,2018-03-02,-0.006079027355623157,-0.001519756838905706,0.15529635959095528,19725.0,127319.66535243964,1798,64321859,43768188,1516975,1183150,7245437,7450742,8489519,8330060,12305637,11595296,5944435,6261376,5980515,4147645,4079226,2208975,18760115,2590944
58,000333,2018-03-02,0.02479037550127594,0.02223842508202689,0.9174861191583193,222784.0,999081.1561916337,3578,744818091,883771177,130433,85026,5999979,4131809,19977736,11594451,58454486,45103365,66731772,47926330,57366046,54705325,50554144,42601731,485603495,677623140
59,000338,2018-03-02,-0.0106888361045131,-0.009501187648456089,0.148424893794631,41849.0,229228.23169686025,3227,171450751,130052736,1072506,1515621,16874029,12828027,28692222,22544046,30536977,27020169,18369859,9810105,12011385,7593428,11961993,4842728,51931780,43898612
60,000400,2018-03-02,-0.002586206896551646,0.0034482758620690834,0.2560348878350523,11680.0,74618.01423872026,2054,42377747,31582394,2320920,1309860,8993652,7791557,7679388,4752611,7494705,7678194,6270853,4828859,2759616,1816362,2607168,417125,4251445,2987826
61,000401,2018-03-02,0.0021567217828899476,-0.0021567217828899476,0.2551357801091971,48930.0,283252.31891597545,2975,211922823,156150779,1486374,1208694,14456943,11504446,22676772,15940110,34196125,27469364,29015038,19879993,18550534,17680262,15028984,8854665,76512053,53613245
62,000402,2018-03-02,-0.0019323671497584183,-0.0019323671497584183,0.22674711578912574,6186.0,97305.61038830572,2085,36974997,19655632,2512476,1092813,7930023,4933665,5807456,4442897,6097587,5408491,3965170,486398,1422099,1295021,940732,436800,8299454,1559547
63,000403,2018-03-02,0.0,0.00564221705940926,1.7943832650194584,15170.0,53152.747839986805,281,3156690,6260964,275887,204258,1419039,1512763,957489,2216142,276416,1189864,227859,537007,0,0,0,0,0,600930
64,000404,2018-03-02,0.001865671641791078,0.0,0.2367367979918574,5918.0,69165.98199274595,512,10214904,5919727,552562,335162,1752895,1207786,2017848,1095446,2371245,1094709,1288465,1423348,1007174,310624,0,452652,1224715,0
65,000408,2018-03-02,0.01892551892551908,0.013431013431013605,0.552286082931835,21606.0,122203.93325800322,879,25371181,28793738,794584,659707,4915153,4158428,5289899,3695867,3306001,5858331,2569985,2344550,3072686,2084256,997800,2665453,4425073,7327146
66,000409,2018-03-02,0.007017543859649145,0.01403508771929829,0.19258401902120484,9312.0,63251.056821025384,877,12619686,13418619,664462,809318,3317919,3584794,2748189,3553209,2988777,3305847,722825,491117,1327219,343976,0,0,850295,1330358
67,000410,2018-03-02,0.0,0.0,0.3093292423549067,24276.0,5334832.206263487,1396,406089444,274450288,1667530,0,10793583,0,10102284,78472,18810970,354241,9921259,0,11347357,0,8365221,0,335081240,274017575
68,000411,2018-03-02,0.003917727717923425,-0.0009794319294810228,1.6791032178728618,8156.0,28764.033836365667,147,1201772,1244788,197798,100144,753037,339540,250937,274004,0,306370,0,224730,0,0,0,0,0,0
69,000413,2018-03-02,0.002450980392156854,0.003676470588235281,0.15801106936600479,32880.0,195818.01530656999,2671,131873673,112426453,1877647,1344655,13758189,11607525,16734006,14639945,21968431,16218592,18402189,17992515,7836026,7874496,10842741,8538077,40454444,34210648
70,000416,2018-03-02,0.02946593001841613,0.02946593001841613,0.19268834358427972,12143.0,46763.48007721647,795,10187825,12523060,595363,684117,2981749,4002245,2560813,3124616,2086428,2848529,1187331,1409263,308000,0,468141,454290,0,0
71,000417,2018-03-02,0.0052151238591917615,0.0013037809647979959,0.24834157652017397,6152.0,28904.36933334781,956,6867209,7096343,777758,1617735,2737833,2743574,2072616,732954,1279002,672031,0,987729,0,342320,0,0,0,0
72,000418,2018-03-02,0.00659340659340657,0.00879120879120876,1.6188956430700387,27464.0,62101.455292929335,1779,30728494,42556152,1224620,1435685,9790109,8284709,8795780,15304318,5013303,9366405,1644791,3094156,1079855,2078825,844320,1737058,2335716,1254996
73,000419,2018-03-02,-0.0018050541516244634,-0.009025270758122761,0.2707644436878087,11655.0,83544.16772817537,418,13581563,4298772,314829,282889,1336941,1534829,1498294,1294950,2946336,623544,2532344,225624,3326550,336936,432185,0,1194084,0
74,000420,2018-03-02,0.0033444816053511683,0.0,0.13909687936440515,6000.0,118540.33844523664,462,5016952,6905836,470062,418091,1763441,1612998,954230,652186,1043409,1243839,0,240000,345084,342237,440726,0,0,2396485
75,000421,2018-03-02,-0.0018691588785045843,-0.0018691588785045843,0.24008864656121548,1602.0,40583.54596997651,496,4248578,3010983,263786,317798,949895,1229005,672834,932115,694838,532065,499389,0,765954,0,401882,0,0,0
76,000422,2018-03-02,0.0,0.0031847133757960666,0.11023900682615594,6280.0,82087.2879912877,813,11945517,10892731,930344,734355,2942952,2303560,2353232,1675332,1484881,1635827,453944,1192931,1603119,645898,903448,0,1273597,2704828
77,000423,2018-03-02,0.0003333333333332966,-0.00033333333333340764,1.1393017473642615,18133.5,176491.12143288815,2774,96680005,61771515,1799757,474617,22494023,11756652,11876225,9338601,12305441,10671467,7250416,5969971,5996984,3702450,1864271,3064144,33092888,16793613
78,000425,2018-03-02,0.0023809523809523725,-0.0023809523809523725,0.08011275751213927,16920.0,172401.6457455902,2767,96074371,85298236,2419380,1936743,11884547,11152008,11467557,13512640,16164842,15000601,9375273,8409860,7673282,7939294,8957483,5407518,28132007,21939572
79,000426,2018-03-02,-0.03085299455535384,-0.025408348457350183,0.2184460866711264,21680.0,179695.08029592189,2549,117535626,84513390,2296265,1284439,9248960,9819038,11471432,10294117,20899982,19383811,10493085,9944074,9391331,7276649,9795349,3034259,43939222,23477003
80,000428,2018-03-02,0.013297872340425565,0.0,0.2301964764581719,7540.0,100073.19488532492,266,5125158,1625452,366495,190242,919631,755131,544627,320254,929376,359825,480029,0,377000,0,0,0,1508000,0
81,000429,2018-03-02,-0.0025380710659898,-0.005076142131979711,0.28897338534220307,3785.0,61118.136092174136,743,8819861,4916486,691212,758683,1673322,2216184,726520,1475674,1156727,465945,1482568,0,390642,0,410814,0,2288056,0
82,000430,2018-03-02,-0.008610086100861003,-0.00492004920049216,0.49486808167832164,7263.0,34679.73095986988,269,2993131,1733097,271085,285266,1074291,530054,1155483,246664,492272,270345,0,0,0,0,0,400768,0,0
83,000488,2018-03-02,-0.01461038961038963,-0.010822510822510734,0.35430377854607703,38440.5,354842.93936819694,2722,213429727,131777845,1478104,1323442,12927794,10662179,14644728,13860237,28315448,19801713,21380998,17259827,15783783,9518516,12850143,8060232,106048729,51291699
84,000498,2018-03-02,-0.0075987841945288626,-0.0075987841945288626,0.2074552657700181,4571.0,67748.06939436682,1006,13264681,10737052,1158669,526855,2796880,2587349,3052251,1888819,1924576,1895246,1802917,1094206,1487350,711357,423144,0,618894,2033220
85,000501,2018-03-02,-0.006794317479926093,-0.004941321803582532,0.4533780359260996,4845.0,61912.50972905061,1275,17120554,11316546,1603622,1632180,2935906,2969314,2228153,3598339,4656921,1407289,955330,511025,1738087,672256,966899,0,2035636,526143
86,000502,2018-03-02,0.004587155963302614,0.01261467889908241,0.39617804044937643,7027.0,68599.1701595727,484,3740144,6994878,277677,706648,1002739,2063780,614609,1065462,1146157,350078,698962,680968,0,0,0,409092,0,1718850
87,000504,2018-03-02,0.0019920318725097363,-0.0019920318725099584,1.0173057032902821,15027.0,73063.26697667668,608,12621862,13231554,360648,466559,2561398,2153365,3393369,2484211,3534116,2679980,970504,3201505,374700,1063734,863767,0,563360,1182200
88,000505,2018-03-02,0.00864197530864197,-0.0024691358024691024,0.2547938480063745,16140.0,81613.55781093327,1011,25126582,16821285,913971,877381,4952809,3828983,5089338,3258917,5438388,4197453,3524780,2777338,1265077,0,805499,401999,3136720,1479214
89,000507,2018-03-02,0.023648648648648463,0.014639639639639546,0.20252474323413883,19976.0,136977.9464801873,1924,49658508,58164393,1827006,1431737,9552271,9567972,9686348,9097367,7028977,11977625,5404566,8321933,2712265,2386572,1722614,4446756,11724461,10934431
90,000510,2018-03-02,-0.0014064697609001975,-0.0042194092827004814,0.33826063926626143,9982.0,42997.31911221935,441,6349774,4556227,381506,505004,1664813,1897589,1945715,1211864,866593,660530,500243,281240,990904,0,0,0,0,0
91,000513,2018-03-02,-0.004953998584571906,0.0007077140835101137,1.4036274798529749,35300.0,164457.93975282542,2535,95082231,97271805,1403006,1295345,12220790,20243120,11444190,12915978,17204909,18882713,7886033,12568469,9447126,6766879,2124549,4567805,33351628,20031496
92,000514,2018-03-02,0.00493421052631593,0.00164473684210531,0.2644170882622427,8851.5,32276.404845351604,528,5191991,5369665,460886,475429,2300696,1970156,1321182,1295851,1109227,1323229,0,0,0,305000,0,0,0,0
93,000517,2018-03-02,0.0,0.01098901098901095,0.08142744807671935,43328.5,224202.78777210665,3144,164491670,182151845,1536761,1499114,12504792,13099655,19600675,21135624,30510901,31506217,21490597,18447718,13910510,16087081,8957355,14096424,55980079,66280012
94,000518,2018-03-02,-0.03645833333333337,-0.03125,0.2541864109411249,9639.0,61089.7696518894,513,9876615,4356371,285750,649939,2296757,1849113,1537283,860091,2040020,713728,1625757,283500,772056,0,0,0,1318992,0
95,000519,2018-03-02,0.0435339308578746,0.030729833546735197,0.1643254854746476,16440.0,151400.29957457574,2265,67096116,67741250,1685933,2041694,10850757,10112151,9258213,9012892,11732160,8764385,7286868,6827301,5900499,4638688,6053683,2663700,14328003,23680439
96,000520,2018-03-02,-0.011904761904761862,-0.005952380952380931,0.11946489830638266,5712.0,83933.97070280327,792,11053030,7968252,539953,891995,2197045,2498865,1786916,1133288,2345002,1500874,1268102,500782,688977,0,436464,0,1790571,1442448
97,000521,2018-03-02,0.021327014218009532,0.014218009478673022,0.14660658159031933,9775.0,101336.1799292889,829,12726421,17417168,714734,741417,3350776,3232778,2190181,2356006,2277234,2744087,1438162,2830624,1020558,653384,451775,875300,1283001,3983572
98,000523,2018-03-02,-0.0014245014245013454,0.004273504273504258,0.39748681907997213,7050.0,33110.93510490926,311,2767527,2770648,275376,318109,992350,1089387,701627,718115,435240,645037,0,0,362934,0,0,0,0,0
99,000524,2018-03-02,0.003988035892323216,0.004985044865403854,0.34431935877720815,2000.0,22841.20273007484,851,5836503,3713197,475649,871041,2255953,1359526,1328252,1002757,1776649,479873,0,0,0,0,0,0,0,0
100,000525,2018-03-02,-0.014981273408239626,-0.006658343736995476,0.5404474726388054,28860.0,221527.3826194734,1979,112210960,59983691,1610847,761195,9656182,7708843,11545992,9581231,15636948,11141144,17824732,8648365,4707944,8008417,6358611,1895746,44869704,12238750
101,000526,2018-03-02,0.005221932114882533,0.006713912719134685,2.2040824661961973,13545.0,50082.841169308376,147,2388030,2454835,118900,113526,475453,608461,916788,496869,647644,1033104,229245,202875,0,0,0,0,0,0
102,000528,2018-03-02,-0.02294056308654857,-0.01147028154327423,0.1937161432608204,29729.0,192461.41998584825,2455,120899572,78796993,1527015,1195492,14014658,9343708,14853926,10726411,24888629,16631719,11738951,10684730,9525179,8456733,4452015,3611079,39899199,18147121
103,000529,2018-03-02,0.0031948881789138905,0.004792332268370725,0.2643713899497818,1878.0,28344.076364216446,560,3787462,2702069,598457,256554,1539828,944126,629326,761041,676726,518036,0,222312,343125,0,0,0,0,0
104,000530,2018-03-02,0.0020408163265306367,-0.0020408163265307477,0.1726383804363038,6409.0,83451.72799585677,806,15017030,8118083,623303,1001622,2212349,2747686,2614193,1557918,1845737,1980500,2379612,426857,1023450,0,0,403500,4318386,0
105,000531,2018-03-02,0.014144271570014189,0.008486562942008335,0.2770189386234851,14100.0,71186.99215724491,651,13122328,12325615,546228,536064,2459258,2633462,2079300,3254843,2979939,3302958,2407686,1529738,356730,303576,1733288,0,559899,764974
106,000532,2018-03-02,0.028124999999999956,0.03229166666666683,0.33251015470044193,15680.0,51243.50467766453,834,14314927,12598009,790548,683394,4519752,4264361,2728785,3691471,3796480,2236191,1223076,489000,360162,709580,896124,0,0,524012
107,000536,2018-03-02,-0.011933174224343812,-0.011933174224343812,0.11678462505802693,3735.0,73226.3336751767,1292,21066149,11994058,1518146,663908,4383097,2330288,3494911,1129178,4232134,2502696,2912262,1994607,1008636,1101322,867183,486360,2649780,1785699
108,000537,2018-03-02,-0.00666666666666671,-0.011111111111111183,0.35147034655087733,24336.0,115281.8072348805,1476,45908921,37290607,1050788,849426,7622179,7725375,7314744,5721409,9536629,9300925,5793966,4803849,2379711,3776207,3030107,468060,9180797,4645356
109,000538,2018-03-02,0.022971392108901423,0.022120599808571617,2.0689984152359715,28860.0,206027.11683710897,2066,98978962,79368795,2574357,1764576,11781768,10654397,10315097,8960974,17117847,11580374,9984497,9956791,7022040,7465199,8257137,5561277,31926219,23425207
110,000539,2018-03-02,0.011111111111111072,0.006666666666666821,0.21267125982803314,3608.0,61605.81289009911,447,4212261,5445293,529645,304976,843674,983874,531123,1121891,121587,1605080,1396170,209185,337611,0,452451,451999,0,768288
111,000541,2018-03-02,0.0,0.0,0.22993553908980377,4380.0,39298.30283373803,1442,11654126,9891112,1001541,3404512,3381303,2894776,2041813,1604221,2623160,1111617,521538,524638,390132,351348,436500,0,1258139,0
112,000543,2018-03-02,0.013186813186813362,0.013186813186813362,0.1455170944652068,6915.0,133093.97089738317,978,24758455,21374310,820023,908488,2673867,3504996,2394254,2742651,4164642,3154601,1384535,4290046,1754889,341705,1318590,1374559,10247655,5057264
113,000544,2018-03-02,0.006111535523300127,0.006875477463712754,0.5532235091715344,10576.0,40515.61199045894,559,6256130,6987183,587597,421733,2385436,2457026,1625272,1461078,922974,1413020,734851,500036,0,734290,0,0,0,0
114,000545,2018-03-02,0.010964912280701844,0.021929824561403688,0.13323916258965082,13980.0,197148.8559387313,1173,24218958,34673526,1065875,1063317,5609993,5489777,4298063,2989779,5714006,4052942,2889920,5413631,2013300,1124098,916867,857219,1710934,13682763
115,000546,2018-03-02,0.013427561837455748,0.015547703180212036,0.3691699126999124,9954.0,46187.46664167145,1472,14277345,16861133,1415734,1621425,4591639,6862642,4068020,3433217,1436602,2473404,554075,1623575,695603,0,0,846870,1515672,0
116,000550,2018-03-02,0.016958134605193464,0.021727609962904015,0.6078728890197561,18890.0,115610.8553057637,963,20830339,25681700,929190,859403,4782043,4217646,4377585,3837795,3185607,3734039,2726671,2266779,2878917,2104070,463683,408100,1486643,8253868
117,000551,2018-03-02,0.0014265335235377208,0.0028530670470756636,0.2977057053573324,14120.0,74988.3128714386,554,6916477,7464607,304457,361536,1638309,3691995,1740190,1838465,563923,1104343,0,0,0,0,476634,468268,2192964,0
118,000552,2018-03-02,-0.0027855153203342198,0.0,0.09382183562035891,4693.0,85083.98274911099,1469,21455776,14705328,1133285,1940425,4227325,3420624,2981005,2424614,4470788,1846236,2635446,883513,2064877,398812,1351587,903502,2591463,2887602
119,000553,2018-03-02,0.00419580419580412,0.002797202797202747,0.4569065427265984,12924.0,56622.23862613944,979,17288413,12752545,698709,910356,5259880,3951204,3328381,2644144,4112170,2618932,2122904,1444085,340336,0,919148,427200,506885,756624
120,000554,2018-03-02,0.005961251862891315,0.010432190760059745,0.27970747127955486,10768.0,128865.8901556669,575,13086144,11136563,582751,517756,2714833,1648284,2072788,2280762,1542024,2284269,1189072,1836815,1078043,1094237,0,875360,3906633,599080
121,000555,2018-03-02,-0.015902712815715647,-0.014031805425631427,0.249729509930221,15825.0,105707.5756256592,1835,53190586,33977663,1002495,1774173,6970887,8253751,8108691,7767602,9796162,7952643,7293554,2657671,4420298,3095517,4021465,837860,11577034,1638446
122,000557,2018-03-02,-0.006818181818181834,-0.00909090909090915,0.1457548265140442,5668.0,59907.99002816403,912,11083543,8199460,719727,1063911,3482122,2629268,1979853,1168774,2436588,1410586,992779,526569,0,367548,0,0,1472474,1032804
123,000558,2018-03-02,0.0,0.0,0.11937861343572496,11475.0,82291.8739878833,1258,25465476,18353782,1004565,1308960,5185353,5765064,3784745,3528202,3833051,3043896,3438897,2784513,3270603,773586,1303107,458802,3645155,690759
124,000559,2018-03-02,0.03075170842824626,0.034168564920273425,0.20913337767733947,18120.0,134036.52828948238,1764,49334815,59444361,1412238,1564162,7404405,7396720,7894550,7797113,11384955,8890859,6760234,5917615,3760311,5771650,3670374,2791695,7047748,19314547
125,000560,2018-03-02,-0.001187648456057011,0.004750593824228044,0.32989049755661226,10104.0,50328.87382923191,651,9759128,9023049,739760,584754,2180753,2950498,2445373,2163114,2298134,2246715,217880,716309,1035668,361659,841560,0,0,0
126,000561,2018-03-02,-0.004267425320056972,-0.004267425320056972,0.22869620834706922,3515.0,42098.807859000604,945,9743633,4940667,1076475,609403,2696587,2066734,1904815,718211,1361862,1330498,1138914,215821,308880,0,0,0,1256100,0
127,000565,2018-03-02,0.01296596434359798,0.008103727714748654,0.30366569554645256,9912.0,40624.72374992151,412,4142512,4015940,361673,418124,1769501,1935423,1633351,759922,124400,226202,253587,0,0,0,0,0,0,676269
128,000567,2018-03-02,-0.007009345794392496,-0.005451713395638658,0.8121259190544284,12730.0,98721.96020850737,1000,21666903,14498253,868885,917348,4784103,3372662,3824731,2840305,4163773,3428743,2217343,1562945,362817,0,2642397,0,2802854,2376250
129,000568,2018-03-02,0.004882154882154932,0.002693602693602859,1.1973499402764831,29810.0,198468.52499133404,2464,104608673,113840692,938526,1070693,13862796,12732796,11133543,10485314,15542522,16345034,12866450,11602782,9439974,25408295,4355625,6330219,36469237,29865559
130,000570,2018-03-02,0.0020000000000000018,0.0020000000000000018,0.29365285888706877,4000.0,28861.94359263833,289,2783753,1540983,266694,190867,1485981,607318,648437,357598,174225,100200,208416,285000,0,0,0,0,0,0
131,000571,2018-03-02,-0.004149377593361092,0.0020746887966804906,0.1593593867206603,4850.0,55993.03776510727,915,10000546,9906890,720589,988045,2785576,3038960,2607006,1554544,1337889,1936724,795361,1444261,318645,367206,469480,0,966000,577150
132,000572,2018-03-02,0.03457446808510656,0.037234042553191626,0.10710606459327121,11250.0,122849.69492979324,1237,38624162,27847158,1081688,994440,4349132,4493426,5220974,4505934,6861347,5363380,6023542,1650237,3589924,1688961,3671938,1785093,7825617,7365687
133,000573,2018-03-02,0.002083333333333215,0.0,0.2516629481360287,9620.0,38288.77123243492,363,4809475,3710435,449685,389673,1481561,1923425,1338047,810217,922442,384172,239500,202948,378240,0,0,0,0,0
134,000576,2018-03-02,0.04172803141875292,0.0363279332351496,0.5139699913891594,21075.0,99461.53849725409,1572,29390221,48183739,626233,1485522,6616128,9599942,6525216,7524219,7476597,9373449,3708394,3039330,2370827,3843096,1360662,2167413,706164,11150768
135,000581,2018-03-02,-0.001273885350318471,-0.00042462845010626804,0.5428082007752156,18920.0,210097.9953662372,1883,81172136,48871261,1499581,1252736,11282325,6999832,9159960,5178428,11935443,9428968,9381561,8781011,3617582,2683702,2682563,3568110,31613121,10978474
136,000582,2018-03-02,-0.0078037904124861335,-0.0022296544035675936,0.3474411523096858,9845.0,44959.48016831546,666,10619242,6265429,749043,826703,3148688,2327518,2699495,1627177,2368105,821391,750513,0,0,662640,903398,0,0,0
137,000584,2018-03-02,0.03901437371663241,0.038329911019849394,0.32970905748640694,42655.5,179030.11989476485,1970,76842208,92254689,439982,839333,14826800,7774319,17154080,12853720,16758789,16623723,5913051,8504888,3836957,5383811,3605189,3653217,14307360,36621678
138,000585,2018-03-02,0.00588235294117645,-0.002941176470588225,0.1423149471635381,5085.0,29731.334369091834,571,5908204,3190781,750412,474399,2138597,1089830,1357215,667072,1458580,508980,203400,450500,0,0,0,0,0,0
139,000587,2018-03-02,-0.008559201141226769,-0.0028530670470755526,0.16397605140077068,25362.0,152678.0373033731,1834,64307575,53751782,1005603,1029721,10342933,5484529,15410928,5657993,18598708,9393406,5280562,6564109,3748046,6911983,471100,4683055,9449695,14026986
140,000589,2018-03-02,0.0117647058823529,0.014117647058823346,0.1850506430165225,9030.0,51518.97946961406,527,5948310,8785564,661100,451177,2042511,1965159,1146263,1712521,1075159,2158743,715847,1343251,307430,690104,0,464609,0,0
141,000590,2018-03-02,0.0035211267605634866,0.007922535211267512,0.8354632482648913,10870.0,49091.6316067163,184,1522773,2151642,134119,144826,854023,736448,220873,480468,110304,0,203454,213900,0,0,0,0,0,576000
142,000591,2018-03-02,-0.0019762845849802257,-0.0039525691699603405,0.1356576465321126,6096.0,69321.91963915482,1394,23120257,15570258,1373310,1400909,4958038,3617543,3800659,2549315,4580643,3574708,3231908,1184629,1821813,994965,804448,467208,2549438,1780981
143,000592,2018-03-02,-0.011389521640091105,-0.006833712984054552,0.13506503549409962,11037.5,111645.88975223008,1058,26984800,18291587,1027079,978819,4172853,4628320,2830756,2377979,5141079,2720151,3265681,2244358,2062279,622662,3519252,1734292,4965821,2985006
144,000593,2018-03-02,-0.0056022408963585235,-0.0028011204481792618,0.2579286321260772,7150.0,48040.74091356438,766,10132946,7776404,708492,921816,3539342,2223327,2034057,1262904,2349667,2009977,1181888,229330,319500,0,0,429000,0,700050
145,000595,2018-03-02,0.002272727272727204,0.0,0.18171707774334256,8880.0,33115.85136449305,586,6480651,4870993,628285,664067,2809308,2035754,1345899,969006,1353620,892066,0,0,343539,310100,0,0,0,0
146,000596,2018-03-02,0.007048024913948625,0.010326176036715262,1.437904643475584,18351.0,82716.24049560512,1801,23058559,39100627,745106,1788710,6695035,14784372,6341313,7357360,4986496,5062746,1645208,3698658,973959,941016,923725,0,747717,5467765
147,000597,2018-03-02,-0.008333333333333304,-0.0010416666666666075,0.312384344980053,4802.5,43123.69756077924,944,12610294,6138698,1220153,623621,3107745,2596133,2325106,1659439,3117128,835431,1702440,0,736320,0,401402,424074,0,0
148,000598,2018-03-02,0.012121212121211977,0.010101010101010166,0.1444871293811772,7515.0,90853.344609009,1175,18998979,21447071,892465,1123563,4036593,5027635,2572702,5277548,3219568,2596496,2703163,1755437,1353767,0,1900117,464634,2320604,5201758
149,000599,2018-03-02,0.07189542483660127,0.0702614379084967,0.13567852244303824,16863.0,200153.13623126512,2040,48024720,90342705,2107787,1250420,10108708,7400626,7849956,8283534,9810657,12072453,4093675,10224511,1320932,7746926,1731515,3891520,11001490,39472715
150,000600,2018-03-02,0.008941877794336861,0.0014903129657226621,0.1884075654128695,8749.0,86581.11726573872,1269,20883412,22524010,1004030,1215055,4659235,4269071,2967541,3566071,2934455,5637501,2382454,2752735,2434899,1354968,926582,475956,3574216,3252653
151,000601,2018-03-02,-0.004354136429608024,0.0,0.2811701140867492,5508.0,45968.22251197356,600,6017166,5951557,518965,545985,1740294,1953361,1614309,1007244,851488,1654881,208800,449916,0,340170,465650,0,617660,0
152,000603,2018-03-02,-0.0016638935108153063,0.0,0.42693140350487574,13172.5,59390.77099545389,792,13277299,12493319,608511,754381,3739814,3738494,2509310,3131546,1979425,2712147,1427049,1310157,1076094,362994,830580,483600,1106516,0
153,000605,2018-03-02,0.017934446505875057,0.0030921459492885273,0.42526637800869505,16350.0,57161.98086289824,1446,23665919,27033014,1074768,1437263,7236689,6352975,7081593,7017979,4916145,6129981,1857479,1829265,970001,1695958,0,1820114,529244,749479
154,000607,2018-03-02,-0.011111111111111183,-0.007407407407407418,0.23165944306633135,2720.0,31187.395670506856,543,4734105,2780654,443837,369656,1150708,1432490,1149500,369656,1037061,400412,952999,208440,0,0,0,0,0,0
155,000608,2018-03-02,-0.005649717514124353,-0.009887005649717562,0.2093582964679005,13452.0,69401.67705929083,1144,26724159,12621221,983967,1159995,4834760,4597696,5531273,3143219,5167462,2262775,4107171,768918,2182349,688618,451560,0,3465617,0
156,000609,2018-03-02,0.006521739130434856,0.007608695652173925,0.3483439885093303,14800.0,79572.1464448071,698,15107921,11301497,517552,773299,2712313,3314849,3056208,2518833,2697720,1553197,2121652,650903,2063303,1000678,418500,0,1520673,1489738
157,000610,2018-03-02,0.0,0.004950495049504955,0.5399758738913185,5120.0,39249.82592842498,349,2310135,3944468,361662,229694,962218,1235529,732465,686420,253790,609239,0,487814,0,695772,0,0,0,0
158,000611,2018-03-02,-0.001468428781204123,-0.004405286343612258,0.3745773449206768,6435.5,39255.88936283234,330,4306543,2545356,435930,176095,1012237,1389666,1136824,626470,833972,353125,210800,0,676780,0,0,0,0,0
159,000612,2018-03-02,0.003759398496240518,0.0012531328320801727,0.1916726290237379,5607.0,43764.75407523517,1740,14146829,15042623,1558832,2052906,4816900,4743530,2720278,2684904,1292868,2192539,1654430,1434408,0,681610,816583,1252726,1286938,0
160,000613,2018-03-02,0.05697674418604648,0.024418604651162967,0.26164550755012944,10547.0,60889.46116459184,1081,15852301,16620439,1215716,1113878,5039350,4332862,2465002,3316948,3149633,3556224,1766922,2104555,631234,301615,886890,0,697554,1894357
161,000615,2018-03-02,0.047304730473047174,0.015401540154015514,0.20335572717531217,19498.5,87855.17782813513,2000,49693943,46168714,1493424,1482144,10125271,9843984,9642922,9176506,10716785,14293585,4773298,3905818,4040411,2439671,3673393,1779806,5228439,3247200
162,000617,2018-03-02,-0.007369196757553431,-0.003684598378776771,0.593516739734172,5460.0,49525.72802967564,522,4959257,5679787,355195,693261,1707426,1740686,804751,1165884,1249237,391330,437368,256244,0,0,405280,830820,0,601562
163,000619,2018-03-02,0.002777777777777768,-0.001388888888888884,0.4006909913065863,4314.0,38070.74050467892,322,2672559,3076138,307510,226795,1007111,1152343,435016,592138,574196,353260,0,751602,348726,0,0,0,0,0
164,000620,2018-03-02,-0.004870129870129913,0.0016233766233766378,0.2576811128262592,9210.0,74424.32870258608,572,11216048,6356694,463865,382379,2257985,2194470,2385952,992589,1693342,1500375,0,884056,1878301,0,855643,402825,1680960,0
165,000622,2018-03-02,0.011848341232227444,0.011848341232227444,0.25049260860652106,6420.0,18495.75165528589,283,1718242,1447116,214610,496833,868050,636438,415411,313845,220171,0,0,0,0,0,0,0,0,0
166,000623,2018-03-02,-0.004800768122899535,-0.006721075372059349,0.5377122625427924,20720.0,150063.62581171934,1500,58251401,36964295,1281809,915708,7045477,7548244,5991235,5490471,9916292,5406864,6159082,4805973,3052568,2649406,6002132,1258463,18802806,8889166
167,000625,2018-03-02,0.01092436974789912,0.007563025210084007,0.2386560698961618,23700.0,272737.0561172431,2488,108581177,71494198,823141,1144019,22131991,10682256,12018838,8937887,15065367,11414514,9816240,7080224,7215858,4149054,6149988,3597751,35359754,24488493
168,000626,2018-03-02,-0.023519163763066175,-0.016550522648083765,0.370443476752646,11400.0,73440.83094217903,961,21548946,11824060,744579,837541,4472969,3003561,4534304,3204400,2517343,2610473,2097923,462351,3735965,716947,1843239,410337,1602624,578450
169,000628,2018-03-02,0.01744966442953011,0.021476510067114152,0.29737354342916233,12296.0,67776.8329536271,628,9919071,8226785,607639,518260,3471102,2545113,2250709,1256194,1641161,574399,1141742,755291,302175,0,0,910182,504543,1667346
170,000630,2018-03-02,-0.007246376811594013,-0.007246376811594013,0.05899293232817613,9864.0,234732.72552570546,2213,75200345,49984502,1449839,2217483,8154815,8166145,5403285,6720793,6150072,5687433,5264998,4202717,2962098,1009604,1784727,980925,44030511,20999402
171,000631,2018-03-02,-0.016627078384798155,-0.016627078384798155,0.11276637489128774,4980.0,48142.53806860509,1400,15535873,5950805,1820848,994953,7631019,2283437,2303872,848079,1709302,173470,938656,222560,665271,0,466905,0,0,1428306
172,000632,2018-03-02,-0.003478260869565153,-0.0017391304347825765,0.34813087632408163,4046.0,25675.570166685568,272,1368591,1629255,204671,309333,812243,396617,192402,461705,159275,0,0,461600,0,0,0,0,0,0
173,000633,2018-03-02,-0.027283511269276417,-0.010676156583629859,0.47001529731800196,8410.0,40367.7300236935,321,4388824,2247892,447565,185693,1621988,1043761,1042661,475754,567054,223460,292056,0,0,319224,417500,0,0,0
174,000635,2018-03-02,0.02788244159758868,0.03240391861341374,0.3818467120381796,13660.0,81452.9484950493,1209,19960758,23279245,955949,1066093,5757096,4308189,4312644,4535750,4749375,4348305,994466,4360985,670490,1372906,927770,0,1592968,3287017
175,000636,2018-03-02,0.02796052631578938,0.044407894736842035,0.2116655800917238,70732.5,363635.0474756074,3310,241153962,319129688,935331,966160,12536932,11585310,22398948,21365487,39859804,42005916,31197474,31641522,17010716,29973270,24150114,16314337,93064643,165277686
176,000637,2018-03-02,0.005660377358490676,0.0018867924528300772,0.31344809198843615,7980.0,39500.2250338964,285,4095251,2342318,291392,279122,1183594,930471,528330,529236,1598387,384549,493548,218940,0,0,0,0,0,0
177,000638,2018-03-02,-0.0033112582781458233,0.0,0.24157577358580953,14736.0,96963.39221783253,1410,29262267,25137615,1110291,1452731,6978874,6318056,5353029,5318382,5441088,5265507,2138327,2540175,2364732,1467545,899373,459999,4976553,2315220
178,000639,2018-03-02,-0.012269938650306678,-0.018404907975460127,0.5906198447000525,8064.0,86391.05320857298,761,13563574,6764790,916790,711433,2748566,2944139,2271297,652477,3003782,1067311,760669,0,373758,386400,498538,0,2990174,1003030
179,000650,2018-03-02,-0.008113590263691739,-0.008113590263691739,0.19245544554095378,4900.0,64781.64891744808,656,9215405,5513475,612162,679679,1936024,1888961,1005649,1517052,1380943,848207,784566,271092,1079389,308484,1434672,0,982000,0
180,000651,2018-03-02,0.028011753183153854,0.023114593535749295,0.8509668135123126,371376.0,1070032.7586595274,3599,1134405119,1205131501,15628,10439,2598779,2576946,10167107,10413186,39909734,39440659,53066044,58792040,66493677,59776290,56287416,52321818,905866734,981800123
181,000652,2018-03-02,0.01631701631701632,-0.004662004662004726,0.1392676615415314,4300.0,79249.04931312436,950,15089686,8098885,803633,1076622,2986714,2507350,1414242,1388736,2837383,2003808,798596,693369,625677,0,1785328,429000,3838113,0
182,000655,2018-03-02,0.015180265654648917,0.013282732447817969,0.16309128668870576,5300.0,44550.14290306412,1045,9118768,11189879,620391,1054736,2821513,3703207,2351255,2338165,1449462,2085368,765049,254659,1111098,786555,0,967189,0,0
183,000656,2018-03-02,-0.011627906976744318,-0.00387596899224818,0.13880088946894797,10836.0,143820.9262004839,1384,45930073,28376112,1426868,885107,5860133,4413575,5116969,4416719,6727514,4445582,4916544,2698321,3518822,1372135,3570731,410400,14792492,9734273
184,000657,2018-03-02,0.008802816901408494,0.012323943661971981,0.3380280720941534,10255.5,65881.88617121732,1130,12584237,15254511,1007784,1057429,4509144,4272059,3022175,2842255,2488250,3084375,1556884,1191597,0,657275,0,411021,0,1738500
185,000659,2018-03-02,-0.008219178082191747,-0.002739726027397249,0.16224472207572285,9212.5,71799.46533747407,506,8640919,6690182,360189,468197,2361635,1336274,1725724,1072430,2329252,1453730,703850,707538,608300,0,0,0,551969,1652013
186,000661,2018-03-02,0.016381095838825077,0.014309922801732267,3.56340715184254,49080.0,297723.5786644336,2001,135762259,155015088,0,7491,10370051,13971807,8814819,12666942,15070329,32321081,11570103,14214569,12445326,13626990,5037676,9760562,72453955,58445646
187,000662,2018-03-02,-0.006779661016949157,-0.003389830508474634,0.35869910694049406,11780.0,78024.81682340807,1082,25175113,15549681,925244,1115251,4693112,4353250,3357994,2966080,5304678,2536910,3980996,2127497,2726584,734700,1384363,478673,2802142,1237320
188,000665,2018-03-02,0.020000000000000018,0.006315789473684275,0.4842175707427108,9515.0,86682.0871411186,384,6626510,6360063,528897,339333,1675160,1136105,1585380,821045,842783,1128974,757093,1038519,318585,0,0,942088,918612,953999
189,000666,2018-03-02,0.001749271137026387,0.001749271137026387,0.4269909541757643,8595.0,70156.86787047116,1613,23231258,22221096,1429466,1620865,5962159,5964607,4248478,3736644,4731746,4670494,1497964,1344815,2681057,1161937,888515,0,1791873,3721734
190,000667,2018-03-02,0.0,0.006666666666666599,0.0974350854248239,3010.0,77686.89940776052,951,10719428,9900371,889047,818781,2601296,1292096,1794215,594515,1700423,1408721,1219901,869986,935200,718768,0,430500,1579346,3767004
191,000668,2018-03-02,0.0007468259895444529,-0.0022404779686333587,0.86636845582576,5356.0,27118.58353622037,238,2095406,1622522,188479,334729,865409,574217,546605,239565,494913,474011,0,0,0,0,0,0,0,0
192,000669,2018-03-02,0.00339558573853993,0.004244482173174857,0.46790584463933704,11810.0,41011.11830868304,633,8100629,7046787,576703,560533,2712238,2885888,2157909,1607681,1867549,711611,473000,508910,313230,357000,0,415164,0,0
193,000670,2018-03-02,0.003676470588235281,-0.007352941176470562,0.09963006360028293,21060.0,206135.1006301009,2997,105672713,96156604,1939379,1942751,12893440,14608838,16696563,14601018,17925395,16458008,13283936,9838459,4431078,4694764,4624096,4518097,33878826,29494669
194,000671,2018-03-02,0.0036991368680643344,0.0012330456226881115,0.15752146164286535,28699.0,259722.46185720153,2661,175151178,148604901,1172139,2193359,8408907,10745627,10100201,11322527,19101865,19649996,18720265,19172415,18616401,12739897,13422154,13161932,85609246,59619148
195,000672,2018-03-02,0.006359300476947549,0.0015898251192367763,0.22213671667442533,53004.0,307749.47523874114,3213,223338843,216982593,1140661,787927,14580600,12790197,19602987,20646112,31515972,38356004,26134921,25636537,23333473,17087935,17616343,12254616,89413886,89423265
196,000673,2018-03-02,0.000671591672263272,0.002014775016789816,0.4891763743101379,11936.0,60964.10795458677,926,13141883,13847042,1326746,519025,3941049,4101261,2627555,3115847,2578041,2248816,699643,1734093,734556,301000,458388,0,775905,1827000
197,000676,2018-03-02,-0.011353711790392906,-0.008733624454148492,0.3695778981597245,11490.0,54116.85722229588,960,16691836,12170203,787981,731936,4403891,4010932,4163854,2867970,3553630,2070794,2545770,457320,657980,706479,0,1324772,578730,0
198,000677,2018-03-02,0.0,0.0060975609756097615,0.14179651643963959,3948.0,35321.72427399559,535,4397589,3232213,656807,444014,1652708,1387156,793999,386370,690751,271425,236160,0,367164,342760,0,400488,0,0
199,000678,2018-03-02,0.05987055016181242,0.0744336569579287,0.1662770650129094,13104.0,107280.0323125658,1385,35686616,23285992,1155215,1344034,5239413,6099494,5498933,3955809,7337371,5635188,3823044,2033179,2509244,2176204,1742833,1347832,8380563,694252
200,000679,2018-03-02,-0.006525285481239762,-0.00815660685154973,0.3433224343042589,3960.5,88314.01558889818,318,5904497,1296078,240156,186879,725194,842651,1790128,266548,474147,0,515294,0,338148,0,426300,0,1395130,0
201,000680,2018-03-02,0.0,0.0067264573991032695,0.14266269512950291,6765.0,61090.02901534809,978,11952496,11982950,979637,1169608,3162369,3593349,2004009,2028609,2443201,2137305,525570,1667573,722441,0,1274373,0,840896,1386506
202,000681,2018-03-02,-0.036323202372127494,-0.034840622683469324,0.47912928136299365,60835.0,290762.7150105403,3187,256361683,240412602,657098,668763,17960560,10709579,19835491,13959877,38714495,31749093,31117661,26163614,23215960,22320193,19206838,20043160,105653580,114798323
203,000682,2018-03-02,0.004545454545454408,0.004545454545454408,0.22850394117435543,6408.5,46637.99356777033,370,4789546,4409312,280041,463227,1204685,1285423,1181698,1180578,939114,746445,487416,733639,696592,0,0,0,0,0
204,000683,2018-03-02,-0.0034965034965034336,-0.0034965034965034336,0.06843412950679877,5680.0,137561.48931431223,1760,31503960,19400736,2229203,1484228,5753850,3745973,6265592,2161307,7470382,2267107,686042,1514436,1700848,324900,1410781,878085,5987262,7024700
205,000685,2018-03-02,0.0020661157024792765,0.0,0.33773420703141926,3879.0,44858.67270842286,821,8853836,6204141,846415,806222,3003095,1439709,1916947,1669413,1700788,1359753,213620,225544,0,703500,464160,0,708811,0
206,000686,2018-03-02,0.0024906600249068322,0.00498132004981322,0.22085625830843986,11255.0,108816.7692432229,1322,28550614,28557050,1645045,926414,5242076,5180923,5290776,4242512,4589801,4308350,2207543,2783573,1685584,1975063,854872,3568240,7034917,5571975
207,000687,2018-03-02,0.002004008016031955,0.0,0.34757398759768754,13951.0,61933.643989145836,824,15360938,13224271,603220,775928,3597016,4005046,3814375,3231724,2964461,2306620,2090318,1170848,2291548,317205,0,0,0,1416900
208,000688,2018-03-02,0.0,-0.0010309278350515427,0.3214218368788245,11652.0,84133.54172549657,910,22664374,10632649,1691394,352300,7272413,2289228,3784670,1048691,4308574,1627024,743496,1275219,978041,1359080,978728,893368,2907058,1787739
209,000690,2018-03-02,0.0037688442211054607,0.007537688442210921,0.24460768743826505,16100.0,131076.08648131054,1059,26548218,29958667,1399942,449389,5718040,3784689,5386929,3832025,5683787,4974056,3518144,2429489,934972,2317088,1379459,2284082,2526945,9887849
210,000691,2018-03-02,-0.061068702290076216,-0.061068702290076216,0.17233378514658215,14145.0,110195.6537867605,1452,19746993,41818865,486444,2137341,6845376,8180152,1333904,5882523,2761444,8145927,569620,3729238,1473210,4928600,2190106,1381579,4086889,7433505
211,000692,2018-03-02,0.002512562814070307,0.005025125628140614,0.21720228418832827,8020.0,46492.79315803919,335,4178854,3971196,173923,254212,1254165,1285947,777719,1293838,980364,301900,270675,835299,315587,0,406421,0,0,0
212,000695,2018-03-02,0.006521739130434856,0.009782608695652062,0.49550718668776256,9300.0,22155.584222203423,344,2734738,3233933,388669,323888,1661457,1827903,531822,886632,152790,195510,0,0,0,0,0,0,0,0
213,000697,2018-03-02,-0.012631578947368327,-0.012631578947368327,0.6180116428923803,11393.0,82245.27679129322,945,20527600,13839109,683577,1285123,3677830,3493244,4097942,2811499,5089975,2770634,3432436,943618,692749,316131,476905,870332,2376186,1348528
214,000698,2018-03-02,-0.0036363636363635488,0.0,0.2455854577999285,5520.0,59906.88879144328,501,7395891,6775274,323374,722339,1397776,1187298,1837140,1115321,1772763,1936861,1301303,505995,763535,326860,0,980600,0,0
215,000701,2018-03-02,-0.004842615012106477,-0.004842615012106477,0.243011223748283,6608.0,72106.69768183428,1156,19324769,11982412,1117940,1026317,3932286,3419925,3814976,2793803,3345216,2612487,706305,1134160,1307569,995720,963645,0,4136832,0
216,000702,2018-03-02,0.004815409309791185,0.006420545746388395,0.2081016020619059,12560.0,58951.39631244934,896,14816962,11191149,717172,869637,4204981,4018100,3122341,1811500,2981569,2242968,905973,943490,2033451,654204,0,0,851475,651250
217,000705,2018-03-02,0.012311901504788114,0.012311901504788114,0.36021068446479715,9672.0,31796.565116289356,411,5401615,3494754,493045,312546,2249544,1363661,1928726,587907,480920,978244,249380,252396,0,0,0,0,0,0
218,000707,2018-03-02,-0.0167464114832534,-0.011961722488038284,0.16249068897345098,4565.0,30836.73044669882,662,7065528,3452782,594778,844401,2274159,1721728,1585350,657874,1998011,228779,213310,0,399920,0,0,0,0,0
219,000708,2018-03-02,0.007239819004524861,0.0063348416289590315,0.40523488056151924,6696.0,48094.27573251034,743,10051050,6417103,1173068,724977,2549964,2305378,1929577,1398203,1712261,627624,1759730,704448,0,656473,926450,0,0,0
220,000709,2018-03-02,-0.012820512820512775,-0.012820512820512775,0.07805637781955087,15949.0,272067.46350482083,2513,126743410,81735577,1567989,1920168,10932773,9114976,12425143,8325059,14111097,11579249,8284574,5233803,10311211,4815223,9506313,4877632,59604310,35869467
221,000710,2018-03-02,0.056531531531531565,0.06846846846846844,1.0177267423518006,33180.0,136476.20126094547,1907,65514224,81072682,1769015,1084363,9691232,6786733,10378325,11481792,15505724,17216981,13976217,13113135,4102257,8220598,1710501,6673827,8380953,16495253
222,000711,2018-03-02,-0.012499999999999956,-0.014062500000000089,0.35928515527870847,19095.0,73648.39013516903,1270,31093728,27201235,483681,1427796,6141747,6366448,7108207,4500802,7953761,8065081,4681631,2515160,1312590,2402803,498525,1356442,2913586,566703
223,000712,2018-03-02,-0.008645533141210415,-0.00648414985590795,0.3686794495023631,8280.0,72760.35736908583,1418,24351577,20780981,1207020,1900406,4191085,5218226,3629092,3686032,6142620,4045652,3393115,1642894,640583,1985965,1289418,832020,3858644,1469786
224,000713,2018-03-02,0.04218749999999982,0.035937499999999956,0.1994415100234776,12890.0,49325.89450077037,1030,14795714,14012569,1154768,743517,4715694,4198419,4116955,3531968,2429673,3851737,1707232,0,671392,0,0,414874,0,1272054
225,000715,2018-03-02,0.0023724792408066353,0.0,0.4752685417982079,1695.0,24018.906857150658,314,1965951,1250225,259145,173861,802988,527548,562495,52700,341323,263448,0,232668,0,0,0,0,0,0
226,000716,2018-03-02,-0.0037878787878788955,-0.005681818181818232,0.22522643971674655,9975.0,40719.986398315,549,7828925,4302541,492539,539667,2739218,1755143,1291143,1341520,1302483,666211,1221654,0,361888,0,420000,0,0,0
227,000717,2018-03-02,-0.01935483870967747,-0.012903225806451535,0.1501315047278984,24832.0,236506.1426866551,2670,130853315,104761069,1992541,1414576,12408476,11377208,14070891,11399810,21568764,18495929,16029267,9461234,10915974,8233781,11988889,5655547,41878513,38722984
228,000718,2018-03-02,0.011848341232227444,0.011848341232227444,0.12619153747167153,10164.0,93706.75513366255,1120,17498043,21006686,1029613,796989,4914854,4918644,2785973,4099030,2888405,3789233,1722164,3231824,717240,673514,0,920501,3439794,2576951
229,000719,2018-03-02,-0.0011587485515645035,-0.0034762456546930665,0.3277235214516395,6055.0,34670.847889537894,693,6018782,4520022,522253,899953,2166440,2270875,1464212,724556,1203093,624638,0,0,0,0,0,0,662784,0
230,000720,2018-03-02,0.004683840749414525,0.00936768149882905,0.16583479462868111,8640.0,66465.31542938523,663,7833560,10661518,834509,560751,2586748,2397730,1842755,2415379,1686505,2062969,433156,280800,0,761385,449887,463968,0,1718536
231,000721,2018-03-02,-0.0040567951318457585,0.0020283975659229903,0.20586857165735112,2970.0,69346.32874036186,573,3820069,5082415,815305,448375,1629789,1252928,1034327,499768,340648,1056279,0,285615,0,0,0,0,0,1539450
232,000722,2018-03-02,0.021590909090908994,0.02840909090909083,0.28723810016737394,11040.0,59368.24292036044,939,13603707,16589711,857684,936162,3727656,4235407,3080026,4121937,2260469,3539128,1188913,1645260,1490165,762170,414594,1349647,584200,0
233,000723,2018-03-02,0.0048000000000001375,-0.011200000000000099,0.18148533986258483,5571.0,99454.84749499307,1186,22909164,10469363,1490678,1117987,4043886,2334863,3356027,2183267,5505218,1943806,1930901,780004,621500,995649,2271565,0,3689389,1113787
234,000725,2018-03-02,-0.005328596802841923,-0.005328596802841923,0.09432313209584207,154536.0,1163444.4582922047,3579,889043983,901628701,375108,435642,9523447,7702443,21858342,20647547,53290073,45462572,40205310,46511652,38718618,45424826,36096118,39055432,688976967,696388587
235,000726,2018-03-02,0.005741626794258492,0.001913875598086312,0.3900706435956085,7308.0,44876.058515744066,717,8192428,10138709,292252,1025559,2182280,1965135,1854721,5278968,2182364,1436418,706256,432629,338325,0,0,0,636230,0
236,000727,2018-03-02,0.008583690987124415,0.012875536480686511,0.054614595697529314,4446.0,125581.32018050809,1845,21596208,35901801,1205420,2027310,3966090,6363273,2573737,3220794,3133009,5621273,1491818,3810189,670847,1828980,1834427,1404265,6720860,11625717
237,000728,2018-03-02,-0.0094736842105263,0.0,0.22009043037319753,19220.0,106909.38586847723,1864,60367103,43118785,2208102,1229813,9023926,8836447,7884019,8887436,13969477,10242022,6872060,5731506,3834274,3289304,6569686,1352719,10005559,3549538
238,000729,2018-03-02,-0.002735978112175075,-0.004103967168262557,0.21475887376305128,7330.0,74553.27028288918,1159,20514833,16111421,1136485,1192414,4250097,4256699,2509287,3257103,3435136,2842819,2205018,1946025,1765792,1041612,1282131,455625,3930887,1119124
239,000731,2018-03-02,-0.007874015748031593,-0.007874015748031593,0.2700567570044069,13752.0,107717.2108790808,796,22261711,12760525,923143,525105,4149199,2583723,3438813,1453690,4358577,3146569,1210142,1428945,695490,1029226,471476,812059,7014871,1781208
240,000732,2018-03-02,-0.024059640799728887,-0.005083022704168161,0.5213213315888967,97317.0,477683.6854504007,3207,358995383,368660328,706479,784025,10705754,10020116,17737933,20258760,40998521,37202632,34442799,33728857,32558728,34586407,20321398,24528658,201523771,207550873
241,000733,2018-03-02,0.0031496062992126816,-0.0007874015748031704,0.31805890202690096,12780.0,82044.72253345267,1595,30010901,23728158,1399721,962291,7875511,6120492,6260051,4479918,7822581,3272796,3094166,2002454,387000,2244082,1347216,438185,1824655,4207940
242,000735,2018-03-02,0.01909307875894961,0.0,0.16205898079400502,32409.0,178235.54594122822,2681,117447523,111240803,1496539,1534109,11703261,12703093,16290625,13510662,23957615,22413115,14610262,10532635,10085266,11741579,10306116,10784287,28997839,28021323
243,000736,2018-03-02,0.013736263736263687,0.014835164835164782,0.5168929139884473,18600.0,86037.235922501,1242,24369423,27764513,940967,1085467,6854092,5552101,5588238,5616957,4621100,6389806,2705287,1781466,1727165,2825731,807294,1391833,1125280,3121152
244,000737,2018-03-02,0.0,0.004854368932038833,0.1368566841082287,8799.0,181724.02705882245,909,22390446,14947661,659537,999171,3583136,3608915,2585119,2176489,4239843,1823837,1831866,1230697,1080820,0,416069,0,7994056,5108552
245,000738,2018-03-02,0.006451612903225712,-0.006451612903225823,0.2687662575162575,54547.5,480200.30643622804,3332,264986398,221493285,1664773,789750,16870080,9904673,23354915,16908900,39037262,33020012,33468229,21402894,22384442,19225828,20752844,13113515,107453853,107127713
246,000739,2018-03-02,0.007393715341959428,0.009242144177449063,0.2231981176176024,9333.0,61769.55678664487,587,8325989,8211400,471501,537153,1814290,2927549,1522269,1285562,1382331,1292223,1825871,796560,399672,676440,910055,0,0,695913
247,000750,2018-03-02,-0.0021834061135370675,0.0021834061135370675,0.1309740636453331,4600.0,111481.9995458003,1225,22455943,15240690,1557882,804759,3859736,4944098,2896206,1934445,2380772,2070983,737251,1525599,307530,1438142,1806251,458000,8910315,2064664
248,000751,2018-03-02,-0.0020703933747411307,0.0020703933747412417,0.13468738944126618,7776.0,77094.44468492996,1288,22021884,17946603,1554540,1384668,4792754,4633165,3431289,2659438,3977439,2911085,1408958,2872461,2446218,385600,820229,958389,3590457,2141797
249,000752,2018-03-02,0.02645502645502651,0.019652305366591127,0.484462521540844,13430.0,61622.42556961488,745,9048096,12570502,595150,633266,3191698,4112903,2013441,2736918,1390049,1610019,950250,1230802,0,388994,907508,0,0,1857600
250,000753,2018-03-02,0.01479289940828421,0.01479289940828421,0.13385578377346785,10290.0,86710.50523823628,640,10325677,10822490,410246,768933,2186120,3118714,2070556,1530396,1947848,1853481,749805,770928,1380393,340000,465451,469350,1115258,1970688
251,000755,2018-03-02,-0.007680491551459223,-0.004608294930875445,0.3101003036875447,9107.0,107674.34611946113,440,8856407,4188457,445532,410483,1873350,1662254,1450543,543748,1539596,653572,292544,0,0,0,0,0,3254842,918400
252,000756,2018-03-02,0.04738154613466339,0.03990024937655856,0.28094264845791217,14772.0,68229.09223740303,1834,25378718,40565835,1470881,1217689,7552075,10589469,6719654,6415003,4913864,9057572,2664606,5664818,2057638,1406695,0,1258130,0,4956459
253,000758,2018-03-02,0.0161030595813203,0.0161030595813203,0.15024474352562928,12680.0,148828.73537009518,1711,43917494,48740274,2019431,1105152,7130158,6087443,4931979,5398959,6697640,9137841,6270368,4837411,2757629,4208592,899540,4012248,13210749,13952628
254,000759,2018-03-02,0.004968944099378758,0.004968944099378758,0.27474086150901506,9319.0,34175.24073259237,858,8602423,10556813,872986,1060504,2946277,4060610,2464243,3154397,1600803,1464992,718114,515362,0,300948,0,0,0,0
255,000761,2018-03-02,-0.007736943907156735,-0.007736943907156735,0.1382660536127095,10300.0,125559.58171689224,1400,45768005,24492200,917636,1181159,5555084,4027698,5164994,3459139,5596515,4147136,6121748,2843406,2796830,2313149,4093723,2689798,15521475,3830715
256,000762,2018-03-02,0.016788321167883202,0.016788321167883202,0.2959698152211118,22544.0,124706.53645914048,2144,57264692,71478225,1727510,1135897,11052772,9906151,10667125,10161482,14650453,13627963,8925690,6896497,5549992,8442072,0,5602557,4691150,15705606
257,000767,2018-03-02,0.0037878787878786735,0.011363636363636243,0.13483271410872275,5340.0,91337.72374061581,383,3950885,7426708,261602,396045,1088859,1162613,750996,929178,654671,630382,264000,2111119,0,0,0,0,930757,2197371
258,000768,2018-03-02,0.01603206412825653,0.015364061456245803,0.2900458807334046,31920.0,168209.96776945042,2668,104723289,117865180,1594673,732074,13650947,15385509,16861908,11774497,23711442,21182034,14700958,11828546,9734517,12742424,9230158,6664900,15238686,37555196
259,000776,2018-03-02,-0.004842615012106477,-0.003026634382566673,0.3270512830569115,33030.0,204129.994034364,2552,143508683,89668213,1445782,966082,16808982,8984590,16065373,12866040,27562802,19665761,12666792,14197798,10180751,6836930,7933020,5332294,50845181,20818718
260,000777,2018-03-02,-0.0014619883040934978,0.0014619883040936088,0.4723791232700828,10984.0,46235.42369540413,838,11026052,11651826,980630,875120,3457950,3250405,3070577,2696138,3047863,1983154,469032,1390563,0,1050334,0,406112,0,0
261,000778,2018-03-02,-0.0019455252918287869,-0.0019455252918287869,0.11674861710012795,10300.0,81392.46142560117,1943,41112507,28105941,1989123,1546628,7361008,7241900,7840348,4441578,8246395,5614419,4429696,3093415,2427202,1771106,2114380,1727398,6704355,2669497
262,000779,2018-03-02,0.006514657980456029,0.004885993485342022,0.6836195556925452,6190.0,34859.28594135183,322,2827593,2687999,297837,339727,865641,1116377,879195,546092,440520,229422,0,456381,344400,0,0,0,0,0
263,000780,2018-03-02,-0.0039215686274508554,0.0,0.22620107776899553,10240.0,166316.37769329044,508,13915396,8851183,317518,486393,2177062,2032738,1091133,1783239,1934475,830287,730660,0,672180,301665,464095,467456,6528273,2949405
264,000782,2018-03-02,0.05074626865671639,0.055223880597014885,0.20701254654123433,14140.0,64069.44993224652,1049,13736848,21835908,907556,864062,4449598,5144433,2609718,4259393,2338028,5558322,1016352,2231514,2415596,1775258,0,0,0,2002926
265,000783,2018-03-02,-0.004037685060565233,0.0,0.21335615358183563,9672.0,93346.92943422927,1213,25004188,16148691,2475110,915203,4754361,5029532,3793319,4793285,3488379,2203716,2398653,254766,380133,2015063,0,937126,7714233,0
266,000785,2018-03-02,0.0,0.0010834236186347823,0.41706689248086254,9340.0,45297.75771647198,489,5614393,4012191,620157,410452,2378513,2252922,1295063,312053,184800,408258,263692,0,0,0,872168,0,0,628506
267,000786,2018-03-02,-0.0004180602006689238,-0.0025083612040134318,0.45553118304228163,33544.0,179607.65601708088,2761,133567151,102188074,1286258,1518699,11265600,13408307,19517545,16982721,20103729,19074846,20869901,17271871,11863600,5015868,7140128,7695332,41520390,21220430
268,000788,2018-03-02,-0.015384615384615441,-0.015384615384615441,0.30215650797569926,7760.0,49835.26029770444,666,11376323,4293870,889741,396395,3483945,2259082,1583791,971503,2058818,666890,961351,0,1265413,0,0,0,1133264,0
269,000789,2018-03-02,-0.00551977920883151,-0.008279668813247487,0.21502927302815686,35673.0,192086.5915024397,2559,134869861,102868680,1240787,1295312,11456468,10463002,13305860,13651665,32422677,23905563,23031881,14246329,10843647,9664091,5868641,6990803,36699900,22651915
270,000790,2018-03-02,-0.014423076923076872,-0.0064102564102563875,0.30717590478170925,10393.0,57885.52683061246,412,6674348,4011014,329171,334945,1690823,1804526,1554833,597175,864043,550558,664158,723810,309000,0,0,0,1262320,0
271,000791,2018-03-02,0.022288261515601704,0.02526002971768193,0.1749337150230701,17287.5,83332.31698027383,1482,31847703,39182555,1103559,1231282,6240872,6687038,6021295,5791568,8710613,10816475,5791548,5260128,2434180,2749192,447528,1364199,1098108,5282673
272,000792,2018-03-02,0.009353078721745955,0.014809041309431059,0.24771887706101528,45815.0,274234.00336093066,2685,180316557,174173285,1333627,794416,11747164,10246700,15286416,15121588,30346081,26173330,21580627,19635142,18286813,15732805,11327704,11091797,70408125,75377507
273,000795,2018-03-02,0.07243816254416968,0.07597173144876312,0.10228663072826258,31300.0,369332.24808948877,3073,181078675,113172986,2274634,1175917,17769046,9366055,22654185,13100338,35344794,21799471,19512052,15721873,19051551,8924834,10626242,6187509,53846171,36896989
274,000797,2018-03-02,0.004376367614879584,0.002188183807439792,0.3360856031460342,6383.0,53394.41903716682,739,10272993,10250914,845247,571175,2224567,1964317,2581836,2646188,2412581,2649504,970822,1707840,334524,711890,903416,0,0,0
275,000798,2018-03-02,-0.05269058295964135,-0.04484304932735428,0.3297602752333311,8550.0,577471.5080020435,733,11696903,22087716,869277,776221,3221566,2408889,2183483,1101248,1659394,231009,792845,508566,328372,1040611,400056,0,2241910,16021172
276,000800,2018-03-02,0.02190476190476187,0.02285714285714291,0.26044981965591335,30363.0,188075.66609492365,1626,66395015,84905420,815510,698105,7200648,7086825,7059272,8252770,14187485,13351469,7839121,8813967,6286362,7118223,4953558,4807938,18053059,34776123
277,000801,2018-03-02,0.040000000000000036,-0.0033333333333332993,0.15413245340031587,9007.5,110716.95069423039,1518,36754830,25787329,1495454,1189481,5787398,4732849,5291684,3240794,6311064,5851463,2569390,2730600,3694632,1714468,2175625,1387237,9429583,4940437
278,000802,2018-03-02,0.02561912894961571,0.01707941929974366,0.3542895207810719,10624.5,59211.791125465905,1092,13915033,16292385,1200030,764006,4589039,4596929,3085309,2669302,3279308,2969004,736211,2587398,1025136,987244,0,0,0,1718502
279,000803,2018-03-02,-0.00437530384054452,0.001458434613514914,2.1117949708943367,8178.0,18822.7437781213,94,418755,835514,83818,98634,193074,486097,141863,250783,0,0,0,0,0,0,0,0,0,0
280,000806,2018-03-02,-0.030791788856304958,-0.02052785923753675,0.14409765144809275,19546.0,144930.26391495674,2244,72112878,52336004,1619723,1458090,13004269,9028053,10867955,9937794,14845048,11462493,6103621,8065227,6028436,1765478,1839234,1695190,17804592,8923679
281,000807,2018-03-02,0.003597122302158251,0.011990407673860837,0.15662541407213332,44200.0,282454.7128034314,2840,181530780,187411061,1518336,1259372,11594833,11881986,17632844,16769234,30063681,26589465,23887211,17325912,16888879,13625356,12506917,15996285,67438079,83963451
282,000809,2018-03-02,0.0,0.00591715976331364,0.19619820667853066,10320.0,92166.10679536103,296,6798024,4600339,267003,246056,1152535,1125622,1234112,900785,1130923,949773,707576,736100,0,642003,0,0,2305875,0
283,000810,2018-03-02,0.0076687116564417845,0.00920245398773023,0.25544002116620673,7944.0,31286.59356354296,651,6990572,5939081,633366,698121,3033414,2447590,2338827,950664,769847,1483360,215118,0,0,359346,0,0,0,0
284,000811,2018-03-02,0.016260162601626105,0.02168021680216814,0.2837426849147015,9646.0,61279.045928251006,676,7834746,13012667,687913,788391,2550530,2752948,1925584,2024927,1297570,2540550,242250,2736847,695087,664946,435812,422624,0,1081434
285,000813,2018-03-02,0.0011990407673860837,-0.003597122302158251,0.31220081807420963,4170.0,116171.95135943705,713,12619412,8480089,353152,838303,1680683,2492907,1315034,1684977,3124879,2022175,764034,903609,0,0,0,0,5381630,538118
286,000815,2018-03-02,-0.03523238380809601,-0.029235382308845592,0.30800531624586075,22321.0,202290.43048514816,1881,74014886,57434137,829673,1605966,6315500,10953466,6448127,9809181,11542948,11697681,7155997,4873957,7866236,1712578,7033233,2991532,26823172,13789776
287,000816,2018-03-02,0.0714285714285714,0.09693877551020402,0.06665184600709599,69125.0,448541.57923893316,3497,269702691,409751104,1067908,971450,13548385,12789147,22654971,20062538,41917916,42238654,30831237,24989156,19845832,30462224,23380910,31321744,116455532,246916191
288,000818,2018-03-02,-0.005681818181818232,-0.004870129870129913,0.4006869027172292,12330.0,60085.65208319645,945,17927420,10943624,887506,734447,4247818,3618805,3366871,2045702,4119953,2616748,2313299,475245,1460628,342333,982765,477096,548580,633248
289,000819,2018-03-02,-0.013265306122449028,-0.02959183673469401,0.3900749080623549,9540.0,62163.70754515099,631,9898854,7921729,664126,621779,3135418,1921375,1348042,1085743,2461728,1364474,508222,1164965,399420,1078905,1381898,0,0,684488
290,000821,2018-03-02,-0.0040290088638195165,0.00725221595487513,0.29339432810136545,25240.0,144531.65815551148,1793,62773581,57176053,1058799,951360,9811726,7073237,12446643,6695735,9408501,9911045,7290788,5223272,4491034,4774086,5265834,5046591,13000256,17500727
291,000822,2018-03-02,0.006952491309385689,0.0034762456546928444,0.1842218000590704,13110.0,100021.33735456053,2197,56510212,46669865,2021506,1734574,9191525,8402201,8747852,8784762,11316623,9967167,6666455,5461404,5623956,3195670,2609004,1871376,10333291,7252711
292,000823,2018-03-02,0.007976071784645988,0.0,0.2029268375898732,23540.5,158824.9619453808,2446,95797543,88131148,1271434,1147266,11758902,10858783,12932501,10450394,18355476,15663752,12517980,10895423,9765560,5927036,4488531,4358946,24707159,28829548
293,000825,2018-03-02,-0.02470930232558144,-0.018895348837209336,0.12047224597767472,67419.0,577663.6017105076,3272,417592426,329415474,1312650,959222,12206053,11807261,18589118,17292840,32139367,32498300,28921790,29232780,28646471,25194497,24115970,24841856,271661007,187588718
294,000826,2018-03-02,0.0065404475043029375,0.00447504302925994,0.6860036930834547,23200.0,126046.07368748519,1793,67223313,49353024,1348954,1214138,8648390,8464324,8006460,7701580,13633568,11048473,7470867,7946795,7885359,5113069,3232418,2650868,16997297,5213777
295,000828,2018-03-02,0.009661835748792313,0.011594202898550732,0.5195007304645182,9337.5,40105.38124994131,396,4338783,5214826,329472,294549,1389085,1334169,1097345,867777,875569,1966905,647312,751426,0,0,0,0,0,0
296,000829,2018-03-02,0.02447552447552437,0.004662004662004504,0.2756269117887821,15480.0,73952.02497111047,969,18457437,21504391,866368,898729,4497264,4743275,3808703,4517941,4063126,3714632,3001326,3964114,1784150,616650,436500,1351426,0,1697624
297,000830,2018-03-02,0.00444642063139189,0.019119608714984526,0.38059011931163483,166352.0,627488.5162839688,3495,569517292,650530472,487636,456993,8413552,8264967,17870366,17495863,43719601,45382068,43633979,53401968,42262491,42885600,35915108,43465952,377214559,439177061
298,000831,2018-03-02,0.019811320754717032,0.02169811320754711,0.23453076428759193,26775.0,139709.2902713594,2046,76593948,79557646,984152,1106128,9863241,9907344,9280449,10937212,13101033,13852893,12004371,9809439,5162580,6868798,8342096,6095578,17856026,20980254
299,000833,2018-03-02,0.0016233766233766378,0.0032467532467532756,0.27921559296641374,6220.0,30929.067980395674,486,4953023,4233260,466707,727305,1637081,1580636,1394717,955098,1242343,970221,212175,0,0,0,0,0,0,0
300,000835,2018-03-02,-0.002666666666666595,-0.005333333333333301,0.36826980187030117,8958.0,47111.911180117386,414,6257071,3862292,428858,484674,1283408,1879105,1658097,626757,1620718,618116,682618,253640,0,0,0,0,583372,0
301,000836,2018-03-02,-0.01526717557251911,-0.009541984732824416,0.1083305219843734,19869.0,133030.09302717098,2347,78763201,58603214,1548910,1507405,11217993,9327585,13931584,10395370,13784196,11804821,10950424,5859884,5446342,5202580,3535196,2198524,18348556,12307045
302,000837,2018-03-02,0.041970802919707895,0.025547445255474477,0.13557407573683725,17100.0,77595.10278838399,1640,36477188,36066462,1156647,1142479,7589897,7039730,7504492,7018022,9438227,8854654,3820929,4433214,2442659,3824732,3100905,417316,1423432,3336315
303,000838,2018-03-02,-0.0057581573896353655,-0.0019193857965450478,0.17622685928193935,6288.0,36566.38791666334,874,10211703,5975232,1042603,824267,3091775,2599296,2568462,1602032,1939068,645957,666779,0,380016,303680,0,0,523000,0
304,000839,2018-03-02,0.0025673940949935137,0.0,0.15829435666538993,21980.0,150955.99799785294,2425,90273539,74064866,1975940,1591071,12398330,9455528,12799282,10459848,19638846,14189047,10287153,7722618,6726364,5266749,7101905,4736165,19345719,20643840
305,000848,2018-03-02,-0.015086206896551602,-0.014008620689655027,0.22522046974004797,5490.0,53854.47802155461,1698,23148378,11682256,3504718,866669,7343400,4171790,3099725,2007420,3648460,1647248,1114634,1024055,757399,1439826,1281187,0,2398855,525248
306,000850,2018-03-02,0.004761904761904745,0.004761904761904745,0.20929578974683732,2520.0,57888.02619611419,402,4593343,4246223,202506,360504,1094156,1005924,871377,839978,1050528,714737,211000,0,699576,348150,464200,976930,0,0
307,000851,2018-03-02,0.010322580645161228,0.001290322580645098,0.22184706299190463,18720.0,96393.2749870938,1221,33690959,28128921,987503,902568,5891241,5615002,6252792,5405049,7317247,6586078,3988969,4110265,3602416,650530,1712934,873507,3937857,3985922
308,000852,2018-03-02,-0.01207729468599028,-0.007246376811594013,0.2176705794871279,15608.5,80279.05808539923,1448,31166966,24510555,1181093,1579292,6770675,7279753,6036624,5079123,7035693,5454826,2940576,1393447,1671039,1294874,1662307,1868096,3868959,561144
309,000856,2018-03-02,0.03188565145684441,0.015942825728422205,0.37758168114896656,26068.0,104192.92865072958,2322,65923079,69907056,1524614,1395233,12833073,12069876,11758235,13288558,16506836,17444154,9370916,7372933,4793971,4818358,1770022,5424776,7365412,8093168
310,000858,2018-03-02,-0.005149051490514811,0.0013550135501356753,1.2468836536535268,184962.5,789530.1228934971,3504,786755140,677850607,384315,192549,7421888,5017017,21050831,15553082,57840758,36818567,45447459,43651038,50832460,39446278,45447625,34878212,558329804,502293864
311,000859,2018-03-02,0.013404825737265424,0.01072386058981234,0.16289002603638417,10233.0,58680.10903206331,524,7011515,8000080,509173,432708,2678673,2111459,1082090,896694,1789355,1505789,488547,1025480,0,1095472,463677,410508,0,521970
312,000860,2018-03-02,0.0031266284523188137,0.004689942678478332,0.5315582741833268,17478.0,109091.92239376772,1303,30561828,34596267,1246479,958831,5944863,5928034,5233127,5087843,5594548,5889223,3177967,4316685,1663188,3861208,402730,879530,7298926,7674913
313,000861,2018-03-02,-0.003424657534246478,-0.006849315068493178,0.11866085928013932,2040.5,52266.88189453635,606,5800962,3821680,271659,599153,1387605,1281447,767854,340277,512866,642540,1541295,655332,0,302931,0,0,1319683,0
314,000862,2018-03-02,-0.005102040816326481,-0.007653061224489721,0.18073905041760582,7800.0,72985.01641655601,470,9335798,4589990,412415,521588,1396417,1901642,1086490,902160,2125897,751672,1461253,0,965462,0,455124,0,1432740,512928
315,000863,2018-03-02,-0.0119999999999999,-0.010000000000000009,0.23539545785351298,4950.0,45764.17618050276,451,4284177,2934762,248345,597885,1521932,1193637,912034,582653,608866,232405,249000,0,0,328182,0,0,744000,0
316,000868,2018-03-02,0.0546875,0.07031249999999978,0.12095586325019184,33000.0,256254.0942293533,2810,135412899,184771334,1355974,1869733,11526897,12776830,13318560,16751753,19183265,24008270,13393076,16412859,13619017,14696026,7945144,14632301,55070966,83623562
317,000869,2018-03-02,-0.006426376082704577,-0.0053087454596255634,1.5058403486679035,14302.0,59218.105544349484,564,12597641,5722060,503936,385674,3836450,2234549,2174882,1087369,2637081,1065892,641515,489568,1360794,0,893819,459008,549164,0
318,000875,2018-03-02,0.006191950464396356,0.006191950464396356,0.11125408129035097,8788.5,76974.1845163285,844,11606877,15992905,618625,1005896,2526107,3524264,1460445,2355752,2897474,3925116,1355462,2392752,326000,707420,0,853190,2422764,1228515
319,000876,2018-03-02,-0.002631578947368318,-0.002631578947368318,0.19064515409387844,15844.5,197404.41141185912,1590,60108120,50938233,1412320,1100666,7453379,5924492,6693881,5228908,8154878,3632515,7695504,5099422,8042036,3588689,2726961,2673190,17929161,23690351
320,000877,2018-03-02,0.020618556701031077,0.021555763823805085,0.2248502304093608,24699.5,243324.64062212917,2254,109065659,104888312,1220195,1204291,11097521,10637309,10616415,9646005,15709121,13885432,11729375,8636101,10154436,7535810,7546504,7676031,40992092,45667333
321,000878,2018-03-02,-0.003207698476343279,-0.000801924619085792,0.29411189932937976,26166.0,137393.59832188606,1798,56381773,56754474,1153778,1318134,7702833,9620233,14312160,10087170,10167070,12283611,5072392,6852046,5919046,3596008,2171894,3170683,9882600,9826589
322,000880,2018-03-02,0.015891032917139558,0.020431328036322416,0.5402987241194958,4450.0,39055.96859650016,265,1599473,2412371,196018,329296,811553,598175,591902,730520,0,0,0,270000,0,0,0,484380,0,0
323,000881,2018-03-02,-0.024793388429751984,-0.02148760330578514,0.43510574371312744,12010.0,100908.96799214366,773,17579050,9624960,661578,628582,4038107,3916526,2567805,1647377,3462175,1526208,1661744,718047,1067060,0,1283622,0,2836959,1188220
324,000882,2018-03-02,0.006153846153846176,0.027692307692307683,0.06139760147060085,22890.0,286968.5369267043,2833,99487130,130466520,1997360,1600946,13236450,10683046,15053544,12362428,20999160,18550998,12717168,14368050,8447447,11662071,4582904,8627837,22453097,52611144
325,000883,2018-03-02,0.0,0.0,0.1421209507567833,2270.0,60904.144028158604,1026,13432748,7163281,1412605,410008,2445517,1230928,2520560,967656,2070692,1835815,1926975,1524844,0,363200,1285651,0,1770748,830830
326,000885,2018-03-02,-0.0182648401826484,-0.016307893020221842,0.30632625781678324,24112.0,112413.49842583045,2506,90499229,60149481,923498,1548594,17685458,12511656,11733114,10031960,19416750,14968175,11857359,5589043,7345155,4178342,4063046,1779840,17474849,9541871
327,000886,2018-03-02,-0.003159557661927437,-0.006319115323854652,0.13724932013365113,12600.0,160694.8802419,2134,68319281,54585573,1664247,2296333,7483883,7030294,7868042,8963008,11294997,11723928,8153388,5561644,3814916,3017407,4957369,4027632,23082439,11965327
328,000887,2018-03-02,0.0018072289156625398,-0.0036144578313254128,0.48607449893313964,16700.0,98731.22526198138,1166,30433385,25693187,827946,1226511,5879314,5409562,5213535,4504710,6977236,4042695,2243600,2645892,2087172,1694259,1852130,1827531,5352452,4342027
329,000888,2018-03-02,0.02556818181818188,0.035037878787878673,0.25417865634007575,12912.0,104914.80274345748,1727,24261287,37328889,1076341,1236445,7290705,8361308,6398092,5431393,3712525,4681745,2071129,3381891,657248,1831280,818354,933314,2236893,11471513
330,000889,2018-03-02,-0.021521906225979937,-0.016141429669484952,0.5588197766384233,8977.5,149085.9838382435,542,14949047,10904811,268261,667322,1356152,2086330,1386459,2265534,1156932,2233150,1231390,435224,2189462,333056,953360,0,6407031,2884195
331,000890,2018-03-02,-0.009448818897637712,-0.006299212598425252,0.34806942592666057,1902.0,22812.15201202222,332,1927732,1253544,305088,276435,940087,427720,409137,260456,0,288933,273420,0,0,0,0,0,0,0
332,000892,2018-03-02,0.02146464646464641,0.026515151515151603,0.3000831618203948,12195.0,93167.16272529183,696,8812236,15892850,645003,747193,3427366,2799420,2089574,2772551,1352075,3303858,959818,1418712,338400,1417752,0,865614,0,2567750
333,000893,2018-03-02,-0.009242144177449174,-0.005545286506469571,0.15388039549132693,11445.0,136055.9100111563,1238,30655392,23309524,1181236,873710,5275053,4141576,4621811,3637277,4568562,4375671,2554029,2382363,1037090,2463565,470732,1761094,10946879,3674268
334,000895,2018-03-02,0.017981651376146823,0.012844036697247763,0.5651359283261901,21904.0,127640.21790820226,2327,61184543,67853179,2498894,1000538,12160356,10787583,10073219,9553238,12569581,9127889,6239571,10194612,3982865,5337459,3321335,4596220,10338722,17255640
335,000897,2018-03-02,0.0030864197530864335,0.0,0.13133745853991816,4875.0,63769.99410818238,609,8461418,5573843,655935,503231,1921520,1653596,1236620,1511802,431206,958952,1817201,567450,1402158,378812,0,0,996778,0
336,000898,2018-03-02,0.0028985507246375164,-0.0028985507246377384,0.1302631712061832,21483.0,263233.8233724481,2813,149657781,142511351,992616,2104781,10551280,11341222,8660861,12913079,14291046,24586165,18153509,16026340,23881249,18489444,6312702,8531392,66814518,48518928
337,000899,2018-03-02,0.002020202020202033,0.0,0.24484911746999669,2480.0,46193.43320948917,408,4101743,4146989,309675,324864,827982,1230371,794592,1089764,1215638,748122,253894,753868,699962,0,0,0,0,0
338,000901,2018-03-02,-0.0019900497512439497,0.0014925373134326847,0.4650224170193249,20260.0,109323.03300907636,1869,56644460,41490351,1388330,684527,9576903,9319260,8551567,6432003,12370955,8596963,4967999,6519976,3443790,1580098,4390674,2958630,11954242,5398894
339,000902,2018-03-02,0.007928642220019766,0.007928642220019766,0.26647815883657816,7083.0,61184.870094239675,1435,15553772,21430991,1885051,1367548,4188808,4486345,2958151,4106011,2918046,4509166,788636,2608557,1275472,1708613,0,907537,1539608,1737214
340,000903,2018-03-02,0.0,-0.0032573289902279035,0.1432626364637198,6140.0,54850.080864887546,459,6848435,4099880,416173,525407,1247731,1588666,1814682,1017398,1654490,414649,0,246760,967189,307000,0,0,748170,0
341,000905,2018-03-02,0.014749262536873253,0.0068829891838742,0.3714867527683048,13195.0,76561.19556970843,749,12896132,15917652,524882,501953,3389041,3305264,2223844,2723737,2631149,2331302,2464292,2476412,759664,1354041,903260,1704700,0,1520243
342,000906,2018-03-02,0.02213541666666674,0.01171875,0.30629999867152113,11632.5,89081.5744374402,628,12669732,8469993,760779,486667,3017263,2171917,3221659,1683361,2870855,1831584,464400,228808,0,308800,0,0,2334776,1758856
343,000908,2018-03-02,-0.0037105751391465214,-0.0055658627087197265,0.22810624945928434,3496.0,34001.0821313516,558,4482266,3131732,380193,618501,1392687,1013161,1130398,205210,1578988,572098,0,267386,0,0,0,455376,0,0
344,000909,2018-03-02,-0.013104838709677491,-0.006048387096774244,0.4190303295608049,10045.0,48989.11385574578,560,8464679,6058488,569833,780000,2808350,2111412,2429940,904129,1293417,1099957,581911,208582,781228,0,0,954408,0,0
345,000910,2018-03-02,-0.018779342723004744,-0.003755868544600971,0.5474767683085917,8496.0,58823.51610193295,1515,23120745,13128108,2103028,743570,7435990,4255284,3359801,2047226,3147945,2292481,2539696,2614634,1377854,302460,1276160,872453,1880271,0
346,000913,2018-03-02,0.0011312217194570096,0.010180995475113086,0.49226890603956247,17880.0,72498.81691913489,1291,28248804,27415266,852135,990035,6311127,6351394,5981829,6697048,5458087,5810511,6107474,3581399,1724553,1776974,420401,837655,1393198,1370250
347,000915,2018-03-02,0.003292181069958877,0.0037037037037037646,0.5897748482746314,19788.0,114336.97752021952,1698,50614001,38300080,1783972,880268,9860854,7357625,8025582,6517883,9720644,7582884,5920320,3455890,3842708,5256851,3700106,0,7759815,7248679
348,000917,2018-03-02,0.04881266490765168,0.02110817941952514,0.16855818314961396,22860.0,239074.148986591,2026,88148953,101267852,1677264,1391254,8386458,8813281,7332282,9700872,13742920,12035547,8931282,9374509,9249231,14404790,7538757,7891724,31290759,37655875
349,000918,2018-03-02,0.0,0.0,0.2618107468672837,8196.0,56698.99547658092,682,11177606,6588944,736539,652880,1905427,2392699,2282320,1503732,2213076,1080458,1239733,500325,1323050,0,921322,458850,556139,0
350,000919,2018-03-02,0.0012300123001229846,0.0036900369003689537,0.36849653552316797,8555.5,55357.75166950797,486,8271316,5534620,368674,595445,1340015,2163776,1722236,1209573,1954884,1090932,1308181,474894,767326,0,810000,0,0,0
351,000921,2018-03-02,0.016781083142639153,0.01449275362318847,0.3110365843350839,13250.0,90088.89890530195,1777,29664854,43521472,1183106,1611582,8498001,7359066,6373839,6641484,5275360,17436131,2472804,3430416,1322286,1456221,0,413852,4539458,5172720
352,000922,2018-03-02,0.03639240506329111,0.014240506329114,0.2641229968081287,15713.0,58254.052335321816,572,10646529,7734956,434709,389992,2914643,2867930,2336767,1878339,2388621,1245882,1055219,897773,756720,0,0,455040,759850,0
353,000923,2018-03-02,0.0,0.0004716981132075748,0.6256674709846449,12771.0,58291.49371252582,1148,21240116,16028841,817352,854484,5505834,5110164,3867913,4346006,3890946,3428146,2405783,1912125,3085388,377916,886200,0,780700,0
354,000925,2018-03-02,0.012313104661389573,0.014951627088830355,0.38018369291244003,8007.5,49195.63808678627,894,12714484,8791218,970259,998487,2941349,2796585,2562391,1912829,3870869,1589762,1220066,768564,0,724991,0,0,1149550,0
355,000926,2018-03-02,-0.0019047619047618536,0.0019047619047618536,0.2763986110567728,5250.0,98332.02579521123,1443,28649916,24246159,1204482,1231740,3408218,3461567,4250145,3116910,5356801,3704778,3327674,2828720,3458800,3742960,1785211,2673882,5858585,3485602
356,000927,2018-03-02,0.01703163017031617,0.01703163017031617,0.14262526635895909,10450.0,89029.57099279098,831,15670500,21527239,540813,894081,2252768,3538857,3060604,2599277,3003721,5892285,3474191,2818015,941548,1965207,846227,1791442,1550628,2028075
357,000928,2018-03-02,0.014827018121911006,0.009884678747940523,0.1868995778849223,8610.0,56192.50535198239,1055,13924537,16665437,916342,912983,4402575,3499119,2869324,3562735,2838775,3286601,2165656,3229675,731865,1022697,0,0,0,1151627
358,000929,2018-03-02,-0.009546539379474916,0.0,0.3115762603236886,8380.0,53781.72797132583,723,11195536,7366197,811848,524136,2894185,2576703,1907088,1564035,2894466,1137075,1195508,234915,1012841,343169,479600,418000,0,568164
359,000931,2018-03-02,-0.007633587786259555,-0.004580152671755711,0.3365414611765435,10456.0,51474.23419024362,378,6074606,3914201,367624,314467,1656802,1682973,1224449,726160,917938,735759,943908,454842,0,0,462267,0,501618,0
360,000932,2018-03-02,0.0018993352326686086,-0.0018993352326684976,0.1935768796977144,51719.5,447418.37263816927,2964,249993341,222489717,1173934,1094631,10604007,13418626,15720632,15622896,35656492,36836164,25137202,21943595,17856808,14460781,9026086,10416123,134818180,108696901
361,000933,2018-03-02,0.0025673940949935137,0.005134788189987249,0.14774892859976002,32308.0,190282.95807155623,2787,138418410,102096411,1996928,1166300,16710450,9464215,18800849,12497311,30406702,20904950,14314871,13844390,12255839,6862871,7350353,6924490,36582418,30431884
362,000935,2018-03-02,0.04156626506024086,0.016867469879517927,0.3587710653201441,21385.0,88918.08392031882,2143,52819158,53327696,1575091,1471268,11799272,10595143,10775291,9854596,12399359,11344901,7297219,5372468,3883794,6021812,1287463,2264664,3801669,6402844
363,000936,2018-03-02,0.11616954474097341,0.11616954474097341,0.15609363732220774,19335.0,213822.79090547696,1668,90785432,29761639,1704526,621111,11890841,3397400,10949071,3221990,15731675,4797259,10130192,2467817,5753080,1984907,4453704,844364,30172343,12426791
364,000937,2018-03-02,0.019784172661870603,0.021582733812949728,0.1358414672776728,9221.0,123687.93205804838,1678,39054989,40435679,1067806,1724865,4841793,5396223,5177304,5688964,5152067,6641584,7979026,3353401,3610049,3806103,2565034,3207429,8661910,10617110
365,000938,2018-03-02,-0.004747774480712286,-0.01572700296735907,1.2980935718099633,73810.0,686442.3341887072,2698,319989462,293661292,890068,804427,9225949,10163672,13482111,16495973,25699992,34653556,16858430,29268418,20671188,23631424,18344375,14277345,214817349,164366477
366,000949,2018-03-02,0.007653061224489832,0.012755102040816313,0.2189295490812912,8690.0,68681.8264953849,320,3386718,6486928,370652,266823,1251661,1277735,471681,717870,398160,1706905,0,845074,316404,679896,0,476525,578160,516100
367,000951,2018-03-02,-0.007653061224489721,-0.0063775510204081565,0.3953532329776762,9366.0,68050.31867836989,1575,21921053,14795866,2489203,1312940,6524678,3862400,3434222,2864846,2511508,2339422,1171541,1023367,3107138,1346175,480788,459900,2201975,1586816
368,000952,2018-03-02,0.004555808656036442,-0.0007593014426727773,0.6367040664111042,13080.0,101161.02525734653,427,4231595,7592849,320945,372013,1956013,2120614,999855,1104561,428382,1679321,526400,0,0,343470,0,0,0,1972870
369,000953,2018-03-02,-0.02258469259723961,-0.016311166875784155,0.19343588021208763,13974.0,71269.58672608163,1701,33562067,29947613,1524970,1730558,7785611,7417871,7941945,5258348,7235504,6752575,3114998,3989160,2487681,1947214,2219208,0,1252150,2851887
370,000955,2018-03-02,-0.008571428571428563,-0.014285714285714235,0.20720729063414928,5544.0,68357.33096821219,1143,17910778,14056065,852438,1276161,3017790,2906671,3297543,2847124,1858010,3646232,3373857,1661019,2115215,668243,833400,0,2562525,1050615
371,000957,2018-03-02,0.020518358531317338,0.02807775377969768,0.27260198213278614,18660.0,96168.21747733702,1154,29984338,33218513,991909,889004,4956878,4505460,5223819,4519270,6886270,8226832,5693661,5322977,1016400,4002415,3468503,3149003,1746898,2603552
372,000958,2018-03-02,0.013274336283185972,0.01106194690265494,0.13262266898537897,9160.0,69067.84679291904,1163,18015691,18149134,1168978,1138614,4715559,5217370,2526079,3069059,3375457,2497838,1680523,3060977,1328757,1729932,1372230,0,1848108,1435344
373,000959,2018-03-02,-0.02443280977312401,-0.017452006980802848,0.13941015240040355,5085.0,52312.09235512538,1693,23632564,14283379,1630688,987949,5883345,4861361,3337051,2736247,4340037,2219798,5883065,1247873,1685623,968315,872755,462672,0,799164
374,000960,2018-03-02,-0.021917808219178103,-0.004109589041095929,0.2970284090038868,48918.5,321949.8087793147,2418,197476239,150461873,1011211,807655,10035841,9460683,12903785,13068084,24473599,23995039,17618039,21747952,20385759,15766650,12906168,11800139,98141837,53815671
375,000961,2018-03-02,0.03481894150417819,0.029247910863509752,0.14550267394050492,27360.0,249298.0234910117,2445,95678263,110034535,2106278,721023,12220745,5270645,13680800,16145850,19430042,25097702,9526305,10444097,9290746,6036820,5349136,6047071,24074211,40271327
376,000962,2018-03-02,0.0029673590504450953,0.007418397626112627,0.2912118543858731,8196.0,31515.708896491622,535,4919810,5686357,533671,526112,2467922,2070492,1220528,915006,697689,1350247,0,824500,0,0,0,0,0,0
377,000963,2018-03-02,0.004770318021201314,0.0037102473498233923,1.3893237601634363,22540.0,159489.3119764102,1661,49239302,55750374,1375124,975234,7189544,7399860,6620983,6807489,12000197,11307410,4138547,10135602,2764589,3099225,2696198,2580390,12454120,13445164
378,000965,2018-03-02,0.0018450184501843658,0.0018450184501843658,0.19257056817150256,7651.0,73232.70594255628,792,12192276,11347286,559270,828639,2727643,2573119,1962730,1799237,2436038,2305221,1012714,947453,984135,1023760,1338026,867017,1171720,1002840
379,000966,2018-03-02,0.042813455657492394,0.039755351681957096,0.0944207029681704,10290.0,62762.644147236315,1206,18122264,20462674,841717,1120050,4440572,5791013,3087215,4191980,4194462,4187329,1651947,2133054,2052881,943068,1280278,1392686,573192,703494
380,000967,2018-03-02,-0.011166253101737023,-0.008684863523573227,0.28242211502455233,8000.0,68234.33271429525,814,11807494,11767589,318732,1351757,1661607,3663232,1296782,2664378,2711412,1888563,1658197,892627,1394794,678327,959400,0,1806570,628705
381,000968,2018-03-02,0.02303120356612176,0.026745913818722045,0.3507484010338589,6982.5,53299.5619923661,1474,17119397,16631350,2323388,1272483,6147919,3685713,3845420,3240264,3210571,2895506,1055865,1714752,0,1736097,0,456875,536234,1629660
382,000969,2018-03-02,0.03350515463917514,0.03350515463917514,0.18595519713649944,14202.0,106655.46451109542,1745,39282703,43229005,1604832,1346640,7271449,6646348,7587331,6583118,8039085,8964952,5009038,4304349,1762462,3089642,3428223,2598697,4580283,9695259
383,000970,2018-03-02,0.020139426800929394,0.022463206816421222,0.22420066680860662,99207.0,1549954.3605106967,3324,639383282,501390534,789227,759666,12287958,9145861,20891439,16285064,39544123,32375925,39454011,29060709,32843060,27121687,30386692,22756417,463186772,363885205
384,000971,2018-03-02,-0.017470881863560606,-0.014143094841930104,0.343707221442456,13057.0,52952.11406487286,1223,22031151,14589941,965867,1129953,7247104,4965896,4406816,2941001,4654505,2471833,2358738,1058867,971610,1016406,911999,495224,514512,510761
385,000972,2018-03-02,0.002732240437158362,0.002732240437158362,0.15939605129037834,9963.0,57769.25193683381,527,9582437,5808275,474688,498910,2113437,2080036,1814208,1323993,2225684,1346209,1035802,0,1402018,0,0,0,516600,559127
386,000973,2018-03-02,-0.005791505791505669,-0.0019305019305019266,0.15336875270703715,10400.0,69617.59378879167,1142,20954944,17091291,1078696,849063,4296934,4052153,3973217,4372461,3777415,5606956,2661488,484704,1274594,304584,899808,0,2992792,1421370
387,000975,2018-03-02,-0.013440860215053863,-0.011424731182795744,0.44048441160035207,8832.0,96311.77616037162,1141,21540434,14942965,1730239,825126,5599297,3173073,3669706,1811566,3272809,2707303,1302114,1004360,372669,1355262,2251820,455775,3341780,3610500
388,000976,2018-03-02,0.03980099502487566,0.013681592039801238,0.29386348613662744,9780.0,193188.97650475276,748,14017584,22776136,297005,963179,945183,4523358,1353484,3529785,1753538,3555784,1538964,1919534,0,2149096,1792428,439291,6336982,5696109
389,000977,2018-03-02,-0.051618958235570056,-0.03801032379164704,0.36837603867571467,154350.0,1960603.603747338,3355,865856975,881334531,593529,461517,8357573,7122715,14986379,15610268,34326304,37014617,35515465,35807524,27856375,31978206,31119735,30441410,713101615,722898274
390,000978,2018-03-02,0.0012836970474967568,0.0038510911424904926,0.39912625832323095,11707.5,43469.634203853915,380,6909492,4754556,391094,417008,1657324,1674505,2522180,734088,1883286,1434260,455608,494695,0,0,0,0,0,0
391,000979,2018-03-02,0.0,0.0,0.03564583758443988,5406.0,145890.79713686623,2030,40600240,19351886,2200975,1516087,7391476,4979536,4121790,2088935,4944422,2500517,3193953,1576746,1659704,1943011,2255033,1318905,14832887,3428149
392,000980,2018-03-02,0.012487992315081575,0.016330451488952846,0.24550135715850493,13584.0,92410.9870176078,1799,33994968,49740700,1218747,1276767,6584452,7441894,5931085,9068051,8023008,13049046,4007941,6010641,3061934,4873058,1317724,2239103,3850077,5782140
393,000981,2018-03-02,-0.0011961722488037507,0.0023923444976077235,0.3963852347937175,5869.5,47594.98270973342,444,5123765,3067616,571114,472067,1363147,1028417,901878,847245,760825,157732,533469,226555,0,335600,419000,0,574332,0
394,000982,2018-03-02,0.009009009009008917,0.006006006006006093,0.1012627948655804,10140.0,69913.61945615933,1085,16858265,20297566,857798,890362,4453263,3779478,3275362,3103884,4508989,4584256,778128,1983871,2110885,2360777,873840,2185018,0,1409920
395,000983,2018-03-02,-0.0033185840707964376,-0.00774336283185828,0.18270606561316183,36080.0,227926.06422564064,2451,127646451,119349678,844151,2237707,8063425,14118150,9457583,15784651,21688072,21364479,19051331,13835282,10667884,9869118,10104544,7002934,47769461,35137357
396,000985,2018-03-02,-0.025285972305839732,-0.0240818783865141,0.8579547907521903,8250.0,21802.13247456679,374,4086743,1790531,418390,339421,1893336,1194526,1079713,256584,695304,0,0,0,0,0,0,0,0,0
397,000987,2018-03-02,0.1053837342497137,0.06872852233676974,0.2292377383978414,9365.0,131401.36779341937,1456,33208351,25805047,988883,1671670,4999196,5840814,5716087,4106950,5125703,4515196,3564896,2598791,3501913,2043621,952455,495423,8359218,4532582
398,000988,2018-03-02,0.013565891472868241,0.016149870801033694,0.325492224931938,27166.0,181822.2946855574,2263,98711917,102536720,1235713,1869330,9586422,9372906,11019022,12266349,20089276,14064603,13315190,11177527,11017011,9413769,7492884,6277071,24956399,38095165
399,000989,2018-03-02,0.014705882352941124,0.008333333333333526,0.5906722789127331,20330.0,136874.3803573825,1195,39582305,30947547,598654,681993,5956496,5938847,7052757,3342765,6455564,3819602,4420740,3558566,4917940,328000,2641105,1335719,7539049,11942055
400,000990,2018-03-02,-0.005006257822277815,-0.0031289111389236623,0.5212825686101545,12019.0,81206.86671647363,939,19153549,13007662,947380,666991,4226617,3820466,3833120,2749959,2408151,3050604,1145935,695329,1609118,639251,456233,1385062,4526995,0
401,000993,2018-03-02,0.004249291784702569,0.00708215297450443,0.29657522578713036,14100.0,41690.880752990175,566,6797321,8210747,340125,555146,2063439,3914420,1876208,2001873,1147884,1071059,733251,296362,636414,371887,0,0,0,0
402,000995,2018-03-02,-0.019565217391304346,-0.010869565217391242,0.2905135580496649,7344.0,37367.82204674973,1004,11810608,6682955,1212920,1120055,4152056,2844537,2530413,1600303,1817028,672053,789132,446007,0,0,1309059,0,0,0
403,000996,2018-03-02,-0.0066622251832111345,0.0026648900732846315,0.3387139512022116,27288.0,124915.69927527448,1965,71573906,57989560,1126088,1078846,10215225,9337041,10637579,10723874,17640081,12604018,5528709,8357187,7902170,4776596,4910718,940347,13613336,10171651
404,000997,2018-03-02,-0.01711229946524062,-0.01711229946524062,0.3633406586724224,38619.0,246115.00462683188,2651,164606839,127731146,1797374,901241,12166319,9681937,16148107,11717508,32591660,22998510,17616158,15754651,12684224,11637242,9690589,11787081,61912408,43252976
405,000999,2018-03-02,0.0,0.0,0.8928455746188991,10120.0,85902.53712823596,801,12439376,11076581,595105,774861,2485128,3337549,2401451,1529407,2339265,1880788,702812,1190111,361790,954655,0,0,3553825,1409210
406,001696,2018-03-02,-0.0017452006980803736,0.003490401396160525,0.1721436665539171,5166.0,36496.886185216885,1109,10165079,8541922,866019,1395207,2852530,3080848,2487183,2594389,1843281,760052,933610,711426,301080,0,881376,0,0,0
