,code,date,pchange_whole,pchange,change_std,amount_median,amount_std,length,sumsell,sumbuy,sell_vol_0,buy_vol_0,sell_vol_1,buy_vol_1,sell_vol_2,buy_vol_2,sell_vol_3,buy_vol_3,sell_vol_4,buy_vol_4,sell_vol_5,buy_vol_5,sell_vol_6,buy_vol_6,sell_vol_7,buy_vol_7
0,000001,2018-03-26,-0.019730941704035887,-0.026008968609865568,0.18693181197317807,145926.0,677864.9815070708,3563,609951183,529053192,276435,335205,7627499,8024703,24206981,21447306,72312421,52755270,59517528,48735089,53658533,42488612,34464391,30003134,357887395,325263873
1,000002,2018-03-26,-0.013979193758127506,-0.024707412223667125,0.5197287298479073,117195.0,419262.9671759366,3505,444500129,301364170,514050,572212,10403871,8539580,29283631,19149290,65961378,42542772,62562790,35739039,52013644,33052765,32884189,27756352,190876576,134012160
2,000004,2018-03-26,0.027027027027027195,-0.009909909909909809,1.07736922453596,8808.0,23469.776531567128,424,4224942,2505508,602277,295611,2284016,1231490,785593,414245,553056,356112,0,208050,0,0,0,0,0,0
3,000005,2018-03-26,0.02499999999999991,0.011111111111111072,0.13038020247878135,5415.0,29702.090406687636,763,5022684,5925948,481045,1089378,2285082,2574961,1305027,885220,457442,933529,0,442860,0,0,494088,0,0,0
4,000006,2018-03-26,0.024182076813655806,0.009957325746799306,0.1573435124308617,20474.0,187986.43819530384,2003,72371187,69059344,1465798,1350637,8114865,8421560,9279856,12718450,11647779,11674984,7336436,7134080,5416550,5968170,1372343,2588608,27737560,19202855
5,000007,2018-03-26,0.001481481481481417,-0.008888888888888835,0.4612856554480315,14696.0,146417.9853390866,860,24064484,22108060,696178,644081,3675971,3818602,2877865,3990651,3008637,4097375,1916591,1920490,650742,309350,483270,868200,10755230,6459311
6,000008,2018-03-26,-0.0028409090909091717,-0.015625,0.15232231390778336,9730.0,75383.7139741874,2141,35680688,16324367,4529036,873688,12366252,3631620,2865045,2336038,3343029,1886713,1760376,2318560,1467158,1103742,1339430,1317387,8010362,2856619
7,000009,2018-03-26,0.027826086956521667,0.00521739130434784,0.13133782392075782,11520.0,128964.11283021915,1923,39019602,44935893,1251878,1824347,6440168,9096435,5502687,6208694,6297750,9952222,5885255,5513516,3791759,2562394,416670,2705551,9433435,7072734
8,000010,2018-03-26,0.03546099290780136,0.028368794326240954,0.12319523222348489,4330.0,42552.13871293154,1182,6532073,13430351,911337,1230368,2444390,4670051,1473963,2445243,1136941,2927664,565442,775511,0,0,0,0,0,1381514
9,000011,2018-03-26,0.019333333333333202,0.002666666666666595,0.377138271979787,10587.5,66258.93467229695,1586,27140400,21826250,1819552,992670,6479502,6443763,5744661,4621020,5422892,6028875,3077888,2227922,1464818,621000,449980,0,2681107,891000
10,000014,2018-03-26,0.03091787439613536,-0.0009661835748792091,0.31150865251580756,15487.5,112239.08627728968,1108,27675208,20626181,744127,782522,5339753,4996763,4437611,3867263,5786561,4137729,3023688,2750394,1306484,1375628,0,0,7036984,2715882
11,000017,2018-03-26,-0.021126760563380254,-0.051056338028169,0.18524716732231986,9792.0,55262.012414285615,948,12554583,11788160,761048,862762,4094804,3281014,3029911,1721470,2410658,3222287,218000,912990,0,308313,1383627,886900,656535,592424
12,000018,2018-03-26,0.03979238754325243,0.01730103806228378,0.1550012849899205,10868.0,126042.18949230791,1393,21852461,23395343,1473272,970567,6192793,5262849,3440736,4327953,5639358,4049928,1728513,998392,1299512,627602,857445,0,1220832,7158052
13,000020,2018-03-26,0.062183658712942735,0.03832248734634858,0.36545623238790076,16968.0,108096.18064224436,1435,30478427,34437410,1115350,989924,6899910,7849660,4730781,5510577,5935392,6599051,3414493,4430102,985180,1469638,1325461,1291620,6071860,6296838
14,000021,2018-03-26,0.04498714652956304,0.020565552699228773,0.15820727662583922,15105.0,111302.21360086153,2423,57913018,59169292,2099210,1759520,10234861,9963924,9708488,9512934,10883765,14094148,6893073,4921007,5752444,5774032,2219446,4359579,10121731,8784148
15,000023,2018-03-26,0.0046242774566473965,-0.012716763005780507,0.5355770944756545,8600.0,47868.22587400687,1050,15593135,8591917,1465389,587848,4930668,2856841,3009567,2089564,3363053,1591696,1960938,1465968,0,0,0,0,863520,0
16,000025,2018-03-26,0.0372526193247964,0.027066356228172328,0.7290889674706404,24556.0,125760.76363901485,2226,63741111,65230005,1067356,1369699,11135228,11981131,10016529,11621985,12990791,14952459,6708953,8163653,4157656,4419913,3574325,2650048,14090273,10071117
17,000026,2018-03-26,0.022660098522167438,0.008866995073891548,0.36453293115714924,10070.0,77687.37442087401,775,17550192,9643412,934903,489665,3511122,2449175,2461989,1590919,4161863,1482956,2024350,1459479,1730544,1654597,891072,0,1834349,516621
18,000027,2018-03-26,0.017857142857143016,0.008928571428571619,0.16283214088631268,4480.0,32638.595199495037,1184,9366773,8362280,1397813,1271061,2597984,3055838,2731014,1970666,1583424,818548,720538,279675,336000,966492,0,0,0,0
19,000028,2018-03-26,0.044543828264758556,0.033810375670840775,1.2776650114928325,11520.0,58890.529690142284,1926,20921480,31617333,1080539,2910605,6599973,10195913,3784599,5569238,3456563,5845221,1903513,1491279,2491164,1686100,495950,1811552,1109179,2107425
20,000030,2018-03-26,0.026509572901325384,0.014727540500736325,0.1891991044973355,4158.0,52402.10814386393,1294,11274386,12066071,1238611,1472662,3008035,3957314,2285948,2529322,1846309,1303525,1996174,462630,322890,1078518,0,0,576419,1262100
21,000032,2018-03-26,0.03259726603575186,0.009463722397476282,0.25388030786833043,13244.0,77988.54242994731,1409,26812679,21585585,1477897,1516764,6375566,6039886,5673732,4737839,5880466,3292197,3881886,1811632,1683970,1334347,402985,405288,1436177,2447632
22,000036,2018-03-26,0.016189290161892966,0.007471980074719831,0.22684351717878332,10543.0,110868.01590024908,1254,29413027,25119817,812048,1614780,4693952,5156796,4024501,4800072,4061990,4964018,3568281,1973420,2737219,1748017,3867196,462984,5647840,4399730
23,000037,2018-03-26,0.12302839116719255,0.12302839116719255,0.19294865277883974,14240.0,198696.779009771,1084,46119479,19021960,1135876,555239,6326244,3433849,4767698,2498995,5168915,1943481,5126966,1642740,2658429,1347588,4342690,0,16592661,7600068
24,000039,2018-03-26,0.025477707006369643,0.00445859872611476,0.29246574929093877,20462.0,153698.6164343029,2888,100832993,82580847,3242965,1873298,14016098,10550218,13587307,13794885,26172801,14609076,10463969,6788017,6939890,5595071,5894881,6480589,20515082,22889693
25,000040,2018-03-26,0.0052631578947368585,-0.015789473684210464,0.28801848147042663,3378.0,57200.78508618901,1576,13478272,12360884,1774040,1705111,3412512,3332793,1233199,1193140,2259839,2310427,1411588,911533,2138746,0,420732,449568,827616,2458312
26,000042,2018-03-26,0.002071823204419898,-0.015883977900552515,0.6673718733156895,4287.0,31742.38601894892,470,2988540,2833034,611781,302694,964752,1451070,265390,835095,124410,244175,287850,0,308880,0,425477,0,0,0
27,000043,2018-03-26,0.023041474654378113,0.010368663594469973,0.40644541550951735,12965.5,57497.64026209157,456,7369792,8038281,446634,432486,1779563,1890478,1741862,1522254,790269,3132619,1188881,750368,1422583,310076,0,0,0,0
28,000045,2018-03-26,0.0108108108108107,-0.009729729729729741,0.19386082430085325,27630.0,283470.57171256107,2286,81294363,135611299,1146360,1651313,8611427,12261674,8773216,12932561,12590213,20785471,11160285,11793192,7450569,8685688,7621473,8092713,23940820,59408687
29,000048,2018-03-26,0.03733905579399144,0.016309012875536544,1.320158533029625,11825.0,49237.700169139425,311,4531465,3478263,395311,258444,1703197,1205523,843221,925738,695476,413770,0,674788,330260,0,0,0,564000,0
30,000049,2018-03-26,0.029945842625039854,-0.00605288308378471,0.7228114334341897,18162.0,84792.3226515317,1889,39840610,43462530,1470417,1944028,7365353,9142971,8988446,8869958,11390614,10899676,3351566,4116176,2936200,4015605,0,833994,4338014,3640122
31,000050,2018-03-26,0.03158602150537626,0.007392473118279508,0.3071841106652146,26982.0,126948.37877948281,2350,87114221,84711463,1026938,1809124,9130511,12056646,9979963,12950206,21231128,19482011,14428287,11045565,9504239,6374847,6232207,5524946,15580948,15468118
32,000055,2018-03-26,0.02886002886002892,0.01443001443001446,0.17205631839776103,12312.0,81566.35842836517,1625,27570452,29512191,1194709,1719112,6679165,7251398,5161010,6360661,4788507,5739449,2309623,4136907,0,2076720,1321246,1416920,6116192,811024
33,000058,2018-03-26,0.024390243902439046,0.001626016260162677,0.20039716864246335,8652.0,36227.05039589783,943,10570525,8260074,891226,948791,3470976,3591255,2927167,1956270,2138502,954875,223870,431891,918784,376992,0,0,0,0
34,000059,2018-03-26,0.00557413600891854,-0.0078037904124861335,0.23682004238269788,17960.0,129609.23366747906,1436,44592363,41525657,1096864,1219251,6397695,4837258,6647018,8349415,7451279,10343791,4671586,4074615,4423934,3081094,4951836,4047120,8952151,5573113
35,000060,2018-03-26,0.025871766029246235,0.01237345331833506,0.18887770745600058,26013.0,187883.80403705605,2218,77408687,87528432,1317399,2132765,8154729,10184427,10708643,13870968,13779559,21100819,11344644,12125110,6590069,4470818,6406001,6613402,19107643,17030123
36,000061,2018-03-26,-0.03489932885906033,-0.051006711409395944,0.18755581382904435,13623.0,196909.2665352587,1582,43770059,38162415,1286866,1475678,6052367,6137132,6375371,5547088,9277805,5565367,5010328,3733138,4438889,2750617,3977441,1321421,7350992,11631974
37,000062,2018-03-26,0.005382131324004336,-0.017222820236813652,0.5055416487446077,10854.0,60425.15507092468,1357,18906165,20095034,1228272,1307411,5395756,5343024,4042231,4115152,4083053,3930873,1549893,1180682,1083348,1795113,904412,0,619200,2422779
38,000065,2018-03-26,0.03345498783454981,-0.007907542579075555,0.3637222592780628,17759.5,114758.64857445181,2046,55420598,42347054,1962082,1282951,9921516,8398359,9777317,8421135,15190442,8833292,6376889,4756952,2499300,3881175,3208828,1331551,6484224,5441639
39,000066,2018-03-26,0.05604719764011801,0.04572271386430682,0.1389679238108334,31102.0,199366.31560533465,2386,102251716,122100343,1478520,1475861,11190908,9988977,12837235,13911018,15387699,16245869,13790867,14262304,12164941,14924651,8455093,8818959,26946453,42472704
40,000068,2018-03-26,0.011792452830188704,-0.007075471698113289,0.18613785637718747,8862.0,65080.70028890098,519,6917114,7422153,442967,423978,2858468,1870485,1656494,1366426,697133,1072416,0,491847,676852,341545,0,0,585200,1855456
41,000069,2018-03-26,0.0025094102885823144,-0.006273525721455453,0.14279677363960364,26962.0,234198.12291427326,3131,156449808,113539881,1676184,1074767,18835793,12078317,21753290,14839136,26028587,18932357,13125682,13726905,8748180,9913694,8441306,7561064,57840786,35413641
42,000070,2018-03-26,0.04014167650531286,0.008264462809917106,0.22883760467367756,9394.0,48460.97805145154,1372,19005078,16640918,966368,1219839,5909609,5561969,4118927,4013723,3630660,2978746,2660297,1762907,630660,649462,484680,454272,603877,0
43,000078,2018-03-26,0.015734265734265618,0.020979020979021046,0.12934260242186008,9860.0,98864.86905630855,1963,44642169,45514781,1733431,1971735,5824573,6626850,6052902,6660252,6295308,9057687,6028153,8523199,4992174,4698856,2739312,5566961,10976316,2409241
44,000088,2018-03-26,0.03823529411764692,0.02941176470588247,0.20669575490640954,11560.0,48239.15983698758,1083,12614673,18433003,723467,1328345,3576882,5763306,2795062,3971550,3610045,4025054,1427725,2187963,0,701785,481492,455000,0,0
45,000089,2018-03-26,0.02595797280593337,0.023485784919653918,0.19408086261254825,7307.0,49377.11999361383,1739,9802682,24001349,1062195,3130458,2595814,9228994,2066385,3842236,3099831,3726823,669271,676218,309186,333245,0,474660,0,2588715
46,000090,2018-03-26,0.021505376344086002,0.007526881720429923,0.25839802174851856,5613.0,46661.853751663046,1298,11720832,13850558,1093526,1208323,3546448,4991927,2376690,3810949,1972398,1818101,1327641,1272338,0,748920,0,0,1404129,0
47,000096,2018-03-26,0.06160337552742612,0.05316455696202538,0.6129436419987294,2498.0,25900.28322776152,375,1565110,2547074,273807,372203,878114,1129691,163189,447501,250000,249213,0,0,0,348466,0,0,0,0
48,000099,2018-03-26,0.01882057716436636,0.0037641154328733606,0.20984497552565118,7245.0,104954.36059282885,1458,23132315,20376986,1505379,1418086,5066605,4749507,4669522,3036760,4449093,2678577,948645,2267404,3135463,740097,993608,1258809,2364000,4227746
49,000100,2018-03-26,0.0058651026392961825,-0.008797653958944385,0.060927394082342726,23730.0,276453.17423254653,3169,160407317,132073259,1798630,2215348,12067909,14377539,13212432,15117553,21271315,26458318,13637574,12736709,14905550,15082399,8031851,9143097,75482056,36942296
50,000150,2018-03-26,0.027422303473491727,-0.008043875685557644,1.2073995985402635,2715.0,15291.348599772313,515,1974935,1662278,680073,689753,1034519,438860,260343,287122,0,0,0,246543,0,0,0,0,0,0
51,000151,2018-03-26,0.0275974025974024,0.008658008658008587,0.32474991850568047,73680.0,628616.6089375492,3268,353315847,354347766,978793,802077,11651946,12303741,18191557,18651999,32355869,31840831,28338215,29653387,26618191,22813628,20612667,23499472,214568609,214782631
52,000153,2018-03-26,0.05053191489361719,0.0146276595744681,0.25266531087477057,7640.0,35162.78864487923,887,8225800,9582173,977250,1121764,3191058,3209189,1702562,1884424,1828596,1992216,526334,1374580,0,0,0,0,0,0
53,000155,2018-03-26,0.049284578696343395,0.019077901430842648,0.14629096137353356,28446.0,183027.9575065384,1854,66748298,77551809,1111950,986002,8674019,8340478,10266594,11363175,10785400,15393965,8788325,11696740,6009337,4115795,4572545,4078259,16540128,21577395
54,000157,2018-03-26,0.009661835748792313,0.0,0.09823667483691584,12465.0,113179.4263186985,1784,40795885,29540666,1569426,1688093,11275175,6452026,5015526,4034966,5643039,4563406,4516615,2574483,1015942,1646908,2601296,911143,9158866,7669641
55,000158,2018-03-26,0.03385049365303239,0.02256699576868826,0.1742733267083565,9295.0,46919.05762474439,1663,16643998,21365806,1838980,1394122,4304109,8641948,4175107,5969394,2682173,3100273,924989,872461,1369408,693804,0,0,1349232,693804
56,000159,2018-03-26,0.0254629629629628,0.0092592592592593,0.15508678444110371,3933.0,30303.451966126966,777,5543545,4990325,1311578,566899,1768890,2068132,1342293,1012171,679604,595414,0,747709,0,0,441180,0,0,0
57,000166,2018-03-26,0.008230452674897082,0.0,0.11453096994124991,10237.5,79792.32704424502,1806,27931545,31585970,1375204,2045167,6183487,9364729,5893806,5970285,4451018,4739723,3840717,1339688,321420,3048670,3842486,1295055,2023407,3782653
58,000301,2018-03-26,0.037288135593220195,0.02203389830508473,0.1565825470971776,14220.0,110560.08544032593,1422,35251246,32634584,1337713,777677,5339375,5169814,6073458,6712696,9709138,7819612,5384984,4517062,1981927,2302535,902022,910762,4522629,4424426
59,000333,2018-03-26,-0.004144144144144102,-0.010090090090090098,0.9340507130628706,231000.0,966174.6618977169,3534,734315500,816388840,171469,102031,5287165,6287303,14154012,18931049,39591485,49722533,49838268,52335522,50580347,53971453,51273905,43542860,523418849,591496089
60,000338,2018-03-26,0.0038510911424904926,-0.007702182284980652,0.13769382870699057,24912.0,193986.03083175895,3210,152029702,96437071,2543997,1747413,15635185,14644571,20025284,15880139,22821806,18636413,15253959,10170712,11671755,10410919,12313923,7909818,51763793,17037086
61,000400,2018-03-26,0.0017467248908298316,-0.011353711790392906,0.2278740414351793,21223.0,209949.9339950304,2531,88813233,103295421,1390187,1320865,11685624,12676686,9204368,10929558,13548552,13977260,11824995,9292551,8250462,7507139,7471030,2595116,25438015,44996246
62,000401,2018-03-26,0.06650641025641035,0.0328525641025641,0.22976635860115902,34857.0,260615.02814044105,2955,160067445,162304725,2595573,949768,14612677,10905572,16579861,12647161,29062297,23567105,20661426,17988834,13071346,15540729,10295240,12546113,53189025,68159443
63,000402,2018-03-26,0.01962809917355357,0.0010330578512396382,0.20507735701043844,6269.5,80267.14629420983,2238,33910045,42991154,2380858,1161872,6568422,7176967,7666586,7691316,9218418,11940076,3489512,4691358,2379365,2102145,1294868,808742,912016,7418678
64,000403,2018-03-26,0.021283783783783816,0.02060810810810798,1.6959275730582397,15182.5,106060.41735099332,304,7652334,8117445,198872,269305,1283170,1389897,1063791,982813,1164355,2153815,748808,1372387,954116,1009378,444592,939850,1794630,0
65,000404,2018-03-26,0.025925925925925908,0.0037037037037035425,0.21126329409852754,10800.0,92911.92401221079,653,12506615,10099586,438119,552470,2380719,2507844,2458100,1468291,2754789,2491917,1238645,856050,354705,1033469,438605,0,2442933,1189545
66,000407,2018-03-26,0.00522648083623678,-0.010452961672474004,0.17753995160313601,10134.0,45093.85147472434,1048,14540040,11768608,584824,822369,4263492,3727444,4330949,2475061,3146719,2536064,1232513,1746699,981543,0,0,460971,0,0
67,000408,2018-03-26,0.028806584362139898,0.01851851851851838,0.49200109198238484,14855.0,87169.30063508911,878,22101936,17309304,483285,678752,3936888,4175402,3431077,2234875,4923880,5077785,3199651,2856259,1335144,307809,1890671,1382422,2901340,596000
68,000409,2018-03-26,0.04618117229129659,0.03197158081705154,0.15157580219459793,13179.0,63718.78205138061,1384,22147795,26588623,988565,1194416,5602646,6807429,4274962,4921116,5449861,5873416,2875987,3406030,927443,2703283,940065,475776,1088266,1207157
69,000410,2018-03-26,0.05235602094240832,0.02617801047120416,0.18908211039100078,28594.0,182563.46439445557,2556,87477464,104297207,1737682,1933746,11235283,12272320,12167346,13973158,18793586,22973063,12585259,10347822,6263828,7565494,5487003,7937693,19207477,27293911
70,000411,2018-03-26,0.038004750593824355,0.03420427553444183,1.2816779598560013,13140.0,80403.83354558174,269,3923469,5468630,230758,259166,1103154,1310211,1212912,751247,680821,1164314,208700,928450,0,0,487124,0,0,1055242
71,000413,2018-03-26,0.02188782489740082,-0.002735978112175075,0.13598239488436611,34680.0,206371.29980181978,2896,135400622,155859967,1159949,2027893,9377486,14067102,13366702,19756154,19550812,29222285,17427934,17387771,13047701,16880857,13509051,15227726,47960987,41290179
72,000416,2018-03-26,0.03308823529411753,0.016544117647058876,0.16963572391922907,6600.0,43586.48152475313,1033,11545051,9899341,1049498,832147,3933936,3525209,2495016,2168066,1889887,913692,1251470,1716522,339900,743705,0,0,585344,0
73,000417,2018-03-26,0.0013550135501354532,-0.0027100271002709064,0.20776591671958866,3675.0,31072.63086962608,1266,7128976,11354861,1033677,1500874,3073009,3166542,1502661,4341415,902831,1294618,291810,281916,324988,339976,0,429520,0,0
74,000418,2018-03-26,0.02083333333333326,0.003597122302158251,1.5835320814257154,13238.0,125091.05506895565,1779,23149328,28666605,2085155,2413562,6129374,8243998,3425187,3849602,1457613,3221541,2319895,2167066,1053643,1135339,1363070,465080,5315391,7170417
75,000419,2018-03-26,0.03195488721804507,0.020676691729323293,0.20870051643953877,10900.0,50662.48818226399,650,9116455,8409330,691211,424967,3031360,2816320,1594759,1999324,1793654,1819406,750811,202939,688160,703750,0,442624,566500,0
76,000420,2018-03-26,0.007299270072992581,-0.0036496350364964014,0.10992190918294266,5480.0,44874.58091727922,622,6211455,5016036,435497,721830,1531255,2000560,1332579,1027480,1040642,1029156,681856,237010,0,0,0,0,1189626,0
77,000421,2018-03-26,0.023391812865497075,0.00974658869395717,0.18100845121509698,2072.0,29443.244554197052,805,4843959,4684010,722924,697768,1344231,1486868,1139181,981424,1356573,315709,281050,1202241,0,0,0,0,0,0
78,000422,2018-03-26,0.016778523489932917,0.010067114093959662,0.10002089732414714,6000.0,54035.3646869367,890,10461079,9250137,699831,868135,3130080,2867929,1741193,2110417,2440427,1538056,959867,454764,0,967736,0,443100,1489681,0
79,000423,2018-03-26,0.020439189189189078,0.013006756756756666,1.106100269026536,47448.0,197277.1824602511,2865,155929746,107057231,857494,1002147,15289964,13765938,25887261,17133401,32197082,21085604,18981335,7826737,10149736,12286807,14556961,6603942,38009913,27352655
80,000425,2018-03-26,0.01558441558441559,-0.0025974025974027093,0.07169746668974336,16233.0,356243.2788276996,2910,101615795,79562677,1633528,2716242,10732295,14124090,10717575,10000134,19601571,15705751,10537416,8061314,7015818,6287690,6640703,3232393,34736889,19435063
81,000426,2018-03-26,0.03618421052631571,0.026315789473684292,0.19326057251073847,14145.0,119626.1130862442,2233,57880367,63734574,1263208,2048228,6872983,9064247,12553732,8083251,12707417,12229688,6282758,8181146,6427008,6728418,2218380,3637669,9554881,13761927
82,000428,2018-03-26,0.04469273743016755,0.013966480446927276,0.12822459531689487,2520.0,30093.943983897065,780,2749808,4942042,179950,1374701,1045213,1575080,424710,325791,345123,499140,754812,802227,0,365103,0,0,0,0
83,000429,2018-03-26,0.013071895424836555,0.0039215686274509665,0.22040636169137925,3080.0,39360.47807555815,1205,10218827,6827721,1539492,843723,3172312,1912805,2746770,1214434,562921,1349484,646398,1507275,316470,0,0,0,1234464,0
84,000430,2018-03-26,-0.01760563380281699,-0.0363849765258214,0.26425799224664576,11550.0,54114.896762799166,1043,17712643,12799847,907591,1256423,4979360,4034940,4119218,3267807,3373689,3072228,2048194,536265,696305,0,409999,0,1178287,632184
85,000488,2018-03-26,0.04299754299754288,0.02457002457002444,0.31680676691514126,28423.0,175795.63887706024,2643,112736968,111034136,1595311,1484306,12221933,12606399,11955905,12634520,21293881,17547100,17475124,12601709,12906950,13973979,5681684,8354818,29606180,31831305
86,000498,2018-03-26,0.015025041736226985,0.0016694490818029983,0.19634942192425955,5364.0,38853.72802161824,931,8163059,9627697,976215,966069,2072821,2729902,2060033,2060475,2057770,2018274,996220,1545777,0,307200,0,0,0,0
87,000501,2018-03-26,0.0315224681421864,0.025486250838363533,0.33854159549043916,10689.0,43816.31863316238,1944,16848217,22315478,1596322,2008292,7519330,9663441,3412529,3085823,2263335,4216385,1024990,1012905,1031711,0,0,0,0,2328632
88,000502,2018-03-26,0.05528846153846145,0.028846153846153966,0.44477672398837687,5894.0,29076.566222859932,351,3077030,1934753,441349,347338,1237581,1013021,705075,124558,432766,137302,260259,0,0,312534,0,0,0,0
89,000503,2018-03-26,0.050687516850903114,0.03801563763817728,0.7856418819447155,42119.0,482135.54528371914,2237,189061213,208642857,816182,1366624,7430882,10040984,10136336,12872098,17904864,16072889,14007305,13808285,16239907,18159580,15722796,12305556,106802941,124016841
90,000504,2018-03-26,0.017194570135746545,0.01674208144796374,1.23433393563024,13479.0,104490.9282670777,320,5415731,6203223,290715,257390,930559,1540091,1252274,981457,932805,1727482,516968,464229,372410,329574,0,903000,1120000,0
91,000505,2018-03-26,-0.02588235294117658,-0.054117647058823604,0.2048136423423556,25711.0,180878.12053322236,1734,63083381,63265183,931843,1249639,8488875,7192140,8089182,8840336,14555468,14188125,9169098,6964367,6960276,4851696,4331789,943245,10556850,19035635
92,000507,2018-03-26,0.04691358024691361,0.030864197530864113,0.17735534425103325,20375.0,107757.60412754401,2089,54844729,53818771,1603323,1669556,11013895,9916639,9616716,9797545,12810076,11474762,6586116,7407652,4553969,2806669,2648256,1313237,6012378,9432711
93,000509,2018-03-26,0.032258064516129004,0.016129032258064502,0.08794714953374619,9841.0,73437.1959426472,1800,29174255,29854573,1511118,1792240,6965164,7817117,4599667,5293612,7089811,5496945,3687467,1404041,2482809,3230019,441000,836777,2397219,3983822
94,000510,2018-03-26,0.0260162601626015,0.019512195121951015,0.1991462161797052,5683.5,31163.115453850183,954,6120073,8945413,694502,1449099,2456303,3149288,1685429,1510491,1014080,1703928,269759,778703,0,353904,0,0,0,0
95,000513,2018-03-26,0.02167832167832162,0.0053146853146852635,1.2657262134141283,65340.0,283542.0211979962,3198,212903296,212430328,1116803,869341,12755628,13265445,22161382,21451701,39800782,40117222,28443794,25757729,20839223,16997286,15472979,14090368,72312705,79881236
96,000514,2018-03-26,0.05175292153589317,0.048414023372287174,0.1847470761020637,12490.0,69602.0290017353,1054,13932360,15279533,838704,1011757,5448874,4296016,3715926,2696268,2635321,2781875,674475,1159736,619060,649068,0,0,0,2684813
97,000517,2018-03-26,0.03475935828876997,0.010695187165775222,0.08664528821888132,11842.0,63172.243630326804,1873,27935617,31346688,1312557,1755182,7922939,9865141,6247340,5741077,7378422,7243621,1579496,1931930,1347055,2509172,0,419900,2147808,1880665
98,000518,2018-03-26,0.03527336860670194,0.02645502645502651,0.18629661712288034,6780.0,35148.71398349562,927,8122295,9167439,825203,926978,3240981,3613374,2198383,2215410,1412680,1233027,445048,283250,0,345400,0,0,0,550000
99,000519,2018-03-26,0.05908584169453723,0.03121516164994409,0.15785972379021052,51590.0,192171.534293927,3239,168497637,176542115,1315790,1247733,13767193,14799740,22826083,21285373,36432374,32446927,26810301,29959111,17466062,22467849,10396280,13376884,39483554,40958498
100,000520,2018-03-26,0.02539682539682553,0.012698412698412653,0.0994586969452998,7937.5,71760.10630823247,1006,12628988,16098367,781917,1352660,3138783,4095949,1362607,2704475,3333187,2170876,2063102,1220218,1311392,1018900,0,0,638000,3535289
101,000521,2018-03-26,0.01975308641975304,-0.0024691358024691024,0.12328721310393341,3247.0,41616.90636633992,1082,8298110,8799793,1263585,900418,2012125,2681763,1992299,1360484,2135310,1945756,0,913242,0,363690,894791,0,0,634440
102,000523,2018-03-26,0.008264462809917328,-0.008264462809917328,0.29105378987218133,8218.5,29146.11000893822,622,6870964,6084997,560327,908849,2626148,2298957,2223183,1874315,1461306,793426,0,209450,0,0,0,0,0,0
103,000524,2018-03-26,0.0371584699453551,0.024043715846994385,0.32132138666632737,4685.0,28879.32758929637,816,5666510,4793808,612098,1126428,3176472,1808688,822104,1378682,184600,480010,282436,0,0,0,0,0,588800,0
104,000525,2018-03-26,0.05482134116495363,0.03622124326970155,0.48073643112506226,23100.0,114028.47722031822,1807,59549091,50628998,879402,819736,9562064,7259467,6719114,8970073,21505437,11133934,8255456,9854894,3111331,2121596,1300658,2849278,8215629,7620020
105,000528,2018-03-26,0.03308823529411753,0.01593137254901955,0.17095026444419562,24186.0,136865.73098779807,2285,70085421,80625559,1264125,1924037,8344433,11275290,9959233,14046287,16512957,20802372,10413699,9240103,4502709,6842120,5232841,3480048,13855424,13015302
106,000529,2018-03-26,-0.02782071097372485,-0.03400309119010814,0.19789300090023437,11160.0,84600.64597479305,1075,21370017,18273422,1013337,999073,3907167,4538356,3713844,3955420,4383685,4161703,1626080,1136842,1730558,2035819,863583,443724,4131763,1002485
107,000530,2018-03-26,0.05672268907563027,0.025210084033613578,0.12928534112997847,12505.0,91277.5359333943,1359,28730838,23440064,1118930,1447205,5930113,5624913,5351576,4327562,5636055,4596708,2476415,2164261,3471898,708509,480000,1815196,4265851,2755710
108,000531,2018-03-26,0.003007518796992459,-0.010526315789473717,0.24357980109015953,3948.0,36472.31729370842,745,6968490,4994638,858700,717335,1781267,2230937,1182135,1007397,2263699,599693,0,439276,333144,0,0,0,549545,0
109,000532,2018-03-26,0.05582356995175752,0.045485871812543044,0.2626925881836611,50457.0,329861.00702689576,3068,193848075,203403320,1120318,1053465,12638253,13474600,18986100,18671985,31380239,33756732,24371367,21765354,15164332,14986408,10871289,12626313,79316177,87068463
110,000536,2018-03-26,0.02894736842105261,0.015789473684210575,0.09664607468211715,3429.0,46257.118956361825,1552,12449098,14973209,1001526,1849925,3250651,4761095,2448556,2286836,2659853,3293587,1010849,665862,941679,954746,0,0,1135984,1161158
111,000537,2018-03-26,0.05747126436781613,0.04509283819628651,0.2625171892928569,11420.0,89561.94658385152,1861,35027978,40551339,1526044,2138492,6569448,7047557,6495502,6030499,7906352,8060714,3591760,4322961,2116299,5468639,1785076,3222314,5037497,4260163
112,000538,2018-03-26,0.03350151362260356,0.01806256306760856,2.104696693435996,30545.0,287554.1073284475,2219,100565635,107236084,295946,285722,10768427,12816842,10763538,13256289,16547079,20618013,8327875,8753689,10209121,8475449,7814114,8810456,35839535,34219624
113,000539,2018-03-26,-0.006696428571428603,-0.01562500000000011,0.17404151008750796,4390.0,27219.7272703862,663,5029057,5040644,436320,767015,1972064,1914260,1736722,1099126,883951,1045573,0,214670,0,0,0,0,0,0
114,000541,2018-03-26,0.025578562728379994,0.014616321559074219,0.18471716722924544,5796.0,39665.90888906898,1980,14496299,18078125,1548202,3309735,4875673,5578002,3151176,2695877,3207723,2221508,1411160,1432616,302365,755309,0,849190,0,1235888
115,000543,2018-03-26,0.04130434782608705,0.01739130434782621,0.10761190301798457,8406.0,77737.06083783954,1836,25430789,29864090,1284814,3065248,4883144,6136930,4298140,4533775,5136796,3931967,1821077,3832784,2101432,2373860,4148525,1295756,1756861,4693770
116,000544,2018-03-26,-0.002307692307692233,-0.01846153846153853,0.5311570893825102,10240.0,33646.25278021668,599,7495258,4552448,522785,652393,2910220,2578325,1655200,1111974,1152783,209756,514230,0,740040,0,0,0,0,0
117,000545,2018-03-26,0.01193317422434359,-0.009546539379474916,0.12344544598260025,9984.0,54563.36945690488,1155,26815204,12224458,643662,1377224,3995451,4147143,3814845,2658702,10408217,2255368,6910475,1454021,1042554,332000,0,0,0,0
118,000546,2018-03-26,0.06419400855920121,0.049215406562054254,0.3377691902038558,10181.5,74922.9170377307,1726,23335252,31837311,1231686,1789886,4667770,9486306,5411478,6605542,4880087,6007292,2911550,2880500,772148,968715,1815718,0,1644815,4099070
119,000548,2018-03-26,0.011513157894736947,-0.008223684210526327,0.2033891473228415,9037.5,45958.437509014686,894,12898501,9098583,643980,934086,3286947,3834802,3011928,2982324,2589290,704163,2335056,280840,0,362368,423500,0,607800,0
120,000550,2018-03-26,0.010282776349614275,0.011825192802056517,0.4586964106107186,21537.0,111662.14806928062,1799,47230922,54304223,1161046,1765626,7686648,10123569,7832942,9327140,10847856,9074254,6398429,7502201,4281424,4192378,2618098,3934710,6404479,8384345
121,000552,2018-03-26,0.01479289940828421,0.00591715976331364,0.0895312775077792,4044.0,57963.81083499177,1435,14915559,14844351,1621053,1210941,3909309,4834991,1558735,3599365,2338482,3695288,1050783,1503766,1800710,0,0,0,2636487,0
122,000553,2018-03-26,0.012592592592592489,-0.004444444444444473,0.3677111483471919,6695.0,66623.65839519318,1349,15906610,17092989,1307091,1689609,4056824,4920887,2708857,3025770,2538490,1468946,2708326,1996077,695250,0,1325375,854882,566397,3136818
123,000554,2018-03-26,0.0,-0.02335164835164838,0.1790054039469516,16836.0,113342.26835605214,1659,45787116,40861122,932107,1613481,5927971,7454249,8294011,8587868,11573069,7877665,5030785,4695305,2413634,2438976,1703942,2203672,9911597,5989906
124,000555,2018-03-26,0.033001245330012585,0.00996264009962644,0.27834498679023445,58644.0,488983.5727885855,3348,315207229,254295834,1225269,1180242,14531983,12033048,21689214,21800814,34308690,35110983,21496922,28475559,21351755,23301498,15740732,14607105,184862664,117786585
125,000557,2018-03-26,-0.00454545454545463,-0.015909090909090984,0.13757626138908896,8640.0,44754.627259278954,1025,13193590,10311665,987998,1074131,4179530,3928934,3485221,2310482,2112070,1433743,1408555,481121,379319,1083254,0,0,640897,0
126,000558,2018-03-26,0.04166666666666674,0.026960784313725616,0.11337765145171678,11340.0,72806.2604210265,1299,22694945,23550882,1286060,973687,6025701,5146059,5249885,3820448,4556772,5423362,2812542,886786,1411294,2478957,1352691,1268141,0,3553442
127,000559,2018-03-26,0.01326899879372756,0.00361881785283491,0.2187460502812078,10835.5,54832.962495175845,1438,21788178,17712072,1139508,1742133,6774961,6072902,4538395,3895373,4039813,3238284,2467558,997656,1382967,376156,942768,421960,502208,967608
128,000560,2018-03-26,0.02990897269180759,0.011703511053315907,0.21488169044357033,4722.0,47477.43403188827,1283,12008095,10710307,1180068,1367614,4244409,3677632,2681325,2031149,2025803,1387777,679509,206391,617371,373320,0,0,579610,1666424
129,000561,2018-03-26,0.07496251874062976,0.050974512743628075,0.21866345515665533,8250.0,41968.47985003408,932,8521592,10363961,905938,1016712,3578289,3925624,2551924,1889438,937897,1609069,547544,757690,0,360052,0,0,0,805376
130,000563,2018-03-26,0.0051948051948051965,-0.0051948051948051965,0.09513432389355767,5685.0,42107.88799832762,1646,16951580,16346027,1086380,2366679,5157131,5503536,4274779,4212231,3291362,2180042,910327,665898,378787,1417641,1245052,0,607762,0
131,000565,2018-03-26,0.01849217638691325,-0.0014224751066856944,0.16912747448719034,18174.0,231627.10802071655,1745,64484400,60624138,860041,1908923,4777062,9296987,5502351,8899196,9111607,9924511,8065195,4771888,3410451,3440368,5060581,2788714,27697112,19593551
132,000567,2018-03-26,0.035996488147497896,0.0114135206321333,0.6993449464047384,13578.0,114324.53073023305,1064,21572943,30421876,960959,981749,3860356,4529891,3273547,3701237,3557217,2677295,2608663,4742962,2386043,2028838,1641710,5471794,3284448,6288110
133,000568,2018-03-26,0.007651245551601349,-0.002846975088968029,0.9969420636538214,50508.0,245445.76937510085,3182,185191809,136997868,1319238,443568,12063234,13485282,37887486,20260508,27423607,21214262,15817005,15316990,11447373,13897540,8749470,7016915,70484396,45362803
134,000570,2018-03-26,0.01814516129032251,0.002016129032258007,0.22730799152335276,8338.5,32259.063490080705,476,4703701,3608926,635139,584712,1856830,1459941,1180087,787113,503284,428560,528361,0,0,348600,0,0,0,0
135,000571,2018-03-26,0.008888888888888946,-0.0022222222222221255,0.14096406052885269,3600.0,36288.85599870177,1021,8570677,8005310,499918,1404427,3109797,3810484,2024978,1308602,773369,310959,1348765,499950,329850,670888,484000,0,0,0
136,000572,2018-03-26,0.03287671232876721,0.024657534246575352,0.10390406022513939,5888.0,42234.86944353462,1239,13431227,10310517,1359180,1269774,3542428,4106629,2567841,1672066,2885931,1070616,1988323,1345195,1087524,386862,0,459375,0,0
137,000573,2018-03-26,0.006535947712418277,-0.004357298474945481,0.20708118267029124,7735.0,43090.695795203384,491,5516891,4966776,404032,612003,1779074,1790416,1142161,745845,1170595,1307091,466200,511421,0,0,0,0,554829,0
138,000576,2018-03-26,0.0201005025125629,0.0010050251256283893,0.900752129788576,9985.0,124485.20251577029,493,12504950,15617042,396883,724163,1873907,1155553,1384184,1122312,2478736,1126759,3394122,3381085,1589999,1812150,832439,2024100,554680,4270920
139,000581,2018-03-26,0.008181818181818068,-0.0072727272727273196,0.4412199396864057,28223.0,251328.9940837349,2489,106379937,76066057,1075062,1887524,13487210,10012143,17446565,14036615,19131278,14372218,8430373,6031703,6457383,4774883,7300039,4077134,33052027,20873837
140,000582,2018-03-26,0.030902348578492056,0.006180469715698411,0.29080391397738364,8423.5,49597.54767229508,774,8947952,9793052,669855,1022069,3387899,3243812,1775782,2139783,1751214,1978355,463626,272633,366956,385768,0,0,532620,750632
141,000584,2018-03-26,0.0181950509461426,0.01601164483260553,0.5930427090113469,19551.0,74777.34746770254,536,12337419,12788095,401892,349463,2682291,2219445,3445254,1542010,3644606,3710035,1031824,1923245,716604,1003427,414948,1259711,0,780759
142,000585,2018-03-26,0.031249999999999778,0.0,0.10583125367642243,4785.0,31756.996053609622,917,6246387,7568895,841241,1246304,2431548,3138245,1333609,1379193,704884,995193,220884,483920,308778,326040,405443,0,0,0
143,000586,2018-03-26,0.022535211267605604,0.015492957746478853,0.5893508579584946,10150.0,56333.74758337468,581,6677572,7305301,507500,598104,1877032,2873228,1498847,2166913,995263,389621,434984,675355,0,0,0,0,1363946,602080
144,000587,2018-03-26,0.02322206095791013,0.014513788098693858,0.1854125633450629,8286.0,217954.39346433486,1382,25430717,53820404,1278452,1152132,4650160,5209482,4707566,3301127,3262794,4853069,2280272,3725756,2878830,3510032,0,2157679,6372643,29911127
145,000589,2018-03-26,0.012406947890818865,-0.002481389578163906,0.17619789724490292,9154.0,33656.545211087294,523,6380590,4918684,474448,554941,2457280,2113962,1603918,1017542,1561334,990035,283610,242204,0,0,0,0,0,0
146,000590,2018-03-26,0.028181818181818308,0.022727272727272707,0.43524410615704817,2278.0,30867.30945408197,643,3252174,5028966,196331,852068,1178498,1178654,773918,1478426,891372,889657,212055,295926,0,334235,0,0,0,0
147,000591,2018-03-26,0.02412280701754388,0.002192982456140413,0.10943724273099587,5471.0,64407.533884512064,1741,18917633,17928321,736315,3278361,3761396,5938179,2775411,3257814,2114658,3608550,2634131,1531458,1317975,313959,428850,0,5148897,0
148,000592,2018-03-26,0.03649635036496335,0.01703163017031617,0.1005073564594294,10225.0,72954.71007335089,1681,28717157,31023705,1242252,1545466,5797244,6591558,4872697,7148464,5202440,6871874,3473155,2916348,3614577,3854927,2225283,833961,2289509,1261107
149,000595,2018-03-26,0.01918465227817756,0.00959232613908867,0.17769614989269591,7123.0,36860.90401418914,551,5611827,4320418,581065,560534,1774790,2244723,1468700,570866,1068825,570795,201880,0,0,373500,0,0,516567,0
150,000596,2018-03-26,0.024482758620689715,0.012068965517241459,1.5586940914720206,11798.0,57898.273667821006,1387,21781143,17816443,1578422,1021187,7457762,5779583,3933882,2861410,4734221,4331728,1201032,1968557,1027810,1285676,0,0,1848014,568302
151,000597,2018-03-26,0.04285714285714293,0.04065934065934074,0.23035053899566557,4745.0,37157.179146038434,1563,9767863,17193196,761825,2270981,2945965,6769344,2466913,2876766,1795962,2524226,1005484,1693340,359464,626289,432250,432250,0,0
152,000598,2018-03-26,0.018867924528302105,0.0062893081761006275,0.12725476740164307,8523.0,62639.3744799369,1408,14859680,19199374,1628241,1404706,4113533,6129739,2306715,2161299,2046287,3883735,1810530,1168437,334141,974807,1430203,843320,1190030,2633331
153,000599,2018-03-26,0.0139616055846421,-0.003490401396160636,0.2216408983580172,8550.0,40566.71353939008,668,8953195,6869347,472025,838415,2110636,2420974,2020118,1566585,3056586,1518661,952999,524712,340831,0,0,0,0,0
154,000600,2018-03-26,0.06190476190476191,0.011111111111111072,0.14707230524792875,12760.0,82044.861128635,1838,32056837,35697025,1480695,1802840,7753763,7955679,6774053,6397816,6291824,6736434,3842666,4404630,654313,4180974,442288,898777,4817235,3319875
155,000601,2018-03-26,0.05143721633888054,0.04236006051437213,0.19515538872757882,3300.0,38638.60989086896,1149,5766301,11222927,609485,1829363,1973900,2935661,1725091,1873149,1010765,1623248,447060,1177846,0,348880,0,876000,0,558780
156,000603,2018-03-26,0.015232974910394326,-0.0026881720430107503,0.38386341894013054,12155.0,77469.84725383986,845,17067785,12922026,523566,919412,3551561,4516593,2853539,2313185,2648610,2993905,1706351,719924,2082799,372385,1805321,444444,1896038,642178
157,000605,2018-03-26,0.043624161073825496,0.006040268456375841,0.44116750625799506,14620.0,57212.068059416204,1147,15945596,19317212,873022,1081026,4677553,6467986,3866032,3906149,3379355,3877321,681100,1595267,1360714,645334,0,403631,1107820,1340498
158,000607,2018-03-26,0.04285714285714293,0.030612244897959107,0.17405368819929684,3018.0,35309.02718951748,794,4684603,5910398,956727,677914,1760541,1331614,898103,1299988,625792,1067464,443440,685620,0,381508,0,466290,0,0
159,000608,2018-03-26,0.012499999999999956,-0.0031250000000000444,0.2373646300778505,9600.0,48513.45187703568,727,6744097,8715839,526866,909982,2028630,3042958,1789117,1371868,1852853,966028,546631,201383,0,947620,0,0,0,1276000
160,000609,2018-03-26,0.030444964871194635,0.011709601873536535,0.3122466273103148,3456.0,35261.490030657405,750,6046118,5962555,567989,1140438,1697504,2283770,882301,853003,1681216,750968,1217108,934376,0,0,0,0,0,0
161,000610,2018-03-26,-0.016000000000000014,-0.03599999999999992,0.3160076400869948,3947.0,90810.39781214934,1005,11245091,4847581,1851388,772391,3129442,2022708,1769202,1099997,1207816,683485,508043,269000,0,0,0,0,2779200,0
162,000611,2018-03-26,0.008379888268156277,-0.0027932960893854997,0.35257466022945116,7722.0,52490.38769598204,412,5211440,6418134,208836,536281,1647705,1379328,1262626,1042694,501923,2075543,883850,728172,706500,656116,0,0,0,0
163,000612,2018-03-26,0.08148148148148149,0.06518518518518523,0.15054883632619617,5656.0,32418.976924808434,2022,11784786,18482738,1560173,2502113,5061030,7675950,1767998,2811953,2382352,3360235,463907,687767,0,1014520,0,430200,549326,0
164,000613,2018-03-26,0.05256723716381417,0.023227383863080542,0.20590375672759573,14994.0,81831.73986154518,1589,33316620,29415567,1660072,1307439,7548695,6762930,6244140,4990987,8228673,7040636,3521131,2448532,1295992,2325586,1765832,890226,3052085,3649231
165,000615,2018-03-26,0.11216056670602126,0.043683589138134415,0.18770295334067194,18799.0,120165.70440443873,2040,47936011,66292151,1665029,1385898,9858251,9266748,9271033,8882314,12151047,11563144,5232749,8222712,1365811,5574888,1378962,5271665,7013129,16124782
166,000617,2018-03-26,-0.01692420897718916,-0.03532008830022082,0.41830137424773367,5400.0,52838.80811963122,1058,14604533,7243571,1032006,1188919,4113600,2725215,2286627,1763734,2286865,1100636,923675,465067,1100770,0,900292,0,1960698,0
167,000619,2018-03-26,0.05654761904761907,0.0014880952380953438,0.22006241866460932,2680.0,41371.489401680614,936,7145438,5561567,680394,1235882,1581186,2124908,975002,635804,1065403,497161,893833,435831,1949620,0,0,0,0,631981
168,000620,2018-03-26,0.10034013605442182,0.03571428571428581,0.1657193716897928,10566.0,88987.77739925252,1265,23300449,20885655,1011288,1097682,4708046,4842590,3193090,3707996,4621475,4738329,3291747,485901,703836,1455122,1730065,1840847,4040902,2717188
169,000622,2018-03-26,0.016949152542373058,0.009685230024213176,0.155353339774423,2898.0,24616.78794592307,708,2942944,4488933,475998,1185125,1245766,1452198,618574,907467,250046,715642,0,228501,352560,0,0,0,0,0
170,000623,2018-03-26,0.017766497461928932,0.00862944162436552,0.4490138113235701,19890.0,106976.87769304313,1925,52077956,51318888,1439302,2159689,8458186,10581990,6711913,8119202,9542611,12230167,6688834,5298893,6868829,3404359,3824264,3030479,8544017,6494109
171,000625,2018-03-26,0.013623978201634968,0.0009082652134422275,0.22615098387631555,16492.5,120517.76293517304,2372,56761249,58036070,1657644,2444447,10434685,10694825,10617862,9939440,11141587,11360044,7519658,5909162,4305125,4401611,912834,913048,10171854,12373493
172,000626,2018-03-26,0.02511210762331828,0.010762331838565009,0.38151735668377706,13512.0,69248.16644457856,855,17199264,13774182,592848,709254,3231980,4444980,2882564,3645157,4501667,2655920,1701678,801576,670395,357500,2384252,0,1233880,1159795
173,000627,2018-03-26,0.03217158176943702,0.02815013404825728,0.1659765189785055,11595.0,87832.02401196655,2026,36592184,42735727,1536845,1803787,9350817,6363194,6866645,8146039,6626568,7961537,4621097,8138728,4747402,2748783,922092,3092288,1920718,4481371
174,000628,2018-03-26,-0.018888888888888844,-0.015555555555555656,0.24385059328862185,15902.5,78793.78624256152,1390,29665434,28138141,1436918,1148788,6694404,5883814,6401533,3744841,7948261,7778330,2959952,3678561,644144,762162,1356589,1795180,2223633,3346465
175,000630,2018-03-26,0.011538461538461497,0.0038461538461538325,0.05162769830940489,10360.0,159024.2730667668,2575,46005603,71639515,1352614,2734655,6775036,12680317,5637425,9462404,8435405,9143693,4657253,6490839,2373650,1986705,431360,2681854,16342860,26459048
176,000631,2018-03-26,0.010126582278481067,-0.015189873417721489,0.1057225218362652,5070.0,68614.82745130137,1402,20362744,10575747,2241559,1277716,3543806,3033652,2531545,941365,5212039,3653311,1790488,1064668,1529095,0,1317918,0,2196294,605035
177,000632,2018-03-26,0.021621621621621623,0.009009009009008917,0.21256974103865117,2242.0,68772.83130237191,684,9304977,8058617,318562,718662,1327044,1368075,1919504,1157027,1614521,3469655,1727137,1034448,1084993,310750,0,0,1313216,0
178,000633,2018-03-26,0.007352941176470562,-0.05759803921568629,0.24512615962396317,11550.0,36866.10356831074,1136,17431680,6237575,1557007,789692,10432538,2311752,2193773,957223,1419243,925936,1189082,0,640037,706272,0,0,0,546700
179,000635,2018-03-26,0.018987341772152,0.007120253164556889,0.3818366786115338,10056.0,42445.21247970818,1097,12998193,13836861,772332,1391422,4310171,5005021,2812243,3216991,3360671,2652006,1016481,451670,726295,715271,0,404480,0,0
180,000636,2018-03-26,0.12388663967611335,0.08340080971659924,0.2170319277224849,96097.0,621323.3675256729,3248,317824202,485365444,670581,727389,12978922,10089301,16299452,19633689,34760050,41406798,36368321,40708984,32182038,22901387,22913595,28180249,161651243,321717647
181,000637,2018-03-26,0.03838771593090207,0.0249520153550864,0.1808400147891062,10580.0,73846.8959690467,831,13865891,9860298,759762,649576,3856822,2940541,2858323,1961220,2456205,1366654,1808217,203840,0,0,0,429084,2126562,2309383
182,000638,2018-03-26,0.03082614056720101,0.008631319358816336,0.24266579399355231,10699.0,59150.08274176714,1119,15642058,15742736,1043426,1467731,4815480,4393130,4329384,2987664,2726219,2248213,898593,1802035,685770,957996,0,881874,1143186,1004093
183,000639,2018-03-26,0.03013698630136985,0.006849315068493178,0.39171676886573964,7297.5,47874.6914679945,1394,14335776,15048377,1499759,1525735,4001751,6102328,2626654,3361915,2871208,2204826,1394014,1495873,319440,357700,0,0,1622950,0
184,000650,2018-03-26,0.037815126050420256,0.021008403361344685,0.14794191810236493,8622.0,68033.34603205626,1037,12820518,16411757,1227583,1147095,3586259,3932857,3420481,2080756,2598494,3302733,1425525,475547,0,322050,0,2715684,562176,2435035
185,000651,2018-03-26,0.0006237006237006515,-0.011434511434511574,0.8030690405205826,263835.0,1108441.0849733483,3588,948116204,1093740139,76305,104838,3947647,4157128,14305986,15544166,49941320,50316486,54017254,55497370,51962092,50496653,42107040,51927611,731758560,865695887
186,000652,2018-03-26,-0.020000000000000018,-0.01777777777777778,0.10768075466176955,9713.0,86965.09259051016,1756,39516604,25233207,1498970,1177971,7317185,6108836,6888770,5092992,9177852,5031727,4488561,2176802,2341537,1420075,947157,1339368,6856572,2885436
187,000655,2018-03-26,0.0660377358490567,0.05471698113207557,0.14350110968151883,12320.0,50540.844793254226,1367,18110738,19827124,1259872,982856,5466302,7743952,4739437,3243816,4771289,4269683,1426688,1005364,0,650213,447150,485212,0,1446028
188,000656,2018-03-26,0.03960396039603964,0.02970297029702973,0.13869018995886462,12075.5,181892.5074749622,1328,36219044,50887017,1445144,852328,5796089,4319497,5231486,2465078,5717735,3726346,3220566,6082354,1729716,5063549,2303881,2592574,10774427,25785291
189,000657,2018-03-26,0.038235294117647145,0.016666666666666607,0.2771884226243269,4144.0,53987.52934359145,1361,15056764,10859903,714171,1714163,3339426,3328378,2442435,1896297,3144137,2548657,1600665,675508,618254,696900,443504,0,2754172,0
190,000659,2018-03-26,0.03651685393258419,0.016853932584269593,0.13202979730776068,14300.0,66581.5906413405,728,12464202,13470579,398807,555530,3019710,3659809,3064728,2478885,3982372,2933181,1194795,1155459,312390,339624,491400,906774,0,1441317
191,000661,2018-03-26,0.04212643678160921,0.034425287356322,3.370888492999047,73040.0,387921.25521674525,2675,197697244,227124659,0,0,10774304,9032924,18364045,23835438,33717850,38307448,26619738,27681208,16354951,20712355,11118974,13034727,80747382,94520559
192,000662,2018-03-26,0.08931698774080554,0.06742556917688258,0.33756622655903407,11500.0,59619.68671117378,1147,16708540,18567680,739756,1080248,4197999,5039665,4176888,4027228,4631004,3451236,2081064,2158095,0,398246,881829,828558,0,1584404
193,000663,2018-03-26,0.025021570319240904,-0.0025884383088868868,0.27668284893162143,20772.0,90225.47582718065,1759,49354592,37694787,984842,1157189,7677074,9787765,7566972,6759631,12210754,9464435,6265496,4253924,3703138,1368445,3945743,1319785,7000573,3583613
194,000665,2018-03-26,0.030769230769230882,0.026666666666666616,0.27606961487690007,19780.0,79625.09419673005,1248,27153664,30676783,1194456,1141340,6013419,6567007,4946168,5733944,6116076,8462161,3916793,3169663,2457606,1944408,499422,1810560,2009724,1847700
195,000667,2018-03-26,0.006968641114982521,-0.006968641114982632,0.07057823492260114,3962.0,81117.04909064314,1666,15794069,13013171,1146517,2702753,2901250,5288669,2366321,2011348,2418623,1197200,1046811,1094677,702454,310821,0,407703,5212093,0
196,000668,2018-03-26,0.012224938875305735,-0.007334963325183352,0.7758814094950336,7116.0,36508.567941825604,250,1578292,2282257,267578,200744,587860,946861,253860,312646,227394,406976,241600,0,0,0,0,415030,0,0
197,000669,2018-03-26,0.019230769230769384,0.0073260073260073,0.29396781502744224,3309.0,38726.08460352641,1381,9298368,11507616,930452,1840781,3515466,4394242,1655863,1738637,1986618,1790792,1209969,0,0,0,0,406570,0,1336594
198,000670,2018-03-26,0.11578947368421044,0.06105263157894747,0.10100034372329633,13078.0,93991.40208413223,2224,43033104,58984332,1536601,1775051,7951756,9323205,8320649,9073823,10472781,11512725,4823238,9203335,3940565,7400403,1717989,4543388,4269525,6152402
199,000671,2018-03-26,-0.001386962552011095,-0.009708737864077666,0.14012423683709424,14320.0,169979.17378047283,2655,100284833,83405548,1815082,1921334,8240943,10384135,9608091,9881473,12075786,13145947,19673068,9187461,10540431,8728173,4034253,4969673,34297179,25187352
200,000672,2018-03-26,0.04843049327354243,0.019730941704035665,0.20282109283481806,35984.0,180841.60430294252,3028,138337068,118621705,1401297,1167009,15093922,13162358,17463561,16111082,27545291,28355318,24343852,18492717,13131558,11393125,6654976,6764774,32702611,23175322
201,000673,2018-03-26,0.0298013245033113,0.02052980132450344,0.39643314476805097,15180.0,124108.19600779066,1455,28666336,39309455,1644689,858717,8222517,5901991,5142963,5243053,6092424,3639764,1816547,4349266,694584,1037225,0,2720652,5052612,15558787
202,000676,2018-03-26,0.041006523765144465,0.02050326188257201,0.29449989180635633,9837.0,37768.40253277678,1330,14095306,15891733,840028,1507910,5402712,5476995,4614841,3472041,2780125,3273707,457600,965858,0,645222,0,0,0,550000
203,000677,2018-03-26,0.006578947368421018,0.0032894736842103978,0.1408628952752967,6070.0,47681.09551422401,466,5078583,4818068,367985,514175,1518648,1361893,969672,722211,1442168,1294811,463520,0,316590,318978,0,0,0,606000
204,000678,2018-03-26,0.018487394957983128,0.003361344537815114,0.23728605023762622,6435.0,23658.181862009198,629,5403512,3943675,696383,707087,2297060,2030103,1120101,955142,1081615,251343,208353,0,0,0,0,0,0,0
205,000679,2018-03-26,0.03395585738539908,0.01697792869269965,0.23447833902204224,2975.0,27620.38731768954,631,5247592,2917786,755789,508094,1533250,1289622,1135518,376794,1321313,743276,501722,0,0,0,0,0,0,0
206,000680,2018-03-26,0.01941747572815533,0.004854368932038833,0.11615027568885251,4130.0,40143.372293755296,1261,10646489,10936077,1022696,1594864,2496654,4071350,2143847,2097760,2139262,1440297,2067651,841696,365379,309140,411000,0,0,580970
207,000681,2018-03-26,0.04870940882597852,0.036219816819317296,0.48169063119787586,34846.0,180819.8359595913,2505,106163567,124146795,1132801,1349006,9506036,15695762,11897026,13153914,20666250,24813786,12887791,16024291,9355212,11281092,5371011,6902747,35347440,34926197
208,000682,2018-03-26,0.014184397163120366,0.0023640661938533203,0.11034382105178936,2556.0,22790.92632606163,1476,6299226,6372899,1137540,1958452,2200593,2275809,994872,1255688,1036169,882950,0,0,930052,0,0,0,0,0
209,000683,2018-03-26,0.015209125475285079,0.0,0.06154373508084041,3156.0,85194.68096107112,1847,23474882,18590006,1143845,1883670,4625725,4640778,2765631,2588487,3378712,2467732,2612567,2052748,382980,342426,1350116,2740972,7215306,1873193
210,000685,2018-03-26,0.008247422680412342,0.0,0.24476591352314248,5790.0,69052.54264742287,1573,19654584,16466133,2290343,1081200,4834326,4717943,3824756,3097680,2078105,3252768,1679671,1608775,726376,393872,1397879,400475,2823128,1913420
211,000686,2018-03-26,0.017218543046357615,0.0066225165562914245,0.1929171841760134,12869.0,82085.74352263624,1533,29232454,28494739,1073526,1607262,5905682,7663415,4776561,5438042,5582279,6118599,2744214,2668901,3860737,1628774,892711,897428,4396744,2472318
212,000687,2018-03-26,0.133259911894273,0.06167400881057272,0.2717923657542224,13181.0,85244.4161742393,1118,18490571,21303547,971924,1218925,4287000,5187266,4287201,3814787,4201059,4520949,1747135,1187845,327600,1342789,838194,491512,1830458,3539474
213,000688,2018-03-26,0.018181818181818077,-0.0040404040404041774,0.24464228124383997,19740.0,159699.78355073425,1638,65446877,41242965,1534523,1193045,8961483,6054252,7087959,6938967,10761176,9820565,8420754,5997625,5898555,4146406,4077902,1895731,18704525,5196374
214,000690,2018-03-26,0.012658227848101111,0.0025316455696202667,0.20314425516456378,10270.0,110549.45603417969,1515,26889999,46462242,1003817,1719896,3901681,6214145,5266114,5568392,4777886,9014042,3429356,5498241,3452448,6615217,1817390,3126688,3241307,8705621
215,000691,2018-03-26,0.0769230769230771,0.00874125874125875,0.27390708654350154,3877.0,23865.663974852403,436,2339009,2794224,480832,332911,1018959,1138425,579424,825724,0,497164,259794,0,0,0,0,0,0,0
216,000692,2018-03-26,0.018087855297157507,0.0025839793281652312,0.15659886573762183,2691.5,26924.044386674504,612,3550420,3467702,263405,868383,1308033,1407353,1073782,449468,520200,742498,0,0,385000,0,0,0,0,0
217,000693,2018-03-26,0.0,0.0,1.7216792167124269,5095.0,22094.82907629972,34,0,414733,0,55026,0,182401,0,60121,0,117185,0,0,0,0,0,0,0,0
218,000695,2018-03-26,0.0506072874493928,0.02530364372469629,0.25689344562329125,9144.0,77986.56051797177,1486,20505744,22424983,1610787,909676,5420652,5052650,4122028,4352946,3723068,5835892,1813517,1528759,668760,621978,1381376,403512,1765556,3719570
219,000697,2018-03-26,0.022298456260720467,0.012006861063464935,0.47604037384782943,13847.0,84973.87394171515,1351,25817133,27439413,1689908,841533,6093928,4346504,5185411,5587384,6106874,5217961,1754001,1791275,1690622,3835028,1281549,2575259,2014840,3244469
220,000698,2018-03-26,0.03745318352059934,0.0,0.17149320815290986,7433.0,84206.8349033925,971,18799107,18840304,867135,659715,2485137,3133091,2608062,3010661,4689760,4390366,2955772,2395273,2696809,1410300,909120,457314,1587312,3383584
221,000700,2018-03-26,0.02310924369747913,0.010504201680672232,0.17392819091607206,5796.0,51255.34437590691,749,7199297,8315708,1149742,633232,2845638,2290540,1646702,1766204,968155,1037081,217610,476147,371450,686908,0,0,0,1425596
222,000701,2018-03-26,0.027194066749073098,0.004944375772558907,0.1913550524766671,9118.0,104756.29224977973,1795,31763309,28925813,2754547,1126803,7895572,5003652,5549666,4869301,4250558,6213484,1849933,3400235,997057,3056329,1219284,1294772,7246692,3961237
223,000702,2018-03-26,-0.048034934497816595,-0.06404657933042213,0.18204907088939695,15120.0,71369.50930522128,1431,28910935,24570300,1366748,1033896,7927577,5013020,5676258,5659522,4846236,4520262,3815234,4171738,2440984,1403429,1323799,1256095,1514099,1512338
224,000705,2018-03-26,0.017955801104972302,0.004143646408839796,0.22114390889827285,4296.0,29135.054628632817,1076,7351829,7632113,1101088,1376155,2483008,2369347,2256313,2186450,851768,1457281,254100,242880,0,0,405552,0,0,0
225,000707,2018-03-26,0.01799485861182526,0.007712082262210762,0.1285111118157236,3850.0,26141.55682236478,920,4837082,5014717,1334719,1261635,1851347,2032947,582882,494364,669509,391719,0,512400,398625,321652,0,0,0,0
226,000708,2018-03-26,0.003027245206861595,-0.010090817356205761,0.3110525999096693,4942.5,62582.389408542054,1016,10495828,13042194,612940,1619722,2603324,3898423,2422458,2390795,1539481,1677499,526874,1211188,1406936,0,881465,424664,502350,1819903
227,000709,2018-03-26,0.02046783625731008,0.0029239766081872176,0.07144308744768779,12384.0,120573.4047247118,2311,58723520,53228033,1748923,1968094,9153475,10251445,7160634,6963263,10405957,10934121,9266345,3606743,4873099,3442244,3541551,3127574,12573536,12934549
228,000710,2018-03-26,0.05476190476190479,0.027619047619047432,1.038978035606268,20995.0,90447.83938270481,1642,32115662,39111096,1161641,1755047,8995652,8174251,6976682,5514649,7435450,6564006,3634017,6019482,1384858,3452624,1796388,2735557,730974,4895480
229,000712,2018-03-26,0.02337110481586402,0.012747875354107707,0.368332994609146,12942.0,77573.895654638,1471,26167472,26007373,1097421,1476867,6300891,7378468,4776900,4789329,4844047,4396277,2137947,3495222,3040651,642070,403155,2622346,3566460,1206794
230,000713,2018-03-26,-0.03684210526315779,-0.05263157894736836,0.1752376639056113,18573.0,659254.0091508985,1890,96156170,128441707,1013068,1895530,5320376,8659282,6077088,8753970,11808472,10173358,7059694,9398190,6474914,6333687,7154025,3877672,51248533,79350018
231,000715,2018-03-26,0.029268292682926855,0.014634146341463428,0.33920956793908746,1670.0,30408.789668192134,584,2868744,3358517,426238,653333,902154,959427,1230258,347658,310094,609827,0,0,0,373272,0,415000,0,0
232,000716,2018-03-26,0.02857142857142847,0.02244897959183656,0.1349643100863885,11424.0,61573.556126645984,1323,19586577,16501325,862998,1131303,6944119,4990332,3227062,3356735,3700512,2874650,2062620,1204715,1390683,749060,847838,986211,550745,1208319
233,000717,2018-03-26,0.03859649122807007,0.024561403508771784,0.10791486472126767,14750.0,234821.81587534436,2807,103218449,101926780,3480405,1385192,12063501,8971100,11580692,11204280,16009227,14627224,14032918,10254367,8747882,5691875,4532351,5063012,32771473,44729730
234,000718,2018-03-26,0.01285347043701801,0.0025706940874035134,0.10448723068556126,7002.0,102301.82642084948,1392,23534782,18350718,1627100,1426448,3686995,5366293,2336969,3566095,3303199,3575025,2269380,486119,1836208,1490249,894362,0,7580569,2440489
235,000719,2018-03-26,0.0060975609756097615,-0.004878048780487698,0.23196683467828544,2445.0,33927.55921216376,1251,5092614,6057505,1421104,1374323,1895285,1612281,643636,718029,361431,798573,438888,251944,332270,0,0,0,0,1302355
236,000720,2018-03-26,0.011820330969267046,-0.007092198581560294,0.16580161014287517,7560.0,41176.44704929312,651,6439736,6855336,423162,919043,1595904,3075464,1319203,1691644,1591797,710956,560268,458229,0,0,404092,0,545310,0
237,000721,2018-03-26,-0.014814814814814836,-0.04444444444444451,0.1512575827952967,10400.0,67524.24515913267,1281,21681473,18563597,1007293,1196884,5350160,4948060,3715557,2912111,5840875,4063599,2991363,2023897,334862,1401311,413610,482162,2027753,1535573
238,000722,2018-03-26,-0.025988700564971823,-0.037288135593220306,0.29914066204221484,9936.0,45564.216099963305,881,12460576,9426235,1216760,872319,4064196,3267093,2605820,1802197,1917128,1620266,1610068,220740,1046604,1643620,0,0,0,0
239,000723,2018-03-26,0.06470588235294117,-0.0117647058823529,0.11343049173876596,18000.0,194644.37560679542,2029,83283613,71669119,1095009,1650488,6551106,10237963,6402217,8255481,9907293,11750627,16506860,12251891,9277821,5574157,3972491,3066790,29570816,18881722
240,000725,2018-03-26,0.016822429906542258,-0.0018691588785045843,0.08941891507189238,253817.0,1390507.5199655457,3599,1093976346,1228633553,95723,115595,3674007,4571997,16767498,16918043,57021770,56219660,59404889,62175123,55868367,57809733,44354582,51874539,856789510,978948863
241,000726,2018-03-26,0.01065891472868219,0.005813953488372103,0.3141122273773364,3110.0,42397.5513633801,1079,10755541,8514734,554021,1452993,2046760,3746120,2165332,1123816,3557360,1914392,846632,277413,344322,0,0,0,1241114,0
242,000727,2018-03-26,0.03539823008849563,0.02212389380530988,0.0512243157119104,5902.0,92249.16819474912,1981,24878546,32838691,1429345,1981534,5656350,7052732,4342878,3529740,4484460,6457024,4407089,1992413,1429850,3718327,848943,931679,2279631,7175242
243,000728,2018-03-26,0.022041763341067444,0.012761020881670637,0.1989567517393314,20808.0,113286.92243169363,1879,49745156,55828235,1258953,1387473,6936825,11466785,8320045,10383941,8908957,11283042,7431029,5776703,5168387,4162431,4452651,2158046,7268309,9209814
244,000729,2018-03-26,0.05848787446504988,0.041369472182596345,0.1584608933191222,11136.0,94826.5542646724,1961,31862260,43136017,1495085,2494118,6208714,9993251,4933244,6469653,6865290,6130309,4267262,5329576,3121068,4345479,917632,916596,4053965,7457035
245,000731,2018-03-26,0.02684563758389258,0.012080536912751683,0.2506703416355275,12032.0,66656.9326626955,884,18009152,11946118,732876,838997,3509737,3826177,3770760,2339278,4835689,1662342,2271447,988774,1068781,681065,1819862,859485,0,750000
246,000732,2018-03-26,0.017303822937625668,-0.0004024144869215762,0.49369787237457124,39688.0,256160.81936437852,2540,149394998,144325552,1498787,1437238,9906779,10231687,12401211,12988531,26796039,20275721,19592237,20856805,12681376,16019003,9846188,11047641,56672381,51468926
247,000733,2018-03-26,0.06724137931034502,0.04482758620689653,0.2906872861163418,8578.5,65629.66614285631,1596,23297493,24876572,1390244,1354289,5787814,5673674,5129682,6071708,5810972,4410852,1896942,2741643,2072403,2117750,0,428220,1209436,2078436
248,000735,2018-03-26,0.021229050279329753,0.004469273743016755,0.16582016422266752,45450.0,305075.08013889875,2924,179282933,192604691,1541104,1185868,13539674,12044444,16740305,17629311,31225744,31129583,17589917,22688073,13287673,12239652,12488392,14857309,72870124,80830451
249,000736,2018-03-26,0.031419939577039147,0.022356495468278004,0.6448358821292273,8415.0,65733.47701746783,659,7526195,8968886,431932,908797,1962668,2418942,1625949,3027722,1316860,982504,208782,454822,320116,343600,0,0,1659888,832499
250,000737,2018-03-26,0.035135135135135,0.021621621621621623,0.1642697030446244,7600.0,38300.13162268123,509,5813959,5380175,432594,474019,2197360,1840630,1658185,1171716,841746,1477190,684074,0,0,0,0,416620,0,0
251,000738,2018-03-26,0.036691127418278846,0.016010673782521634,0.2954226745007552,41823.0,218182.6795260677,2581,155166947,146604817,1071086,1577086,8616513,12147558,12329864,14754033,21963719,25856558,19006897,17901585,19822565,14079381,10388987,13514003,61967316,46774613
252,000739,2018-03-26,0.0,-0.020797227036394972,0.1970933726427113,10792.0,59141.98179636582,858,13304742,11685087,860156,670618,3022281,5443037,2811399,2248924,2596730,2205268,1027375,0,1004828,1117240,441830,0,1540143,0
253,000750,2018-03-26,0.02163461538461542,0.012019230769230616,0.1085542444846051,10056.0,122707.1647459471,1473,26872317,25174144,884718,1600491,5451473,6880186,4251297,3635819,4742994,2895970,3665116,2588187,1051142,309120,1304905,1787089,5520672,5477282
254,000751,2018-03-26,0.015909090909090873,-0.002272727272727426,0.11970627069376157,8820.0,58236.43111496808,1354,19310554,20273560,1001202,1808473,4458957,5735603,3871647,4500522,3565641,3113593,3232203,2684472,1227444,1105922,1245922,1324975,707538,0
255,000752,2018-03-26,0.01086956521739113,0.007246376811594235,0.5683699765893372,13810.0,53094.543110510225,589,9083728,8250996,568215,523845,2523985,2758160,2608839,1725761,1992424,1109116,495210,1000732,312200,301032,0,832350,582855,0
256,000753,2018-03-26,0.012345679012345512,-0.0030864197530865445,0.10840768865356605,3575.0,26907.16497852254,895,4863777,5695501,523228,1651202,1659986,2264127,1022820,834762,828232,679438,435591,265972,393920,0,0,0,0,0
257,000755,2018-03-26,0.00164473684210531,-0.013157894736842146,0.288378188403899,6850.0,26489.1778527091,444,4043430,4033651,316663,481474,1695197,1776416,1349813,1190235,681757,585526,0,0,0,0,0,0,0,0
258,000756,2018-03-26,0.01680672268907557,0.0,0.33015738581513515,17842.5,93622.07195013945,1300,23517956,25140400,817564,1158177,7501802,6239984,6576615,3643257,3585077,4016115,1807576,1161563,2410360,1342722,818962,0,0,7578582
259,000758,2018-03-26,0.026785714285714413,0.012499999999999956,0.12526102614471507,10868.0,87563.48938409369,2007,32535035,40462732,1166359,2309204,6489498,7558908,7607727,7576032,4626283,9950750,2651004,4991329,2523120,3906434,0,1739966,7471044,2430109
260,000759,2018-03-26,0.0023529411764704466,-0.02117647058823524,0.17665910087343129,18906.0,136162.76879272,2323,54071166,64862037,2074757,1714813,10760262,10519729,12159347,10025566,12459188,13134188,7025676,6901720,3507250,5678922,1790930,2196715,4293756,14690384
261,000760,2018-03-26,0.03828828828828823,0.0045045045045044585,0.14801250631967,6735.0,45379.50636376246,902,10684082,9056064,753575,1007554,3568764,3434035,1882715,2380175,1661142,1750257,628509,484043,1036394,0,0,0,1152983,0
262,000761,2018-03-26,0.007025761124121788,-0.007025761124121677,0.10264002245355867,7208.0,67330.90177615802,1737,24324704,26726673,1219301,1826770,5764466,5883357,4277281,4223064,5015856,4979564,4085705,3585416,1084234,1619418,401427,2267703,2476434,2341381
263,000762,2018-03-26,0.04959349593495932,0.03170731707317054,0.29078225416171866,16549.0,96514.8046433228,1791,36062045,40489350,1076646,1401077,8155257,9236340,7852145,6941380,8709489,9824824,1963049,5943690,2761045,3048259,855980,463232,4688434,3630548
264,000767,2018-03-26,0.0,-0.011194029850746356,0.10648160496848455,5360.0,60696.33558802347,635,9052490,6795579,440025,636011,1749370,2340219,1224716,1425871,1497138,1628386,1167539,424000,0,341092,1750224,0,1223478,0
265,000768,2018-03-26,0.029994001199760145,0.0029994001199757925,0.28502381410347627,107200.0,818662.1300067094,3429,450767140,524772380,743858,649906,11200275,10043598,18439158,18282754,37851056,41312560,39097036,36597869,26005101,48720760,27793483,22977209,289637173,346187724
266,000776,2018-03-26,0.014659018483110353,0.008285532186105948,0.29129863717615934,47490.0,273232.65851804335,2904,158233972,170418633,1139227,1246978,10006240,17729418,18823268,25407500,25362090,29296119,10793019,13214004,13262930,8709896,12925649,9130903,65921549,65683815
267,000777,2018-03-26,0.01765157329240208,0.0015349194167306734,0.3648633245207729,9086.0,52453.938918085696,1277,15750200,16564036,829460,1619081,4357157,5638592,3394055,3280419,3660760,2615494,1463774,737882,703672,1501395,812422,0,528900,1171173
268,000778,2018-03-26,0.02777777777777768,0.010683760683760868,0.10376266500686225,11625.0,126143.10523199923,2043,40253032,49945924,2302004,1871412,7996345,8775319,5311361,7222547,9190982,7301745,4629062,4817371,964253,3317636,438924,2755042,9420101,13884852
269,000780,2018-03-26,0.01680672268907557,0.006302521008403339,0.18368644428092906,4730.0,75719.81863940047,672,8225069,7945601,760707,538923,1927324,1661399,1562393,734726,1705733,1069332,299520,744628,335300,0,425898,906400,1208194,2290193
270,000782,2018-03-26,0.017713365539452575,0.011272141706924366,0.30762025376514956,8610.0,28243.312870733334,407,3965909,3528794,441353,404914,1590441,1544257,856408,1212283,835287,367340,242420,0,0,0,0,0,0,0
271,000783,2018-03-26,0.021489971346704717,0.005730659025787732,0.17035163157952096,14784.0,92546.15254986411,1683,36164988,31122611,1445816,1593958,6430095,7793679,10099612,7388055,5887729,4252940,2999517,2216785,1351243,2662348,3009244,879400,4941732,4335446
272,000785,2018-03-26,0.023076923076923217,0.004395604395604602,0.3273459708407251,9130.0,58026.16075421928,774,10986421,9115989,499302,1193864,2942617,3512402,2362005,1969400,972842,1509658,1502296,472604,368100,0,407217,458061,1932042,0
273,000786,2018-03-26,0.03940677966101691,0.007203389830508389,0.4211304915321355,47630.0,197612.57865945867,3146,188229320,150080008,1161239,1285069,15336743,11782217,18966865,14856077,39670842,31582614,31905964,24073998,13978105,15580803,20557226,16154683,46652336,34764547
274,000788,2018-03-26,0.023703703703703782,0.00592592592592589,0.20655436806921737,7031.0,44145.046127148984,1069,12207544,13441732,466853,1742445,2668636,5307025,2422355,3515501,3137067,1703406,2406652,813205,662441,360150,443540,0,0,0
275,000789,2018-03-26,0.04162633107454017,0.014520813165537216,0.19686855504203107,31589.0,184919.8590455846,2759,122764676,113524819,1209758,1521365,13159199,11700224,15283254,14126421,22919249,23871936,17296224,12250833,12857654,9692821,8372243,5114931,31667095,35246288
276,000791,2018-03-26,0.02941176470588247,0.009287925696594312,0.1737828495633452,11152.0,49828.129898564766,1383,17156709,18279702,1107868,1453156,5634334,7003159,3285557,3459070,3659631,3674949,1258721,1194484,651486,0,905360,891520,653752,603364
277,000792,2018-03-26,0.0449915110356538,0.03140916808149408,0.23717117259985437,37448.0,263318.6775454529,2471,141122234,149557905,937895,1301306,8412032,12888600,9765565,16130942,18384946,26104823,9757054,19066685,12164706,18806180,8043266,9048673,73656770,46210696
278,000795,2018-03-26,0.05617977528089879,0.04307116104868913,0.11600668798379671,19495.0,159039.72031908837,2129,73007972,63457528,1291677,1546204,8802415,9382158,9367399,9454322,13801077,13991743,8048023,8022453,5205397,8321637,1836223,3178914,24655761,9560097
279,000797,2018-03-26,0.0417661097852029,0.02028639618138417,0.26627401347993807,8550.0,69226.15851133227,991,15327534,14605145,1000417,892709,4767710,2770775,3191994,3117861,3060345,1436470,2240633,933667,1066435,1944954,0,0,0,3508709
280,000798,2018-03-26,-0.025551684088269355,-0.03252032520325199,0.3196278801946267,12352.5,60888.86654725033,730,12160352,9458127,698615,680635,3698023,2898610,2736658,1704723,2641710,1188195,1659877,924291,321210,1050241,404259,0,0,1011432
281,000799,2018-03-26,-0.0008865248226950229,-0.020390070921985748,0.49692230313090957,22080.0,121074.53165951051,2063,67505918,41852272,1430143,1449043,10566256,9782706,9958874,7344506,11626334,8662849,5777924,5427413,5670072,2749515,3156324,2175840,19319991,4260400
282,000800,2018-03-26,0.02857142857142847,0.020408163265306145,0.2548004418305607,17946.0,112052.78195633444,1480,38617014,36795011,1188690,1370262,6392654,6585634,6462473,6855469,8857233,7750773,5844457,5781255,1995121,2238819,454203,1782831,7422183,4429968
283,000801,2018-03-26,0.009803921568627416,0.009803921568627416,0.16486666190584065,20312.0,871535.9386999791,1382,125135871,56069061,1854328,205822,8591246,2157993,8439767,2746956,10815307,5970552,11702310,5303558,5579866,3042241,4051231,2224802,74101816,34417137
284,000802,2018-03-26,0.029384756657483857,0.013774104683195398,0.3268851654966087,9810.0,63165.60125080245,1111,14864632,13271839,885552,1088094,4592770,3686560,3161244,3195241,2373813,2172585,1098779,1399538,649572,0,893863,442134,1209039,1287687
285,000803,2018-03-26,0.07435897435897432,0.08410256410256411,1.5429044543634225,10070.0,22564.406503610313,159,875856,1990232,102569,214240,502691,880948,270596,781806,0,113238,0,0,0,0,0,0,0,0
286,000806,2018-03-26,0.04815864022662897,0.03257790368271962,0.14327411359801134,22065.0,99252.17771858511,2434,65910419,60937352,1671382,1875967,11623337,12423288,12770441,12602998,18983423,14972794,7263373,6520477,3871791,3776322,2208852,3428613,7517820,5336893
287,000807,2018-03-26,0.02876712328767117,0.013698630136986356,0.1349949111528478,29720.0,227560.95948896356,2935,151045440,136985431,2732980,1468755,13832402,12976511,17735266,13194402,21303388,21461462,15388736,17207915,11831311,11370870,10838821,9111190,57382536,50194326
288,000809,2018-03-26,0.015576323987538832,0.006230529595015577,0.14963883899611713,9468.0,63453.49984242775,460,7357514,6754897,481751,379382,1854506,1848486,1634130,963919,2012120,1275014,693879,792590,681128,696516,0,0,0,798990
289,000810,2018-03-26,0.03243243243243232,0.013513513513513375,0.15481113688254608,10402.0,90074.51963686357,2295,47611930,29787676,4657086,1335918,10134693,8189827,8512589,5385424,6919370,6858619,5737031,2236823,1487852,724890,2264111,434763,7899198,4621412
290,000811,2018-03-26,0.008797653958944274,-0.0058651026392961825,0.2513613557438562,7315.0,47274.11160941925,736,7981741,8980649,477210,831448,2494378,3212193,1726362,2193538,845952,1416130,1701532,658350,736307,0,0,0,0,668990
291,000813,2018-03-26,0.026250000000000107,0.00374999999999992,0.23863795664272958,10387.0,47335.60378536596,1125,17625753,12635405,1219690,1063375,4959668,4489099,6245995,3472184,2910367,1862870,1137869,595332,396000,351347,0,801198,756164,0
292,000815,2018-03-26,0.06055045871559628,0.04954128440366956,0.31009059130824657,13170.0,59504.05189149495,1240,18281567,26149370,877557,1129481,4639420,5525477,4394517,6304085,5489421,5626982,1421217,3138499,1011445,1733262,447990,2170299,0,521285
293,000816,2018-03-26,-0.02732240437158473,-0.04371584699453557,0.06450833870021598,28495.0,269087.61857548065,3262,161875706,173324690,1497614,2261092,13052572,15158153,15148113,17026663,24891023,23502321,18614660,16162297,12647836,11492544,12904280,10514094,63119608,77207526
294,000818,2018-03-26,0.029940119760478945,0.006843455945252375,0.36346118871122735,11840.0,115410.22287589753,1036,25353970,20540703,764096,887440,4346356,4202196,3421095,3879560,4260461,3745460,2380330,1899004,1413758,1360758,925200,448512,7842674,4117773
295,000819,2018-03-26,0.0273738237810095,0.0025662959794696683,0.2544340589580852,18032.0,109657.13151877614,2124,55069663,48797086,1465283,1396457,9523607,9562563,9678758,8380548,12339139,8700293,7593688,8004981,3144678,4754895,4408988,868793,6915522,7128556
296,000820,2018-03-26,0.02653190145293749,0.02653190145293749,0.3066057190909436,73554.0,1683177.176117793,2679,356177581,455252601,902967,765178,8596890,9312588,14526057,18093695,26138427,31392815,17662119,25338157,13788853,21403032,14695739,17393877,259866529,331553259
297,000821,2018-03-26,0.06542056074766367,0.03738317757009346,0.28041989609445417,18836.0,76225.17397704558,1458,34242162,29314776,827209,898921,8051655,5520720,7430718,5335510,11755717,6524157,3121863,3809242,1379626,1021784,0,899382,1675374,5305060
298,000822,2018-03-26,0.017955801104972302,0.008287292817679592,0.16097585657993535,8532.0,67693.35911361375,2027,29760207,34370894,1801217,2484370,6156374,8364934,5932132,6781944,5901591,6170000,4615102,3673056,2424453,3264678,0,831036,2929338,2800876
299,000823,2018-03-26,0.05633802816901423,0.023474178403755985,0.17344537231980114,24402.0,140292.11759853788,2420,87857343,82458368,1639832,1275568,12099841,9718803,13965287,12160746,14243960,17712881,10505959,8841659,8073460,7956517,6065578,5376688,21263426,19415506
300,000825,2018-03-26,0.026168224299065512,0.0037383177570093906,0.09660540152412649,27015.0,415477.90682856925,3084,207810897,173701968,1817310,1377694,12199881,12555457,13006848,15508151,23084376,21948423,16983563,13663488,9156737,12016041,7130890,8918853,124431292,87713861
301,000826,2018-03-26,0.006659267480577213,0.0014798372179058994,0.6983969459113487,19026.0,174244.5793279196,1498,52788070,45069581,532644,1624209,4771456,8250208,7389158,6915180,9735766,6866362,6248888,5582991,1362640,2344102,1793780,3097266,20953738,10389263
302,000828,2018-03-26,0.012682926829268304,0.006829268292682933,0.45403227578236066,10380.0,38111.95756713923,509,5351860,6507158,365679,359307,2421900,2829656,1333607,1451295,614312,1198956,616362,265200,0,0,0,402744,0,0
303,000829,2018-03-26,0.02106430155210659,0.009977827050997812,0.26733756940254316,8970.0,42371.70901309927,1142,11350919,11911346,1292472,1586710,4163546,4004317,2339837,2974409,1363678,2396353,257686,949557,329120,0,858480,0,746100,0
304,000830,2018-03-26,0.04140127388535042,0.02292993630573248,0.26628307243573823,106144.0,612251.4849245091,3483,427097047,496114198,545484,811874,12283497,11746174,18743122,18303036,39903454,38027431,38483626,35274384,33995063,37178194,36033321,34758799,247109480,320014306
305,000831,2018-03-26,0.13245702730030318,0.13245702730030318,0.19935297937061988,29119.0,465754.9634908003,2467,285142660,87325471,2455832,86921,16591476,1928384,16461028,4712093,29199250,8812926,25302254,6556849,15339593,7297331,17653688,5280740,162139539,52650227
306,000833,2018-03-26,0.008291873963515828,-0.011608623548922115,0.18805660369952448,6000.0,37785.99243021114,1029,10760759,9800152,977086,1156320,4070092,3349396,2202948,2411694,1893778,1851456,1087315,728346,0,302940,0,0,529540,0
307,000835,2018-03-26,0.02463768115942022,0.004347826086956497,0.2495201207466834,7590.0,45349.10370754504,765,9286205,8042136,577046,1027360,3105056,2630015,2649052,1219684,1435658,1031543,718673,976834,328800,729086,471920,427614,0,0
308,000836,2018-03-26,0.022421524663676973,0.0022421524663676085,0.10967597879685125,17400.0,90080.43071394958,1661,40701603,39300181,1037004,1592251,6747401,8689789,5947715,5832509,9285472,9723490,6273198,6411439,3424934,1787581,3476589,892046,4509290,4371076
309,000837,2018-03-26,0.027184466019417375,0.011650485436893065,0.17297417503431797,10160.0,45578.17416621072,887,11856025,10391037,700674,750477,3487942,3795281,2346132,2415317,3200078,2152962,1249729,210714,372960,639972,498510,426314,0,0
310,000838,2018-03-26,0.02494802494802495,0.020790020790020902,0.1472682807327515,8676.0,44111.70670869936,1068,11465324,11835019,972189,1246254,4548322,3983158,3007061,2255144,1530246,2396876,452666,500892,954840,713120,0,0,0,739575
311,000839,2018-03-26,0.03157894736842115,0.019548872180451093,0.1297946338055883,26598.0,164219.1365923024,2631,99050364,111963405,1373729,2138978,8722355,12833047,12963674,16051229,17242142,22075716,12849062,14187553,9437548,11035317,8155663,10367152,28306191,23274413
312,000848,2018-03-26,0.010067114093959662,-0.0022371364653243075,0.24241246824720397,7159.0,57232.10969115707,1361,15067532,11293288,1304661,1641956,5282788,4224818,3812223,2762694,1978134,1555644,909726,448320,0,659856,0,0,1780000,0
313,000850,2018-03-26,0.019656019656019597,0.01228501228501222,0.17255460101275158,8119.0,69585.97520364738,557,5325558,8996207,599599,545221,2371566,1982134,1023229,780078,796994,681030,227420,1901701,306750,673960,0,829999,0,1602084
314,000851,2018-03-26,0.04993252361673406,0.020242914979756943,0.21209284538442938,10598.0,108101.37764147771,1223,25020223,19424420,1293622,1156054,5283042,4741488,3202477,3631460,5551963,5361602,3070935,2328380,1745054,1041290,1735730,0,3137400,1164146
315,000852,2018-03-26,0.026666666666666616,-0.0013333333333332975,0.2098930021345415,15000.0,61076.43052216036,1279,25488989,21262964,1025953,1258677,5341644,6367962,5911150,5226467,5438383,6032809,3381762,1697549,652114,0,2673205,0,1064778,679500
316,000856,2018-03-26,0.06971428571428562,0.03771428571428581,0.3526496442489017,26895.0,158709.4805444579,2471,76774722,82423860,1458047,1707108,12903899,12121186,13223825,13275943,15321706,15589362,8162704,7741112,5491823,8325687,5813152,2707284,14399566,20956178
317,000858,2018-03-26,-0.007656316461080448,-0.017722954771019372,1.1786196543139036,200019.5,868553.0014227859,3582,691831207,672510939,189984,147200,4986853,6544146,16629738,19202682,58298171,54058973,62340887,50891161,58861004,50036135,57706308,38404244,432818262,453226398
318,000859,2018-03-26,0.011111111111111072,-0.005555555555555536,0.1210960783842812,7392.0,48031.16014792166,886,11551606,8056643,407152,750582,4497186,4057906,1783162,1771709,3018998,561416,468225,555240,0,359790,447283,0,929600,0
319,000860,2018-03-26,0.027644869750132806,0.020733652312599604,0.38993879179397434,5743.5,80931.90279478926,2342,30567331,37685922,2733583,2984093,5148192,6914380,7453225,4275496,5943879,10107693,2655455,1702501,1084139,2832216,488442,961848,5060416,7907695
320,000861,2018-03-26,0.021428571428571352,0.021428571428571352,0.09176960085669256,2830.0,30858.334792476733,935,6603484,5624685,946268,811700,2310523,2403696,1817568,625857,525069,1529068,550882,254364,0,0,453174,0,0,0
321,000862,2018-03-26,0.05277777777777781,0.019444444444444375,0.15413608756218464,8314.5,56727.64939477116,546,6819817,6983746,432369,583170,1872956,2208882,1071240,1918986,1518489,576170,726595,960528,0,316800,403648,419210,794520,0
322,000863,2018-03-26,-0.0021459227467810482,-0.015021459227467893,0.18711632312145274,3672.0,20711.192805853854,621,4045543,2183797,1027980,510582,1683497,1143562,411650,263142,675721,266511,246695,0,0,0,0,0,0,0
323,000868,2018-03-26,0.06576728499156848,0.05227655986509294,0.12012064432855474,21875.0,129034.6798462904,2447,65211443,75017149,1486302,1786066,9930067,12239627,10942401,14661649,16836007,16250361,8396945,10374083,4923355,4617605,3189990,2239875,9506376,12847883
324,000869,2018-03-26,0.04695089044792211,0.024015110631408598,0.8913863662062391,26011.0,108736.37488430059,1729,46921295,57701769,1440422,828727,9139073,8191780,9378459,9421180,11057694,10772635,6037624,8185583,2452476,5506770,4099388,4770351,3316159,10024743
325,000875,2018-03-26,-0.0031055900621118626,-0.015527950310559091,0.08802343680338845,11130.0,76638.95291873862,1345,27168494,21053215,1017738,1373129,5407113,5660592,4304683,4925006,7189976,4099858,2041620,1701208,3011649,1386594,860222,414036,3335493,1492792
326,000876,2018-03-26,-0.016216216216216273,-0.02972972972972987,0.14406875785678908,26640.0,237303.65569492886,2645,139597685,109965815,1615227,1835783,10342370,11279124,12658165,11197435,24110784,19252178,15135745,12828822,12962833,8372791,9106007,6263716,53666554,38935966
327,000877,2018-03-26,0.01990049751243772,0.0009950248756218638,0.2062376308413768,20260.0,95554.4850378584,2377,59840046,65634424,1195013,1388291,10669340,11791172,9123760,11396306,16508605,15292827,8298794,9438639,6737415,5235393,455390,3199042,6851729,7892754
328,000878,2018-03-26,0.009856630824372603,-0.0017921146953404632,0.2645881696290254,18938.0,108756.09110731914,1780,47139406,41751167,1025647,1370380,6790448,10062961,7375817,8309404,12114487,9078811,5517629,4577951,6009645,3122295,938915,879392,7366818,4349973
329,000881,2018-03-26,0.013392857142857206,-0.0035714285714284477,0.3351442452055929,11120.0,41721.95902335386,1117,15890277,11369419,1203780,643631,5186074,4369719,4582193,3025975,2497981,2417515,472710,912579,976100,0,406626,0,564813,0
330,000882,2018-03-26,0.025723472668810254,0.006430868167202508,0.07082061423212478,13596.0,112902.72151331732,1945,50198019,39227974,1512164,1584581,7626820,7687735,6763915,7375659,11092883,8905484,7089754,5470794,4452915,4013967,2295037,1719170,9364531,2470584
331,000883,2018-03-26,0.009302325581395321,-0.0023255813953487747,0.10408906615785934,3440.0,61928.924075561205,1713,16741061,13474083,2321178,1605687,3915971,3308448,2562220,2636560,2372889,2338930,1492909,705990,327230,735192,432861,0,3315803,2143276
332,000885,2018-03-26,0.027142857142857135,-0.0014285714285714457,0.32178916986422285,13980.0,63622.05005997843,1896,33670121,29154235,1391252,1947017,8414726,8975598,6122718,6513082,8072607,7312474,2379088,1211764,1989165,1351844,2555679,458700,2744886,1383756
333,000886,2018-03-26,0.04682779456193353,0.01812688821752273,0.12895284024232756,35298.0,252751.31287769225,2652,145645987,130198796,1736488,1082338,12763472,8715153,17191635,12307691,25511482,22426257,13309539,16788199,16265482,13885896,10180163,6453164,48687726,48540098
334,000887,2018-03-26,0.05412208936438012,0.024543738200125897,0.36648960309076256,15940.0,120438.41257388661,1883,41831832,51740531,1084699,2460225,4749496,8497978,8270534,9940973,11250037,10623588,4200181,5771337,3606308,5071057,4088178,1377060,4582399,7998313
335,000888,2018-03-26,0.0021505376344086446,-0.010752688172043112,0.2743859921906425,6461.0,47456.188107321315,1149,14923367,8822213,1925431,1114295,3365343,3981502,2624851,1674220,3789541,1560226,721946,0,736500,0,0,491970,1759755,0
336,000889,2018-03-26,0.044776119402985204,0.027494108405341722,0.448506667467802,6485.0,52910.24309284136,806,7451172,10730607,1009122,583503,2737384,3087770,1660546,2245764,712465,1638794,996495,1559542,335160,622034,0,0,0,993200
337,000892,2018-03-26,0.0069637883008357715,0.001392757660167332,0.2596894157990075,3605.0,41291.86825365183,765,7179196,3893941,1198373,579219,913756,1794562,987384,975708,964016,544452,416120,0,2699547,0,0,0,0,0
338,000893,2018-03-26,-0.10089020771513357,-0.08160237388724034,0.14375644303549015,24297.0,1869974.3602215196,2215,222247065,95014161,733294,2040889,6932448,12120493,9128242,10321332,12492166,13767432,9578009,10434934,9902520,8710893,6242662,4967260,167237724,32650928
339,000895,2018-03-26,-0.04344540989799772,-0.055912353607857956,0.48107719469191973,34469.5,229640.0232385091,3032,195744260,113591802,1296592,984966,19118231,10368712,17221593,15083057,38968380,19052333,20997537,13794752,13938770,4775050,6649242,4392132,77553915,45140800
340,000897,2018-03-26,-0.018927444794952675,-0.034700315457413256,0.07796799722763051,6318.0,48822.18337798342,1668,19964073,15275198,1521803,1951229,5670029,5208578,3729036,3370632,3949935,2302336,1876259,1820715,1006157,0,951774,0,1259080,621708
341,000898,2018-03-26,0.015679442508710784,-0.0034843205574913716,0.10737798568690075,23000.0,139279.22145645277,2878,84834748,72728179,1116835,2033983,19141903,14976909,9369106,9871747,13511622,14011851,10336373,5340576,6268524,5396573,4881880,3683811,20208505,17412729
342,000899,2018-03-26,-0.002020202020201922,-0.014141414141414232,0.2101303378072169,9700.0,43802.922680750926,555,6916251,6302839,564413,563058,2321147,2091632,2050694,1567553,1280517,899852,208800,460530,0,720214,490680,0,0,0
343,000901,2018-03-26,0.07005076142131972,0.030456852791878264,0.43557219471229797,27061.5,147183.4131993039,2048,67127764,80912049,1012325,984346,8917294,10484752,10198565,10908471,16842123,14539658,9125381,10240163,6654120,6063511,3095474,3892277,11282482,23798871
344,000902,2018-03-26,0.014941302027748238,0.014941302027748238,0.23583023315220855,6614.0,77584.29102993195,1583,23565648,14161503,1998037,1214646,6297300,6885279,4057343,3080816,2686966,1786543,1199285,706869,937333,0,896516,487350,5492868,0
345,000903,2018-03-26,0.013114754098360715,0.006557377049180246,0.09607107514553659,5202.0,68713.23622002803,1011,14968542,10559705,1311926,832938,3500006,2603824,3295445,1274312,2509106,2404810,1001483,441698,2301608,624141,0,473360,1048968,1904622
346,000905,2018-03-26,0.021017699115044364,0.006637168141592875,0.2850476642096755,9175.0,50132.95262817115,1006,11695412,12177060,734972,1688800,3954213,4825091,2240514,2128897,2104686,1393571,1179846,733345,0,364469,824911,408078,656270,634809
347,000906,2018-03-26,0.03217158176943702,0.02278820375335111,0.3466487555583964,11385.0,47885.095718729484,463,6229205,6208261,457911,442104,2037679,1995808,1921986,657200,982813,1420426,0,1692723,375000,0,453816,0,0,0
348,000908,2018-03-26,0.03667953667953672,0.02316602316602312,0.18472448489569238,5400.0,39342.183748111864,787,6672999,7968895,464345,827965,2144621,2702042,1886295,2071245,1159725,1845579,504014,0,0,0,0,0,513999,522064
349,000909,2018-03-26,0.024468085106382986,0.005319148936170137,0.3029343621696216,9470.0,38762.1975679616,963,10924316,10760509,1103256,1118590,3687843,4596681,2740940,2135025,2198619,2315039,448986,221350,744672,373824,0,0,0,0
350,000910,2018-03-26,-0.019230769230769273,-0.02662721893491138,0.41535733752854376,13895.0,94879.74179836268,2391,55704976,25674895,2456023,1181494,21597018,5775395,5740866,3599512,5627616,2762761,2160527,3288571,3539067,965872,2667819,964930,11916040,7136360
351,000911,2018-03-26,-0.0054421768707483276,-0.020408163265306034,0.2140412498235804,7205.0,50876.73144279831,1182,16309359,10987512,1234751,1333382,3153322,4945745,2811398,2426445,4410786,1259788,1345446,295470,1696052,305200,876690,421482,780914,0
352,000913,2018-03-26,0.04843849585723392,0.0433397068196304,0.5173018795198817,15530.0,61046.21023327236,921,13134135,18454821,691861,857447,4010305,4363922,3468372,3912347,2229414,4420660,1129933,2006368,1069650,1652879,0,0,534600,1241198
353,000915,2018-03-26,0.032608695652173836,0.019565217391304346,0.5719368533053807,20371.5,83089.0644156661,1618,42150507,33243888,1405525,1021689,8598962,7271858,6847561,5402244,10821249,8800994,5853136,5000927,2712727,1820838,3092851,2283148,2818496,1642190
354,000917,2018-03-26,0.017808219178082174,0.00136986301369868,0.18216680309767053,18902.0,139817.78037558997,1608,48761125,45335165,1142921,1126995,7115603,7429057,6029703,8181714,11590196,8679107,4997579,5155503,5297531,4084657,5265781,1338393,7321811,9339739
355,000918,2018-03-26,-0.015988372093023284,-0.015988372093023284,0.22953231327964732,8076.0,76057.07788295466,900,14073489,10845392,477377,1293150,2841874,3645111,2534960,2434037,3104900,1281344,1507040,427963,1064834,340032,402000,920139,2140504,503616
356,000919,2018-03-26,0.040973111395646855,0.028169014084507005,0.2864459799539057,8020.0,93642.83666199526,743,10393587,11438616,828226,638170,3033361,2226223,3299781,1864841,968899,1847252,251288,952653,0,321200,0,1394565,2012032,2193712
357,000920,2018-03-26,0.021791767554479424,0.001210653753026536,0.2679932497062615,12525.0,61680.60711356679,951,17249786,12843788,1232685,706538,4688503,4484181,3427855,2050748,3489036,2759945,1668012,1184773,1045037,0,461175,928376,1237483,729227
358,000921,2018-03-26,0.012027491408934665,-0.0077319587628865705,0.2678072479531839,10368.0,61449.214310353294,1899,27879796,19187387,1431540,2461639,7983525,8115526,6533010,3840582,4596758,3758448,1808083,473424,1068070,0,931411,0,3527399,537768
359,000922,2018-03-26,0.015580736543909346,0.0,0.24140886008633952,14120.0,66049.84813005954,856,14888433,17211130,473923,899481,3121699,4619118,3281295,3097012,2425600,5240367,2269989,2010359,1689956,391124,441549,953669,1184422,0
360,000923,2018-03-26,0.045638945233265726,0.01774847870182561,0.5139736714290796,19290.0,76089.43315168169,1473,28665684,30513940,1110180,1113752,7290223,7189328,7143204,6634011,6254643,6707132,1900510,2182901,1274699,2005393,1283306,2185314,2408919,2496109
361,000925,2018-03-26,0.018644067796609987,0.008474576271186418,0.3022482545760356,10674.0,73561.2132597034,1528,30277018,17119320,1248538,1013632,6837395,4557216,6000588,3960256,6354045,4286970,3505624,1336300,997330,682998,1746723,1281948,3586775,0
362,000926,2018-03-26,0.0,-0.011578947368421022,0.19811177976767266,5670.0,103830.37538498334,2304,39825662,29242976,3531438,2115363,6925645,7398420,5897528,5242318,6734793,5907596,2666991,1249534,2780962,679968,1445063,438972,9843242,6210805
363,000927,2018-03-26,0.027989821882951516,0.020356234096692072,0.1237742866758455,8274.0,77908.41245333197,1011,15365843,13657336,884902,982688,3825505,3988429,2149149,2517637,3719506,2412589,1576315,434658,1362060,390000,0,1311335,1848406,1620000
364,000928,2018-03-26,0.011278195488721776,-0.020676691729323404,0.1401233148350141,8874.0,103935.78536589867,1445,28714202,21817391,902372,1445316,6328489,4960735,4612626,2935018,5593282,5217235,1685737,2367433,1151065,671469,485100,1732803,7955531,2487382
365,000929,2018-03-26,0.019024970273483932,0.0,0.2811381937053395,5034.0,31275.139441118463,898,7428511,6444127,977771,1007188,1924096,2590565,1851296,1921017,1752252,680257,0,245100,923096,0,0,0,0,0
366,000931,2018-03-26,0.02093397745571668,0.008051529790660261,0.21796342229648488,8346.0,55432.239724029474,812,11428939,8796028,710522,973751,2881208,2985029,2821106,1574882,2227760,1256531,1056016,848801,686072,390720,477456,0,568799,766314
367,000932,2018-03-26,0.033973412112260126,0.02363367799113747,0.13283621877221538,26600.0,411084.1924379716,2606,146705892,151934429,1859694,1690287,11791436,9444375,12640757,14218890,19756231,17411733,14448836,9248589,11870293,12102197,7153664,9460294,67184981,78358064
368,000933,2018-03-26,0.038406827880512084,0.019914651493598834,0.13378704490390497,34720.0,245460.58494617837,2772,148981378,154131958,1663260,1364093,11441871,11117004,16500300,15095723,19879032,26505592,17815728,17090872,13642406,11431354,9115294,11696088,58923487,59831232
369,000935,2018-03-26,0.04095238095238085,0.07619047619047636,0.3624638869811429,84318.0,344936.81305722625,3373,280025687,272363598,525106,626028,12546871,12089196,20923378,20085169,43448200,47895008,32227899,40152109,22931866,28811898,31623819,23359247,115798548,99344943
370,000936,2018-03-26,0.05547445255474459,0.04087591240875921,0.14399955777659762,23397.0,131731.256855114,2269,70817553,90059305,1555917,1573221,10544318,9471506,9311369,10832825,16229626,19975206,9775229,12020486,8515610,8941125,5861705,4921229,9023779,22323707
371,000937,2018-03-26,0.016064257028112205,0.008032128514056103,0.11307813684780724,10542.0,75596.74459610801,1946,28542316,41278711,1083905,2300947,6259250,8683762,5010046,9383174,7138779,10682911,2258186,2800397,3051379,2363899,1413173,1747195,2327598,3316426
372,000938,2018-03-26,0.062000000000000055,0.04500000000000015,1.172611656816408,37434.0,271350.0697314959,2622,137943936,129247125,793171,1569719,9758858,15320340,13726215,16447022,20266060,22414807,14320229,17566467,12217994,11193352,6702813,8902406,60158596,35833012
373,000948,2018-03-26,0.05742574257425748,0.03366336633663369,0.2785045716481774,14532.0,74146.62049746561,1319,23417072,27915724,912834,849268,6408598,5451013,4573189,4605663,4182468,7482110,3908137,3047043,689203,1616772,0,1756543,2742643,3107312
374,000949,2018-03-26,0.013513513513513375,0.00540540540540535,0.16465263301826386,5920.0,50853.61423870914,505,6257382,5202419,279274,605712,1276256,2000115,764992,1180761,1157236,1119831,422073,296000,1950548,0,407003,0,0,0
375,000951,2018-03-26,0.0034674063800277377,-0.002773925104022079,0.3210439588397503,10188.5,60463.253544234234,2020,26661859,24322948,1613455,1847242,11830400,7606531,4332265,4841616,3741631,3780816,1790669,2358657,0,341406,428226,474004,2925213,3072676
376,000952,2018-03-26,0.04103343465045595,0.014437689969604817,0.40209229799652396,9271.5,47667.416400622235,1072,10224842,16011388,568277,1345416,3011778,4508056,2576961,2551435,2193854,4700861,1091332,2059010,300600,336640,482040,0,0,509970
377,000953,2018-03-26,0.03860523038605246,0.00498132004981322,0.2891656331058143,12736.0,58437.28613893414,772,13037743,9385040,706382,801362,3420086,3793429,2594143,2586614,2093156,1437388,934671,457770,1435276,308477,949479,0,904550,0
378,000955,2018-03-26,-0.003058103975535187,-0.013761467889908285,0.20687108218790817,19260.0,143236.3528530455,1021,36154499,31830552,465004,971797,2890918,4483557,4276949,5254758,8034432,4068829,5032276,3166402,2990723,3143428,1767750,1356781,10696447,9385000
379,000957,2018-03-26,0.04894327030033363,0.020022246941045596,0.218679427294251,16668.0,74643.69588747647,1693,29836778,36378674,1419521,1634211,8222344,8184642,6172877,7826910,6927681,7320296,2188804,1555638,1300442,2995701,3060042,2678656,545067,4182620
380,000958,2018-03-26,0.04306220095693791,0.014354066985646119,0.1196735147385159,8883.0,78025.3132673274,1223,16999099,17056493,933408,1254313,5380199,5676396,2583118,2888158,2097440,3824233,1214092,1363718,656995,663874,861081,850301,3272766,535500
381,000959,2018-03-26,-0.027196652719665204,-0.03138075313807542,0.10472370980904569,4590.0,42009.02436202205,2098,18983818,23040131,1001362,2249612,6113092,7955403,4249905,6058989,3915329,3368555,1367807,1894157,1718440,1052415,0,461000,617883,0
382,000960,2018-03-26,0.03335980937251781,0.019857029388403502,0.23550501438172292,24519.5,192025.25040540486,2862,125072571,127144197,2396325,1798502,10669564,11709865,12633256,13574944,23265537,20373101,16042433,15790344,17046245,7951432,6446711,8881598,36572500,47064411
383,000961,2018-03-26,0.021909233176838905,0.015649452269170583,0.14547388926580204,5832.0,115495.7148108369,1935,49582742,36305528,1671379,1226969,6309560,4120168,5793227,4612450,8228813,6656835,8055915,3193614,7038894,4294071,4876133,1734404,7608821,10467017
384,000963,2018-03-26,0.027646874018221856,0.015237197612315345,1.180521780795071,59526.0,287309.79833185655,2918,170786894,235679013,1184483,805806,11332878,11813921,20717014,18287100,30910848,36559073,19931023,28845428,13602755,22188016,9494514,15131887,63613379,102047782
385,000965,2018-03-26,0.007504690431519689,-0.0206378986866792,0.17747529450676544,10560.0,53629.95402236637,903,15223665,10807744,638614,739710,3934740,3554791,3939671,2839808,4036963,2128798,1431552,445699,366100,311697,876025,0,0,787241
386,000966,2018-03-26,-0.019886363636363535,-0.03693181818181812,0.11058061222161847,13540.0,126927.76002751189,1020,26574457,18787725,724138,813484,4463523,4127459,4772395,3227035,5004912,3132079,2137654,2552179,2094023,343000,1349814,0,6027998,4592489
387,000967,2018-03-26,0.03314917127071837,0.01933701657458564,0.2361793835673904,2902.0,46111.85686060036,940,9342584,6434625,1083009,676335,2003532,1990877,1498020,1944882,1781316,705273,1538421,438696,735075,678562,0,0,703211,0
388,000968,2018-03-26,0.02079999999999993,0.007200000000000095,0.3965712282456276,6295.0,52949.590588366635,995,9295595,8016727,942868,1603755,2688248,2395007,1918453,1978428,1864725,1216682,242570,231840,350075,0,0,0,1288656,591015
389,000969,2018-03-26,0.0488826815642458,0.03631284916201105,0.17080461717690132,5936.0,68623.51624976109,1767,21227153,25166001,1315775,1883767,4457266,6089899,4684059,3928521,3192581,5089528,3169628,1408072,305734,4427935,1334535,449400,2767575,1888879
390,000970,2018-03-26,0.06773618538324411,0.051693404634581164,0.22995843722467343,34336.0,227210.50841837874,2387,117231564,132727107,1108497,1351502,9680261,10066023,12773772,12125363,18941681,17737701,16264034,13414786,9814348,14883735,7636210,7309698,41012761,55838299
391,000971,2018-03-26,0.0,0.0,0.5503364407850903,7758.0,591378.9867634925,551,47667918,0,1131375,0,3304597,0,2944161,0,3195003,0,2876925,0,3692808,0,2101125,0,28421924,0
392,000972,2018-03-26,0.036363636363636376,0.01558441558441559,0.15054993029025782,10892.0,105787.4092705587,655,11920116,11629766,485174,687521,2621841,2921818,2358938,1897022,1544907,1551727,563293,916775,343200,0,916320,0,3086443,3654903
393,000973,2018-03-26,-0.03947368421052633,-0.046992481203007475,0.1305408820351772,17340.0,117799.02265425831,1669,47809015,40281268,927713,1520602,6291167,7992666,7970430,7306765,10352600,8141379,7665249,4603001,2838903,1422498,5012748,1397981,6750205,7896376
394,000975,2018-03-26,0.008934707903780037,0.0034364261168384758,0.3490697771803396,11612.0,433916.66740910977,1740,41852809,75721768,2470193,922932,7143806,6171982,5051876,5041999,6909499,6103156,5464985,6075072,1679086,1754995,4028191,3522906,9105173,46128726
395,000976,2018-03-26,0.022004889975550057,0.012224938875305513,0.3189153538036314,8959.5,87757.02812326819,658,13542289,7433993,817846,405964,3646572,1841987,2906911,976736,1506327,1428923,934234,279216,0,1364492,445259,498732,3285140,637943
396,000977,2018-03-26,0.10443349753694586,0.054187192118226424,0.35189070238974207,104014.0,636498.9200892728,3334,390933020,573327694,571650,706258,10287681,10860292,18463683,19149442,33558593,34682353,39366056,35345651,29275395,32461996,20350530,29674039,239059432,410447663
397,000978,2018-03-26,0.01925722145804687,0.0027510316368639653,0.27410348846873406,8760.0,30578.507043449175,703,6719933,7193528,583273,826437,2798803,3643270,1964913,1623307,1372944,893450,0,207064,0,0,0,0,0,0
398,000979,2018-03-26,0.06134969325153383,0.04907975460122693,0.029426163214099098,17200.0,199626.59479393458,3223,88334135,128971059,1728177,2447638,9693129,14204276,11933549,16207418,17096027,24275170,9407189,15072308,5263401,9851746,5771851,9262248,27440812,37650255
399,000980,2018-03-26,0.019148936170212627,0.006382978723404209,0.21511253481127732,9390.0,47999.353457932964,1913,22395887,23080918,1613557,1798219,7998449,6815590,5879872,5955999,4422238,3305016,1782401,1461990,699370,1787322,0,0,0,1956782
400,000981,2018-03-26,0.012626262626262541,0.0,0.24592776877697503,3182.0,43078.86175840217,1040,7281088,8788288,842933,1350743,1626531,3347857,918165,2063645,1399831,894219,206980,797600,1081268,334224,477000,0,728380,0
401,000982,2018-03-26,0.013468013468013407,-0.010101010101010166,0.09001979817748534,4130.0,59547.022734675455,1094,13061006,10035218,823609,996143,2567989,3161775,2182831,2701198,3274124,1597501,1162184,455957,390050,0,823037,0,1837182,1122644
402,000983,2018-03-26,0.0026525198938991412,-0.009283819628647216,0.15131445877416216,21779.0,197191.8108233673,2491,81022909,78924918,1366975,2066687,12014012,10749840,11504362,15073287,17142188,14152766,8026824,6576987,5153782,6876601,1822057,3944702,23992709,19484048
