,code,date,pchange_whole,pchange,change_std,amount_median,amount_std,length,sumsell,sumbuy,sell_vol_0,buy_vol_0,sell_vol_1,buy_vol_1,sell_vol_2,buy_vol_2,sell_vol_3,buy_vol_3,sell_vol_4,buy_vol_4,sell_vol_5,buy_vol_5,sell_vol_6,buy_vol_6,sell_vol_7,buy_vol_7
0,000001,2017-10-17,-0.009466437177280462,-0.004302925989672857,0.22183334537383992,40267.5,649926.2448543858,2746,222863838,237119170,943982,1477236,11389644,12854477,16443029,14484013,22432421,27985490,15571978,16371449,10684406,12549412,10960200,8380285,134438178,143016808
1,000002,2017-10-17,-0.0041793313069908855,-0.003419452887537977,0.48031075844855675,42112.0,226597.85992893585,3004,180075230,154124266,970327,1454681,12799666,14418079,18180933,17624004,35003451,21861010,27464785,18287808,16369224,12591337,11739042,6244453,57547802,61642894
2,000004,2017-10-17,0.0,0.0011890606420927874,1.2714884971053706,10120.0,40981.29492000667,393,5118590,3899544,323177,343024,2259585,1409034,1200839,557927,575572,281904,459210,965955,300207,341700,0,0,0,0
3,000009,2017-10-17,-0.017123287671232945,-0.013698630136986245,0.20259711630709387,15190.0,243329.92574105365,1871,80222913,46055908,1140502,2224571,7543741,8818542,6590395,7845688,7701047,6777994,4686975,5547607,3038176,4494107,6674385,2197053,42847692,8150346
4,000010,2017-10-17,-0.0072202166064981865,-0.009025270758122761,0.17210432600608092,8340.0,41529.607592686545,1037,15038587,8811355,1060525,835148,4433088,2945084,3825427,2378129,3091230,1899867,1132114,452277,1020637,300850,475566,0,0,0
5,000011,2017-10-17,0.005186721991701226,0.009336099585062207,0.5417536876362531,17649.0,72223.34035453736,1266,22314773,26626261,1179107,1358377,6431016,6719444,5476609,5488854,4253324,4422186,1867856,2323779,1770793,1764415,0,1325334,1336068,3223872
6,000012,2017-10-17,0.0012019230769231282,-0.0012019230769230171,0.27319517746379485,9972.0,108452.48639799458,927,19332744,13625731,821773,999583,3433456,3684866,3140992,2690098,2599271,3085534,1593059,1214602,2443261,785348,1829500,416000,3471432,749700
7,000014,2017-10-17,0.006027727546714878,0.005424954792043302,0.815443755384136,8340.0,41123.86453274825,413,5168260,4447741,546372,255174,1958232,1548945,1578741,606042,1084915,823204,0,522501,0,691875,0,0,0,0
8,000016,2017-10-17,0.0017421602787455193,0.0034843205574912606,0.19250781137648382,6888.0,56605.89116032133,889,13377951,8328526,1462973,442158,4157281,2269590,2714494,1776192,920616,1316062,2235276,1029848,308880,0,839834,918676,738597,576000
9,000017,2017-10-17,-0.02244389027431415,-0.023690773067331583,0.20266732450917901,10237.5,95024.27456254046,1570,29464624,22393077,1715245,1544004,6216971,6497924,6780970,4053084,4122575,4033002,2934311,2156638,1483481,696760,1275543,454740,4935528,2956925
10,000018,2017-10-17,0.0012499999999999734,0.0,0.2230863554586647,15219.0,100003.6475451279,1286,34026690,22137313,1207348,1161294,6871071,5652026,4812024,4870005,5098456,3974609,3093257,2730269,3603845,2048421,3462173,484764,5878516,1215925
11,000020,2017-10-17,0.0,0.0,1.022262101042672,13167.0,63877.69152745989,338,8239294,3796541,326040,317005,1554168,955629,2107487,1495602,1937311,1028305,476377,0,663287,0,0,0,1174624,0
12,000021,2017-10-17,0.012958963282937441,0.015118790496760237,0.19349482691762795,3764.0,52288.29106667151,2292,17450730,28146395,925538,3287755,3933302,8230144,3092479,6647326,4255413,3771517,1227292,1772599,1696443,2128238,431984,937044,1888279,1371772
13,000022,2017-10-17,0.004184100418409997,0.0034233548877899977,1.0610843942928032,18403.0,67913.90852581963,613,15227530,7095631,438607,398118,3532327,2546990,3641097,1703859,2980361,1972704,2211790,473960,741759,0,0,0,1681589,0
14,000023,2017-10-17,0.0012396694214875659,0.004132231404958775,1.4074368324122686,7293.0,221766.03445862277,295,5955710,3367127,162206,420968,955376,1124994,557813,658018,259193,241778,245922,554288,0,367081,0,0,3775200,0
15,000025,2017-10-17,0.03577898550724656,0.03894927536231907,0.8943661937747139,39690.0,261812.64432617734,2441,115202989,163574332,1550779,1793328,9751278,10767979,12837649,13695178,17869300,19245340,14660560,17952808,6931118,8924520,5700936,16934847,45901369,74260332
16,000026,2017-10-17,-0.000838926174496657,-0.00251677852348986,0.49720369135983056,10737.0,47033.792283750205,574,8613929,4076249,485373,454690,2765229,2073774,1645937,1099757,2197330,207648,0,240380,354900,0,0,0,1165160,0
17,000027,2017-10-17,-0.0030674846625766694,-0.0030674846625766694,0.2384708099817677,11084.0,91780.82363060971,747,11621348,12104921,663463,634045,3065086,3174210,2409568,2168296,1592367,2039339,219072,1311175,740616,1430606,0,400400,2931176,946850
18,000028,2017-10-17,0.0149319279754061,0.009954618650270808,2.391794530061821,13796.0,112436.56003832174,815,13062775,23161711,734995,1192786,3305791,4864178,1575766,2276883,2070768,2423992,1469992,2257323,352053,2473184,1793025,2217623,1760385,5455742
19,000030,2017-10-17,0.003409090909090917,0.005681818181818121,0.18736966384444118,2652.0,28978.30208066057,2207,5862510,17283386,438209,4356806,1941300,2576755,1471007,4293102,694531,4566087,923209,872543,394254,618093,0,0,0,0
20,000032,2017-10-17,-0.009287925696594312,-0.0007739938080495445,0.4697114947433166,11677.5,75570.79752179865,756,11981878,12602627,588647,909343,3661828,2750094,2542553,1426948,1945404,1511124,1717145,1445234,1070621,1737800,455680,414400,0,2407684
21,000036,2017-10-17,0.00723140495867769,0.00723140495867769,0.21759160225500618,17667.0,115542.37302011304,1980,46131171,57999101,1196722,2450623,7443858,10799022,7934599,8896266,9927446,11970956,6633920,3335089,3710218,2101496,4686882,4433842,4597526,14011807
22,000037,2017-10-17,-0.0034052213393871433,-0.005675368898978461,0.4980398956635741,9658.0,58974.53733411426,312,6024317,3650664,320694,295130,1449072,1094158,817937,951656,1512864,705102,773982,219625,305550,384993,844218,0,0,0
23,000039,2017-10-17,0.010342950462710832,0.005443658138268859,0.42224958396280926,12936.0,82848.26344370564,1893,33113217,34548752,1021401,2332169,5028538,13815940,6248597,6399903,7001122,7878847,2446837,1794565,1855920,678528,1886281,487080,7624521,1161720
24,000040,2017-10-17,-0.01516150296638108,-0.015820698747528006,0.6680147009478454,11960.0,204086.11293546457,515,11350785,10335641,431854,385567,2244242,1817303,2447874,1305988,2213839,1244513,983288,438422,678379,318648,861309,0,1490000,4825200
25,000043,2017-10-17,-0.014634146341463428,-0.0009756097560975618,0.4823053006717137,11286.0,85000.47865832479,451,12540296,7093326,209715,402032,1472544,2199491,1582083,1913772,2085762,1599683,2268423,668798,677575,309550,1376495,0,2867699,0
26,000045,2017-10-17,0.002666666666666595,0.003555555555555534,0.4353829577974769,13512.0,65099.4608858796,667,13650100,9825347,334078,595304,3169408,3711091,2093528,2031721,2504895,2295311,2465186,704730,999653,0,1378352,487190,705000,0
27,000046,2017-10-17,-0.0012269938650306678,-0.0024539877300613355,0.47059288064132304,8140.0,80143.71067892948,299,6292645,1822784,619145,287410,994845,920981,831279,233747,859760,380646,708403,0,685401,0,0,0,1593812,0
28,000048,2017-10-17,-0.006012024048096087,-0.006813627254508958,1.568358235305373,9848.0,156043.792927107,253,7194935,3009346,332222,288644,963933,969867,650250,384473,641530,0,0,219512,0,0,910000,0,3697000,1146850
29,000049,2017-10-17,0.003316426063207256,0.004096761607491173,1.4428038612620147,20682.0,112123.84123513132,1262,30596784,29089803,541576,748129,6847413,6550661,7777700,5482906,4039513,7876330,1843301,3758892,1379013,387000,402480,1251805,7765788,3034080
30,000055,2017-10-17,0.007894736842105399,0.011842105263158098,0.2332001562838024,7640.0,43869.80063106836,1062,9312097,14151866,679500,1522536,3049479,5759990,2104264,2256449,1722029,2385866,262890,1823465,0,0,425971,403560,1067964,0
31,000056,2017-10-17,0.043789808917197304,0.02547770700636942,0.4516836247444049,9016.0,69909.98881977503,773,5293157,15971128,325319,845876,1860078,4539816,1256487,3325826,635302,2456165,520559,2235989,0,309360,0,440496,695412,1817600
32,000058,2017-10-17,0.017262638717632672,0.006165228113440335,0.2464179527438354,9840.0,49012.673875893895,1083,15680229,15198689,1162575,1312046,4680525,4229033,3222496,3203643,4323826,3337867,1234200,1933832,1056607,672229,0,0,0,510039
33,000059,2017-10-17,0.0019029495718363432,0.0,0.2591587407157739,10520.0,109303.90290559483,1645,40533918,31260336,1671538,1028758,5104681,6106126,4568450,5778885,6911208,7994923,5770692,4225490,3263089,2409518,1302170,2087642,11942090,1628994
34,000060,2017-10-17,-0.014370245139475935,-0.00591715976331364,0.21402842603449387,10870.5,178501.53777264475,3058,109876794,73942261,3404796,1924518,10686575,11012751,9526571,8538911,17668256,11771120,11552936,6665553,7041424,5946562,8104971,2211785,41891265,25871061
35,000061,2017-10-17,-0.014755959137344066,-0.013620885357548351,0.311949690231775,10428.0,86569.08874800977,797,17777526,9498069,755660,938343,3462975,3428608,2906111,2303126,4037543,1603036,1994680,468928,336485,0,437835,0,3846237,756028
36,000062,2017-10-17,0.005104043973302108,0.006281900274833108,0.8195895458408687,12825.0,103511.57228055474,965,19010144,18817755,500297,997635,3743799,5163937,2271905,3793859,3408404,3519104,2240260,2533331,0,717968,0,430105,6845479,1661816
37,000063,2017-10-17,0.0,-0.0022980958634274407,0.5127610150629373,195776.0,883555.8197270059,3531,749476495,737807260,326294,295434,6766702,7509853,16299121,20682063,46355485,43516041,53622767,45357599,50729559,46753094,37623661,41598581,537752906,532094595
38,000065,2017-10-17,0.015319148936170146,0.010638297872340496,0.5294072798405367,23920.0,132754.14678668274,1970,60407698,65087312,1133023,1341327,10506124,10464429,9184541,9417102,12500384,16760651,10725547,7944655,3108031,2098325,3676903,4925690,9573145,12135133
39,000066,2017-10-17,0.0011723329425556983,0.003516998827667095,0.19912538970062305,17060.0,123653.68846563675,1836,49239950,39742558,1244921,1973338,7058497,9271695,9489274,8490043,7584910,6127943,4714047,2971113,3884146,2259519,3518330,2141953,11745825,6506954
40,000068,2017-10-17,0.002941176470588225,0.00588235294117645,0.28618190542697347,13740.0,47047.452224140885,564,7637429,8658072,535989,350825,2714486,2441628,2202386,1939641,1711292,2486355,473276,252906,0,345000,0,841717,0,0
41,000069,2017-10-17,0.0,0.0,0.17302781882187837,13408.0,161766.7598639676,2333,56740921,49742975,1925135,2120303,11751271,11573944,6843421,6490373,6921204,5847341,4482379,4387851,2338743,4513767,2205101,4186514,20273667,10622882
42,000070,2017-10-17,0.008474576271186418,0.006779661016949268,0.2680318240152458,16730.0,77149.21208640463,1939,38862721,42684346,1876701,989061,9636812,9036625,7434682,8561655,8648401,10723091,5558013,6463729,1789497,2407261,2307892,1763283,1610723,2739641
43,000078,2017-10-17,-0.007645259938837912,-0.006116207951070374,0.132595904707408,13090.0,119923.06645702264,2440,76518568,34427837,2897652,1186610,12511506,6813594,14938907,6085820,16340603,8535639,5826388,3973637,5934385,1632275,1791055,3125448,16278072,3074814
44,000088,2017-10-17,-0.005530973451327359,-0.0022123893805309214,0.2789260251900935,9050.0,61290.57716078328,1050,16099230,13610309,945076,1475514,4318941,4199533,3375119,1968163,3073897,2513779,1767090,739210,1007168,972702,919839,922447,692100,818961
45,000089,2017-10-17,-0.004667444574095736,-0.003500583430571913,0.2625732531358816,12825.0,56105.51630178796,1065,25681236,12165886,859756,590568,5062675,3550813,3894985,3398665,13570450,3191318,1560286,484763,306585,0,426499,426499,0,523260
46,000090,2017-10-17,0.02575896964121438,0.027598896044158217,0.27712511464731393,15652.0,141729.8693851716,1539,35778912,47970279,940710,1111198,5305015,7549589,5683747,6059410,6807951,10329141,5256325,4368312,1758864,2716668,2073260,3228892,7953040,12607069
47,000096,2017-10-17,-0.0007097232079489313,0.0014194464158978626,0.6628278030203266,2814.0,19897.037487373287,451,2975264,2057479,576448,227404,1090366,1070965,948022,618410,360428,140700,0,0,0,0,0,0,0,0
48,000100,2017-10-17,0.04427083333333326,0.0390625,0.06642850118784632,58559.5,748770.5117041375,3372,392246779,524512915,980593,1001951,15751306,12716080,16953245,22583341,28500371,34240888,27031153,28292751,16201674,23112060,18232449,23672554,268595988,378893290
49,000150,2017-10-17,0.02857142857142847,0.03195488721804507,0.9403220338499733,21652.0,137799.31151440038,800,16209943,29226951,934830,242374,5585448,1503449,3360433,3979489,3991015,4549886,772290,4222407,696683,1048869,869244,2713348,0,10967129
50,000151,2017-10-17,-0.0017482517482517723,-0.0017482517482517723,0.6552362085521645,17100.0,95432.13871316855,685,14372595,13049924,276154,926547,2758473,4885716,2379212,2652607,2786803,2314125,733801,225852,648090,693859,409884,0,4380178,1351218
51,000153,2017-10-17,0.0039486673247777215,0.004935834155972207,0.45039825573131087,10140.0,42760.20106562518,505,7171083,5214231,454310,407094,2324345,1714606,1969506,1388789,1717932,786798,0,204000,704990,304500,0,408444,0,0
52,000156,2017-10-17,-0.007508532423208258,-0.008191126279863514,0.5332825861767084,7250.0,97857.34447758927,754,11833131,10068671,743103,779828,2083625,2983291,1992708,1442052,1754536,1334909,2394025,446840,302016,305340,480150,0,2082968,2776411
53,000157,2017-10-17,0.0021413276231263545,0.0021413276231263545,0.09713731775029527,8892.0,99685.94677441112,2321,43610625,44502613,2097365,2738264,7542880,9223296,6760858,7977486,8115534,8399000,4762128,6728964,2514730,1327576,1894989,1424205,9922141,6683822
54,000158,2017-10-17,-0.02583025830258301,-0.02029520295202958,0.28082870149551825,19134.0,120051.58784989435,1491,47570057,29805941,880122,880691,6867662,6678148,7526670,6871801,8684450,7077561,4800510,2066292,3503547,1444505,3044409,1236966,12262687,3549977
55,000159,2017-10-17,0.003053435114503955,0.004580152671755711,0.27887582904334185,13100.0,60482.90547048569,551,8512533,8377819,455022,570776,2125663,2394846,2806511,1840245,1588843,943775,1227525,633158,308969,738434,0,403123,0,853462
56,000166,2017-10-17,-0.0034188034188032956,-0.0034188034188032956,0.13927385584146101,11660.0,137539.94687340735,1767,45444572,37578030,1394944,1447149,7298599,6945082,6173393,4854509,7156691,5673966,6167941,1681032,1761200,1980536,1901924,1313577,13589880,13682179
57,000301,2017-10-17,0.003231017770597644,-0.004846526655896688,0.12154966827107386,21595.0,135802.15420064377,2601,76062831,81492329,1476302,1937705,11982708,12208372,12614637,14159588,15482918,17291613,10175972,5951584,5362205,5285743,2114977,4532179,16853112,20125545
58,000333,2017-10-17,0.031049250535331918,0.025695931477516032,0.8005192877108327,119400.0,863177.5556282641,3404,409185759,713162324,767622,860482,7777774,10261165,17764985,25047078,37470555,50052766,35917787,50548757,26386086,46746276,18247610,37609214,264853340,492036586
59,000338,2017-10-17,-0.0025412960609911828,-0.006353240152477735,0.1391674819998334,25350.0,185547.34323334336,3205,133954399,99388703,2300697,1542402,19886271,13636412,16983860,14292674,23719389,19715335,11297243,9896847,7706237,4816790,7422716,5407416,44637986,30080827
60,000400,2017-10-17,-0.00491702519975401,-0.004302397049784856,0.3446722366205456,8150.0,168939.98776139977,2229,62707129,36997757,2573590,2647403,4641907,5920569,16726076,6860527,7004947,4331413,2491948,2764043,2705861,2767135,1614306,968990,24948494,10737677
61,000401,2017-10-17,-0.0006165228113439447,0.0012330456226881115,0.3185052840579057,34209.0,215591.29406167255,2594,133828555,135510796,1326105,1540481,12765301,11631260,14825405,13674860,24683856,21092616,15277428,14091261,12146484,11009916,10790223,11596555,42013753,50873847
62,000402,2017-10-17,-0.009353741496598622,-0.006802721088435382,0.23373071272515045,18576.0,165111.9031798377,2537,108760010,51111083,1812789,2095674,9831565,8748173,20154540,10349157,20143446,9544180,22701038,7323340,5744100,2759706,2285015,1841334,26087517,8449519
63,000403,2017-10-17,-0.0053156146179401675,-0.0016611295681063787,1.3064935945644547,18048.0,111620.66079996992,530,14230740,13810560,295695,342856,3055822,2317676,2889312,2024044,3260632,2303820,1706001,2758355,0,333760,0,0,3023278,3730049
64,000404,2017-10-17,0.008522727272727293,0.0042613636363637575,0.20033903732403213,14160.0,90550.18328769701,1235,22058589,29155636,1002451,1273564,5583503,6329468,2990972,4459041,3734354,4519712,2457800,5102509,2695169,1776712,423160,1265820,3171180,4428810
65,000407,2017-10-17,0.03694874851013097,0.04648390941597125,0.16801930729053602,26848.0,142187.76919319085,2497,66986178,102454113,1643336,1633170,10963408,13129758,12042494,16778729,15805263,21006600,9412469,12780411,5766141,9602901,5421021,4566000,5932046,22956544
66,000408,2017-10-17,0.0017381228273463112,0.002317497103128563,0.466647885555842,17370.0,142746.94094027687,1368,44957189,46190069,700542,820482,8999686,4907488,5357266,5269523,9271121,7168201,4254739,2961017,3331994,6461760,3070645,2238680,9971196,16362918
67,000409,2017-10-17,0.0013586956521738358,0.0013586956521738358,0.2789106953358327,11800.0,73847.24600620268,696,14781125,7678174,617757,707030,3591580,2532907,3501830,1242308,2370628,1558135,230612,997882,1403002,639912,0,0,3065716,0
68,000411,2017-10-17,0.0004587155963302614,0.005045871559633097,0.9309365622203711,2201.0,38627.383220276155,548,5869005,2133182,845950,120546,1663930,702297,951986,429803,1213463,151096,434812,729440,317664,0,441200,0,0,0
69,000413,2017-10-17,-0.006451612903225823,-0.0018433179723501558,0.19404000366113014,54650.0,318984.4922869379,3129,228622075,235045552,839637,1352551,10800678,15088077,14291769,23201086,38327823,40259804,21349771,26049150,19249858,22381961,16443177,11284237,107319362,95428686
70,000415,2017-10-17,0.0,0.0,0.13578984967355615,4592.0,66427.83374138102,2325,21319861,25654798,1708910,3489282,4302265,6611619,3463298,4143640,4613659,4995750,858026,2057982,1066166,2429514,1344076,0,3963461,1927011
71,000416,2017-10-17,-0.002587322121604174,-0.0012936610608021981,0.287378497776132,1544.0,47255.4129228944,723,5873532,5867643,350591,724670,1565420,1868141,1085127,1019052,546795,1006713,420156,475067,1301750,774000,0,0,603693,0
72,000417,2017-10-17,0.019586507072905324,-0.0032644178454841466,0.3350079853848503,14179.5,92348.28431853301,752,18953578,15751136,723841,506643,3152344,2762633,3433435,2971349,4152458,1624187,3199592,2486558,1418707,736172,1406711,2675079,1466490,1988515
73,000418,2017-10-17,0.010266940451745477,-0.000821355236139798,1.0718743824937813,9682.0,64072.24333137359,2072,34226318,27700643,1612346,4480920,9245716,5352070,10119420,4506299,4624633,5077351,2945293,2442304,1725569,2115026,906139,400060,3047202,3326613
74,000419,2017-10-17,0.03488372093023262,0.03924418604651159,0.2304338562049931,17196.0,257746.16153097028,892,17746625,33288600,483173,884215,3555753,3820658,3399408,4819971,4836910,5637945,2015225,4154991,1450172,1330940,853255,0,1152729,12639880
75,000420,2017-10-17,0.0,0.0,0.13570274592916523,5160.0,61288.4348646372,643,7608176,8264524,497332,637690,2036454,2033225,1500289,983046,1715321,1729900,480200,294464,359835,1452036,480200,0,538545,1134163
76,000421,2017-10-17,0.0,0.0,0.2326318320185795,3530.0,34960.32291691318,916,7776103,6500362,842908,672787,2726115,2270486,1324061,1165925,1425025,1745598,836010,219566,621984,0,0,426000,0,0
77,000422,2017-10-17,0.014869888475836479,0.024163568773234223,0.12271321899619818,12489.0,185317.6012132496,1926,39560742,72629909,925719,2268153,6158417,9214808,4561101,9605294,6153404,9981482,4883026,5633845,3859363,6401114,3073438,4470734,9946274,25054479
78,000423,2017-10-17,-0.008289374529012794,-0.01175584024114551,1.3499961198984753,59012.0,268237.2494159458,2415,183537633,157925504,844073,1043908,8994401,10123841,16317165,15970991,26329512,24954914,16095777,19908754,20292254,9975252,13117213,9131996,81547238,66815848
79,000425,2017-10-17,0.0026881720430107503,0.0026881720430107503,0.06862001523561967,5984.0,88781.67568318949,2964,36222633,40471032,1843227,4102204,5579289,12060024,4619601,6281117,7703060,8313522,3175164,3540085,1740957,2444179,841836,2210141,10719499,1519760
80,000428,2017-10-17,0.0,0.0020703933747412417,0.2612405730850883,8730.0,47835.14285100276,341,5261205,3940854,226296,253681,1906806,1155484,977464,351958,1342943,1521673,495032,255024,312664,0,0,403034,0,0
81,000429,2017-10-17,-0.005813953488371992,-0.006976744186046546,0.27985003162474975,8560.0,76675.19118489361,944,19080063,6639364,1518766,497155,5566287,2081894,4560645,1808789,2033906,750890,499856,247384,764280,0,919829,0,3216494,1253252
82,000488,2017-10-17,-0.009625668449197877,-0.008021390374331472,0.3417628890723319,27780.0,237579.25620191544,2995,168715640,122182610,2673826,1410939,13688910,12506296,16529658,14882936,23309228,20958960,17158821,17717807,12149211,10026387,9079005,9800694,74126981,34878591
83,000498,2017-10-17,-0.0072551390568317276,-0.0036275695284159193,0.18415283491564913,1646.0,73218.82315149199,2018,12071584,10720360,3350138,997461,2901506,1968287,2668148,1968446,2083568,1330334,653432,733787,0,660470,414792,0,0,3061575
84,000501,2017-10-17,-0.0073878627968337884,-0.008970976253298013,0.4630907456032774,20548.0,188222.37789517635,1675,79745546,37003918,1715312,934726,8215142,6060948,8620585,7744622,11852305,7328257,7198603,2560166,5328700,2027269,4878275,2201034,31936624,8146896
85,000502,2017-10-17,0.04427083333333326,0.03211805555555558,0.38752167770331764,15483.0,64864.65653342633,884,14053210,17822079,421845,932934,2670581,5954503,3944208,3547396,4716760,2135556,1222457,2527496,637231,642816,440128,0,0,2081378
86,000505,2017-10-17,0.030195381882770933,0.009769094138543544,0.3714305326933169,20304.0,89796.53590870011,919,22136839,23630419,570651,562571,4459484,3641291,4082479,3761880,4758895,5841439,3352778,4688315,998213,1974061,1336655,854548,2577684,2306314
87,000507,2017-10-17,-0.004690431519699834,-0.0056285178236398226,0.2245519539477011,21180.0,113874.26228181216,2255,69000218,48134641,1372659,1455553,12488891,10193149,14670207,9379905,13060895,11567115,6391667,4404101,4066496,1312308,2582259,1329602,14367144,8492908
88,000510,2017-10-17,-0.007423117709438043,-0.0010604453870625141,0.29207386122329826,11262.0,71087.07644964957,1042,16184163,15863828,864122,1359621,4242417,5624112,4062236,2187686,2732369,2626150,1415711,2505280,710684,1135612,0,425367,2156624,0
89,000513,2017-10-17,0.04300341296928312,0.03668941979522189,1.1646755472663428,48080.0,269428.6153054986,2533,98624820,207341567,666682,1160601,9479880,15892676,12836384,20943942,17179903,23592172,12852701,20141539,12640092,19588576,6162907,12418405,26806271,93603656
90,000514,2017-10-17,0.006493506493506551,0.006493506493506551,0.2508201819582884,9288.0,67523.63294650262,942,14719029,14492437,1076339,767381,3852197,4038644,2604411,2829325,3005981,3201462,1702260,721858,1092441,1050777,461400,0,924000,1882990
91,000516,2017-10-17,0.001901140684410496,0.0,0.15084496531995611,13438.0,120709.67383659376,1217,33912841,16545828,1065188,711931,6748622,3973351,6789906,2626357,4971132,4100904,2755639,679174,2848958,1006551,435225,432722,8298171,3014838
92,000517,2017-10-17,-0.0023474178403755097,0.0023474178403755097,0.10021575878391889,2561.0,25619.48279352738,1811,15382785,5236344,2708983,499046,8347361,2338741,1835728,1154948,985178,231121,712272,1012488,340425,0,452838,0,0,0
93,000518,2017-10-17,-0.0013440860215054862,0.004032258064516014,0.3679338611716176,7510.0,38719.833665013015,408,4243640,4560779,487208,420680,1575827,1452315,1302077,1029941,641081,507686,237447,223643,0,926514,0,0,0,0
94,000519,2017-10-17,-0.005361930294906059,-0.002680965147452974,0.29505708849549417,14547.0,82148.21231997172,1438,33740117,22461556,1065109,1073708,7780235,7213127,5528206,4855920,7323603,3877571,2738025,2141971,3787644,715447,885781,861586,4631514,1722226
95,000520,2017-10-17,0.0036832412523020164,0.0018416206261511192,0.15790596919026437,10920.0,102052.38895979016,1184,24514941,20389837,1133434,874616,5869930,4217178,3261190,2559948,3759687,5057519,3439611,1946018,1432728,1364149,906360,1397239,4712001,2973170
96,000521,2017-10-17,0.001721170395869276,-0.0034423407917383297,0.17799026972619233,2316.0,47382.45542559673,1066,7772205,7551636,747676,1036231,2210196,2369564,1374538,988826,1125287,817423,1088775,1006414,697106,0,0,0,528627,1333178
97,000523,2017-10-17,0.0,-0.0031746031746030523,0.31267038358148364,9430.0,66882.13984137532,913,14368506,14019292,669555,1373037,2893658,5002933,3446163,2333806,3560324,2287443,1280718,1002628,1041880,344406,912208,0,564000,1675039
98,000524,2017-10-17,-0.020769230769230762,-0.019230769230769273,0.4979891850317619,11376.0,43171.13337921993,681,10369651,6994946,481174,646071,3100048,3105278,3121673,1619394,2199010,1162471,497424,461732,390197,0,0,0,580125,0
99,000525,2017-10-17,0.00925497454881996,0.00925497454881996,0.6101974821956547,15193.5,101958.4882220824,1254,29714406,24311895,1126678,798093,5908052,5497068,4942694,4474568,6287050,4949285,3379070,2170441,649170,649867,3094172,401080,4327520,5371493
100,000528,2017-10-17,0.016538037486218293,0.016538037486218293,0.16675144544325954,11921.0,120292.29243891453,2963,61403777,74468811,3016876,1258283,13454248,9817691,12602837,8804147,11702738,12149009,7388045,7228057,4034129,7926157,1838130,2665327,7366774,24620140
101,000529,2017-10-17,-0.003640776699029069,0.0012135922330096527,0.3295601917707902,2493.0,68407.29295345045,625,7365459,3476402,432226,924268,886939,1403782,986079,892405,591722,255947,280440,0,377650,0,402936,0,3407467,0
102,000530,2017-10-17,-0.015068493150684814,-0.005479452054794498,0.1790367602315009,2904.0,49646.800960464825,1664,14535530,11959449,771581,2700359,2665317,3117283,1701726,1357927,3241140,1615222,3199645,1664867,1133156,1101760,410916,402031,1412049,0
103,000531,2017-10-17,-0.005793742757821629,-0.004634994206257348,0.3014551697025958,2571.0,30293.200552385402,819,6458172,4604709,544217,877910,1543703,2557350,1753239,488063,1857471,400946,759542,280440,0,0,0,0,0,0
104,000532,2017-10-17,0.0,0.0022556390977443996,0.5576451169521022,13360.0,51103.23002151637,568,8387177,7697706,320070,595295,2272592,3430391,1230830,1356524,2560680,1365272,759446,226950,703303,723274,0,0,540256,0
105,000533,2017-10-17,0.0009794319294809117,-0.0009794319294810228,0.5273133858563209,10200.0,86120.00185134464,374,7796383,6877876,266259,339860,1309082,1386847,1133227,902062,1436591,1211562,1065701,977372,665040,0,877116,0,1043367,2060173
106,000534,2017-10-17,0.0259917920656636,0.008207934336525335,0.875354115128452,14760.0,42434.74927298556,278,3532144,4732104,242691,145533,1133878,1555834,1219356,1219886,400519,1341447,535700,469404,0,0,0,0,0,0
107,000536,2017-10-17,0.007067137809187329,0.007067137809187329,0.2103125939350016,10260.0,68707.7918165418,724,10542360,11394625,666959,698273,2561901,3602991,1070189,1785535,2247667,1760395,1637414,471142,754612,957033,425219,405256,1178399,1714000
108,000537,2017-10-17,0.03220611916264082,0.04267310789049916,0.3472218105388242,15312.0,159477.9653125236,1281,27050525,53342911,892298,540434,5171939,6164887,4113508,5577934,6437069,6371331,3624390,4362414,4336361,5965429,436100,4113988,2038860,20246494
109,000538,2017-10-17,0.01041666666666674,0.0052631578947368585,2.260742288217436,27339.0,249232.40599625747,1627,62551487,97204003,1967009,1923980,6604513,7410230,7931677,8764885,10969710,9979370,7279442,8613751,5526359,5230459,4813008,4520300,17459769,50761028
110,000539,2017-10-17,0.0019230769230769162,0.0038461538461538325,0.20309438030612323,4168.0,42277.44531375419,655,3258518,4312921,145934,1227623,770892,2016726,560724,964172,0,104400,525168,0,367120,0,0,0,888680,0
111,000541,2017-10-17,0.003239740820734305,0.002159827213822796,0.26919340930933383,12025.0,56201.22967479678,1183,19521202,17690518,1192952,972222,5033023,5483349,4411362,3366172,5104057,3079174,3038083,1439429,306299,1112802,435426,2237370,0,0
112,000543,2017-10-17,0.0,0.001779359430605032,0.23183330480378367,6756.0,84946.64867129883,587,9780682,9236414,511568,360276,2236394,1870078,1390232,1618072,1806268,1826015,510326,693098,0,959301,476861,1345574,2849033,564000
113,000544,2017-10-17,-0.008547008547008628,-0.006837606837606924,0.5455971874238394,14004.0,56384.4161071796,1034,21992370,11788322,1668350,852275,5832494,4158466,3689607,2340778,4690443,3880877,2096670,207326,1949673,348600,403190,0,1661943,0
114,000545,2017-10-17,-0.0016666666666665941,0.0016666666666667052,0.19611371131728003,9007.5,64082.06618491032,936,17149724,11314844,715122,875672,3723144,3129205,2893834,1786028,4833910,2496079,1631998,1290366,1045231,1336094,913857,401400,1392628,0
115,000546,2017-10-17,-0.023462270133164154,-0.01585288522511097,0.41358947833145293,17347.0,108370.68225301521,1455,44721608,33055429,1318386,929893,8215786,6218223,6382906,4818802,8468669,5115629,5326844,1416908,6092319,5028808,3096760,3215235,5819938,6311931
116,000547,2017-10-17,-0.028546712802768215,-0.02768166089965396,0.23958350919619859,28200.0,145866.78858943214,2331,108824470,63345668,785862,1377254,11401801,11151846,13326006,10638273,23285157,15547401,13602331,8535766,9377807,6840742,6152592,1393680,30892914,7860706
117,000548,2017-10-17,-0.003816793893129833,-0.0012722646310433516,0.2689064995688439,7785.0,59196.51860130937,854,11801026,6566158,950787,805337,3091282,2861371,1198355,1028457,2050239,1237701,1195257,220952,782500,0,420510,412340,2112096,0
118,000550,2017-10-17,-0.004777830864787447,-0.00382226469182978,0.5388303199189339,10500.0,74624.87702599865,1509,29803968,20658841,1783910,653514,9105354,4942670,3856773,3771869,5345902,3718907,3693507,3188071,1640571,2456606,0,416800,4377951,1510404
119,000551,2017-10-17,0.008483563096500557,0.009544008483563182,0.3919642664314817,11886.5,58033.42664391058,578,8603070,9649591,408665,650614,2496903,2952299,2453788,2125946,1781519,1612428,422539,765890,1039656,0,0,422994,0,1119420
120,000552,2017-10-17,0.002557544757033181,-0.002557544757033292,0.09488525289446609,3900.0,38951.928872435485,1703,9647067,13495144,1227950,2943414,2068087,5245376,911238,2584493,1249413,1279884,1998087,530157,303420,341640,1302372,0,586500,570180
121,000553,2017-10-17,0.016926201760324888,0.016249153689912088,0.2937199146972346,22575.0,169310.97810182313,2531,73385871,118634855,1082029,1845831,8600642,15260754,10842428,11644936,12885720,19563777,11132578,13553728,7027004,8280132,5343084,8814747,16472386,39670950
122,000554,2017-10-17,0.018999999999999906,0.014000000000000012,0.23020920503204095,25299.0,130523.72869065183,1889,59815124,70588093,1109278,867010,8130332,9610672,7967062,9786218,15167080,15856075,10955143,9282399,3090826,4925663,5779178,2684587,7616225,17575469
123,000557,2017-10-17,-0.013816925734024155,-0.008635578583765069,0.182844891054152,10332.0,52023.358376676406,1003,16939510,10509448,805856,1093721,4593278,3583708,3274303,2634641,3692070,2453578,726458,743800,2735821,0,422024,0,689700,0
124,000558,2017-10-17,-0.01195814648729443,-0.004484304932735439,0.21060307957272037,11254.0,63718.152267715064,1009,18538574,12330220,731031,1250416,3495054,5016866,4755813,2536974,3085662,1939150,2219802,1213854,1068463,372960,414295,0,2768454,0
125,000559,2017-10-17,0.0008695652173913437,0.00782608695652165,0.24872681927860552,23220.0,146364.89660725914,2139,75026990,72095465,1061304,1304041,10773865,10738152,10025330,10543460,12044873,15995252,5519991,7568541,8511811,5417397,4814539,3511612,22275277,17017010
126,000561,2017-10-17,0.0009699321047527132,0.004849660523763344,0.2979847861065742,11418.0,43652.039547944616,1197,15213286,16972953,807074,1205509,4870142,6106118,3657861,3826102,3604811,3248959,1744018,1836725,0,306210,0,443330,529380,0
127,000563,2017-10-17,0.005714285714285783,0.00952380952380949,0.13547719821272652,9027.0,152173.27310607873,1504,24490205,39447833,1042174,1110613,4666990,5982211,4374342,5092473,4516175,5541650,2641481,2706234,662100,1721340,440430,461244,6146513,16832068
128,000564,2017-10-17,0.00512820512820511,-0.0034188034188032956,0.14598772060484852,5830.0,65593.77652005342,1608,20333312,21021449,1335700,1460157,4022033,5204717,3197013,4196769,4820770,4071917,1213747,3467084,1396257,629577,1352450,857771,2995342,1133457
129,000565,2017-10-17,-0.0021857923497267118,-0.003278688524590234,0.3949131396103892,9150.0,47265.49749784637,536,8826778,4636494,399628,714430,2677020,2215279,2053011,886871,1445927,284288,1388656,535626,349679,0,0,0,512857,0
130,000566,2017-10-17,0.006971340046475483,0.0038729666924866013,0.5417890727441106,12950.0,117199.31250804302,567,18182714,9265243,433261,444800,2578023,2303908,2186712,1403548,3359499,2421564,1476657,258400,768438,0,1335850,461919,6044274,1971104
131,000567,2017-10-17,-0.02297297297297296,-0.009459459459459474,0.8835051185722814,14755.0,172309.24974020466,1122,49627540,19260693,1694243,548727,7239497,3340497,4770836,1732184,6292579,3635044,3551462,2248842,3140233,1066961,1836470,0,21102220,6688438
132,000568,2017-10-17,-0.011436492808872045,-0.01975394212441517,1.0654689055109028,39977.0,346175.3859033402,2934,205661514,169022780,708422,975315,10110391,17438057,17200665,16183994,29041654,26494256,24461079,21529062,10594246,13463369,9466676,7057247,104078381,65881480
133,000570,2017-10-17,0.004335260115607031,0.007225433526011571,0.3213073108617235,6980.0,50950.86908173999,463,3726846,7552029,241707,606778,1214930,1786364,946997,1940383,1043127,1170987,280085,491782,0,985015,0,0,0,570720
134,000571,2017-10-17,-0.008571428571428563,-0.0028571428571427804,0.20173074747788422,5552.0,82837.92974372426,1204,12638482,15798618,469990,1958484,2711407,4085664,3350353,2518001,2308900,1996804,1536984,890170,0,697205,889708,0,1371140,3652290
135,000572,2017-10-17,-0.005235602094240899,0.0,0.11333873452132931,28028.0,209995.2734352686,2564,102999401,113254454,1553475,1398125,10466107,10009634,15829901,10967640,20459905,27002045,12756018,15231241,7496454,8617284,4452882,4438053,29984659,35590432
136,000573,2017-10-17,-0.005050505050505083,-0.006734006734006703,0.22689327528051798,5910.0,54064.59509064958,685,8835014,7491458,443860,775468,2145575,2063179,1472393,1201028,1546918,1697446,2044412,1155402,626560,0,0,0,555296,598935
137,000576,2017-10-17,0.012696493349455995,-0.0012091898428052694,1.0635117427542204,11613.0,96926.88542597501,241,4724618,1946265,350749,117637,1416155,880274,1050525,266661,540989,104013,0,0,0,0,0,0,1366200,577680
138,000581,2017-10-17,-0.006698187549251333,-0.0011820330969266601,0.49591276944587886,35672.0,269358.90089576907,2620,156648666,158250533,1280869,868802,13136083,10628288,15442631,13088361,22222533,18353285,20785484,15792738,9796052,12559142,8999388,7502817,64985626,79457100
139,000582,2017-10-17,0.005838198498749003,-0.00417014178482078,0.534150211112467,12516.0,57947.795882019826,503,8332167,7181883,363572,491635,2633978,2269900,1188004,1890301,1642349,2026929,430780,503118,0,0,963440,0,1110044,0
140,000584,2017-10-17,0.0026041666666667407,0.006510416666666741,0.4384440629925741,30920.0,176450.07285290796,1228,42922571,57582493,760250,523379,8852045,4237561,7920192,4391951,6711442,9275899,4728067,3755420,3897085,3093038,4246514,6849578,5806976,25455667
141,000586,2017-10-17,0.002031488065007636,-0.004062976130015383,1.3628122292688831,7874.0,52272.31109768122,208,2826931,2486791,380027,133565,664169,465660,581059,495227,298133,330091,903543,437340,0,624908,0,0,0,0
142,000587,2017-10-17,0.009138381201044377,0.0026109660574411553,0.22934679799787663,26547.5,595755.7387674525,1116,49249598,128815986,486039,996734,5485142,4113116,9387787,2796453,11766495,5393737,5439880,1928890,2116248,2153212,2611213,440812,11956794,110993032
143,000589,2017-10-17,0.0018587360594795044,0.003717472118959231,0.20823914381810316,5390.0,46998.79518864635,667,6803696,6813160,290454,869488,1595471,2200667,1506299,1468077,1265622,1675059,775012,270540,379456,329329,991382,0,0,0
144,000590,2017-10-17,-0.012179487179487136,-0.01602564102564108,0.713748971507935,15430.0,84780.7661531278,477,11458584,6099129,298606,463878,2044030,2577683,1860585,1426839,2667120,659090,1039228,0,302592,971639,952260,0,2294163,0
145,000591,2017-10-17,-0.006568144499178974,-0.0049261083743842304,0.1528404096279408,9157.5,111799.09397603966,1590,45501699,24878073,1203591,2064594,5542006,5357421,4896580,4391504,6287819,5609275,6472534,2947913,3952820,1611336,862435,0,16283914,2896030
146,000593,2017-10-17,0.03184165232358005,0.03270223752151469,0.4124943518236103,11980.0,82928.58996695258,793,10429936,22445696,435171,1115300,2543485,4662980,1519362,2990809,2461141,3714067,751514,2834100,1744761,3023861,444829,878974,529673,3225605
147,000595,2017-10-17,-0.0018018018018017834,0.007207207207207134,0.11730915085879962,17100.0,144665.74746049312,2246,70590127,72685865,1452357,1573609,9816375,8928865,8922255,9219123,14655025,13244894,7425254,8990487,5288480,9261113,4051740,5413810,18978641,16053964
148,000596,2017-10-17,-0.004605556380924081,-0.01827365918882784,1.5143775327841256,20208.0,185569.21788079792,1981,87914680,59015414,1650113,1785101,11222077,7582664,8296708,8396052,12154891,9896146,4691801,4838211,11740143,5326008,4316250,2173619,33842697,19017613
149,000597,2017-10-17,0.028862478777589073,0.02716468590831922,0.26738093001495633,24300.0,149992.21789947746,1943,57092500,79777323,1442275,1067122,9405400,8746524,10795063,8799586,13859223,11012259,7376930,9549441,5097748,6390794,3550622,6265181,5565239,27946416
150,000598,2017-10-17,0.006861063464836947,0.006861063464836947,0.13772788956095505,17610.0,211001.82758854973,1795,53847131,72668138,1259086,1242664,7169797,7879697,8431665,6746069,9356239,10026703,4838828,5686762,4863226,4811288,1743334,3211568,16184956,33063387
151,000599,2017-10-17,-0.0060882800608828,-0.0015220700152207556,0.2618497976645419,13818.0,112291.05521481349,629,14964560,10024060,401078,613922,3013081,2961977,1447821,2572674,3114936,1472836,726689,753003,1318942,671055,960480,448098,3981533,530495
152,000600,2017-10-17,-0.01679104477611959,-0.013059701492537323,0.22755632724945365,11660.0,100087.74771227743,2220,50044453,46764300,811261,2356423,7305402,9506431,7287629,10960806,10571895,8433788,6309660,5993241,1992342,1697751,2275195,2144541,13491069,5671319
153,000601,2017-10-17,0.0040431266846361336,0.006738544474393482,0.28739409817350503,7430.0,45128.762385487986,666,6337112,8249336,538096,647142,1586930,2619559,1434552,2748648,977800,1668564,225640,263022,1054929,302401,0,0,519165,0
154,000603,2017-10-17,-0.030545454545454542,-0.029090909090909167,0.3085655284104939,5340.0,84296.73471847239,1987,37643885,20883807,2077233,1280539,5033467,5802943,7384322,3252396,6774658,6081599,3434801,1771046,1992543,1271210,882900,0,10063961,1424074
155,000605,2017-10-17,-0.04609053497942395,-0.037860082304526865,0.5129404794989181,23370.0,156476.1299668121,2246,80034626,71760829,787590,2495968,7859141,11898678,8397096,10286752,15676236,11043152,11156497,10547154,7660354,5960662,5493524,5971271,23004188,13557192
156,000607,2017-10-17,0.012468827930174564,0.008728179551122262,0.25210777066185364,15181.0,116026.37783582279,1012,22788066,28117144,963630,1016315,4518764,4463198,3640859,2973247,4971626,4256753,2813862,3235589,1107878,1427148,1260524,2254388,3510923,8490506
157,000609,2017-10-17,-0.01931330472102999,-0.01859799713876964,0.516843375832646,15059.0,55929.762546342696,731,13102702,11879944,524839,710317,3563981,3761134,3031439,3201992,2305373,3202451,1063907,661924,671413,342126,1299830,0,641920,0
158,000610,2017-10-17,0.006056018168054456,0.007570022710068125,0.7590441235186411,13300.0,67510.15721360408,302,4578901,7368821,353486,116869,1475062,1020931,1219166,1099167,1213187,3003370,0,1020148,318000,0,0,0,0,1108336
159,000611,2017-10-17,0.0012210012210012167,0.0024420024420026554,0.39139443608144237,9020.0,39236.806155165556,437,6770644,4728615,629960,450645,2331893,1364642,959647,1631335,2152058,1077393,697086,204600,0,0,0,0,0,0
160,000612,2017-10-17,-0.0019512195121951237,-0.007804878048780495,0.24208734748474334,21630.0,95450.42326055768,1795,45150385,24205533,753195,860647,19209809,6765726,9262368,4112209,5025727,3614012,3683756,1281941,935730,1041789,1291810,457028,4987990,6072181
161,000613,2017-10-17,0.011044176706827225,0.012048192771084265,0.43473975424913297,10070.0,49335.30393596378,524,6213815,7374608,425363,412253,2903755,1673676,1318556,1370806,727650,2013307,468831,651153,369660,318780,0,934633,0,0
162,000616,2017-10-17,0.02941176470588225,0.03619909502262453,0.12578240993933326,13770.0,253164.5336531553,1237,33109864,64171076,946425,1029586,4774071,5364269,3941707,5094639,6088682,5841521,5096093,5553097,2152543,4475349,2637406,4017561,7472937,32795054
163,000617,2017-10-17,-0.0005803830528149367,0.0052234474753336535,0.47446536148281215,8655.0,72623.81288207773,1320,23635600,15619816,1605056,687884,4836065,4454837,4536882,2569023,4175718,2829289,2330249,2128863,996909,1391984,1459711,906642,3695010,651294
164,000619,2017-10-17,0.001079913606911509,-0.001079913606911398,0.4732219806036643,7415.5,38677.91855035932,382,3514913,3326168,391661,542551,1330136,1185733,913822,412677,307614,524609,203280,266623,368400,393975,0,0,0,0
165,000620,2017-10-17,-0.03257790368271951,-0.025495750708215303,0.14436741264636832,3485.0,39239.91617137386,2394,25099984,7374567,4345773,697461,8559075,3164663,3120130,1731188,3363991,1528349,1714195,252906,959427,0,945012,0,2092381,0
166,000622,2017-10-17,-0.004846526655896688,-0.008077544426494443,0.19507477098023385,12340.0,96017.21189806671,1008,13552696,24184749,963600,932776,3644802,4356463,2783044,3777524,2713093,7611393,1754758,3457168,1693399,991030,0,0,0,3058395
167,000623,2017-10-17,0.0008833922261484162,0.0004416961130742081,0.5368490962491194,18156.0,125655.80565040004,1778,50668052,43026516,961118,1697869,8096324,8613207,7152431,7019963,9535073,9518628,8784191,6283855,2216180,2054207,3120174,1312108,10802561,6526679
168,000625,2017-10-17,-0.006338028169014076,-0.005633802816901401,0.28522396928233157,29736.0,249219.12354163072,2479,142142842,102425464,1429686,1460890,11729717,12117936,14760160,11667197,21233342,16938077,17852951,11262079,13626620,8478792,8064126,10686278,53446240,29814215
169,000626,2017-10-17,0.012658227848101333,0.00421940928270037,0.5562468528254927,13319.0,98524.70190896351,889,20676009,12393930,695192,1088760,3844855,4305935,3040512,2629572,2625979,2769782,1655516,436012,1926234,334714,2412571,0,4475150,829155
170,000627,2017-10-17,0.010044642857142794,0.004464285714285587,0.19734398682165968,17830.0,121833.69694758812,2064,59597216,55669406,1783566,2155274,9044504,8586061,9499910,7878834,11886249,11119945,3844273,4651730,6119028,13987608,5396729,3150446,12022957,4139508
171,000630,2017-10-17,-0.016129032258064613,-0.012903225806451646,0.05808543992202714,18788.0,447240.48580070824,2885,190052244,134803516,2002650,1912141,12350127,11492647,13097648,12294929,16602513,16057403,11077714,9883564,7893241,8489271,6082178,8387486,120946173,66286075
172,000631,2017-10-17,0.004975124378109541,0.0024875621890549926,0.13855211390036215,4823.0,99691.0941958042,842,13878066,9208683,1240578,467687,2536589,1566674,2772747,884349,1866303,918857,882979,409455,323604,344111,1299652,449837,2955614,4167713
173,000632,2017-10-17,0.015341701534170138,0.01673640167364021,0.3044355132675806,14320.0,109864.01657651253,555,10421466,16759133,537685,384259,2322093,1928013,2152118,2564393,1641287,3886818,905163,3589577,0,2052852,0,0,2863120,2353221
174,000633,2017-10-17,0.0033185840707965486,0.015486725663716783,0.26799317156206,11947.0,47445.969413460196,1138,16034442,16359258,1165257,1016825,4894930,4998960,4658089,4116577,2963061,2946570,1519340,2418607,374534,0,459231,861719,0,0
175,000635,2017-10-17,0.002796420581655523,0.0,0.601884733216607,14059.5,41894.551625628024,882,10927497,11981463,676099,1007285,3811316,4592037,2186952,2046726,3526033,2581135,727097,924383,0,367297,0,462600,0,0
176,000636,2017-10-17,-0.0021668472372696757,-0.00650054171180936,0.21694203929128866,11058.0,112021.35850066479,1812,35947973,39298285,788119,2489055,4713965,9801739,5717254,7372059,6747648,9131852,1783203,3998554,3455291,2159167,2247127,404717,10495366,3941142
177,000637,2017-10-17,0.004405286343612369,0.005873715124816492,0.2032713683249425,4788.0,27712.040161872097,1123,8638815,4705789,1688071,711280,3218063,1512460,2145672,908645,946494,968263,260604,260141,379911,345000,0,0,0,0
178,000639,2017-10-17,-0.013029315960911947,-0.007445323406235493,0.7141697431466763,8460.0,65982.40862867699,905,11530065,11786131,1115069,819113,3647100,2766853,2178649,1438075,1459064,2030180,677793,1241179,691803,369008,1760587,0,0,3121723
179,000650,2017-10-17,0.001677852348993314,0.003355704697986628,0.17532487244500713,7200.0,64035.029696478625,1156,15675206,12411949,2425398,737317,4031166,2877550,3112259,2037368,2026582,2015716,1844906,950133,340316,987656,1388829,478601,505750,2327608
180,000651,2017-10-17,0.023138832997988024,0.012826961770623813,0.6691428876565724,241620.0,1125611.1186831812,3531,863678542,1052714050,211257,267536,5122691,6607631,13232085,15427342,39133761,47981835,52887701,50549868,48705895,35466508,49721332,47349189,654663820,849064141
181,000652,2017-10-17,0.02312138728323676,0.02312138728323676,0.14450872862272102,10420.0,83204.98019271185,1291,19071840,28181380,986818,807338,4729647,4346480,3730039,4005595,4563083,5234094,1911533,4476674,771673,1715839,1748750,2722853,630297,4872507
182,000655,2017-10-17,0.0,0.0012091898428052694,0.192261079677212,1652.0,50256.658022900854,1851,20151643,10824471,2112882,852498,4032009,1986745,4303477,1688752,4192567,3144642,1527259,917184,1734267,1748374,867682,486276,1381500,0
183,000656,2017-10-17,0.0020283975659229903,0.0020283975659229903,0.157859647636505,8892.0,51439.37172499314,976,14440612,9203243,1117865,1175413,4309025,3452809,2963064,1532931,1588283,857871,2966556,679221,0,1020878,992433,484120,503386,0
184,000657,2017-10-17,-0.021663172606568915,-0.01607267645003496,0.4245564040854294,14150.0,59870.4278234846,1136,22308643,16558695,758035,1191759,5501438,5794861,4314399,4946691,4394337,1895188,3623615,881910,2059029,931054,473100,400440,1184690,516792
185,000659,2017-10-17,-0.010000000000000009,-0.007499999999999951,0.17808409582148346,11880.0,67903.32772738843,504,9823394,7678391,364425,466981,2041307,2622349,792505,1445614,4120610,2209562,470306,233640,728429,700245,484340,0,821472,0
186,000661,2017-10-17,-0.008816120906801062,-0.00931989924433263,5.365420661253754,31733.0,285749.4430986617,876,57005410,37210658,7911,26376,5235051,6992976,4741385,2961804,8119830,5881910,3615777,1129614,4962988,3631820,1779342,2226752,28543126,14359406
187,000662,2017-10-17,0.028037383177569986,0.006853582554517068,0.5490532717307498,16200.0,80928.05483276778,854,18674600,17213381,870670,676479,3410638,4423906,4090116,4268964,3178259,3769676,1437707,1696210,2387845,351340,479400,1230726,2819965,796080
188,000663,2017-10-17,-0.009907529722589237,-0.010568031704095149,0.6217784215785815,11976.0,57602.28747205879,593,14043549,5925703,595152,683659,2050653,2239228,3052068,1361817,3644779,1640999,2785376,0,1486521,0,429000,0,0,0
189,000665,2017-10-17,-0.008460236886632777,-0.005922165820642977,0.4487685179501114,11730.0,86557.8217968137,693,14612716,10820914,341922,796254,3163528,2670909,2865562,2041828,2790019,1792317,1584499,761379,1049325,1356420,870396,471977,1947465,929830
190,000666,2017-10-17,-0.008857808857808736,-0.006993006993006978,0.5499777749238104,21160.0,77337.91059128605,1521,37005362,25082690,1703744,860877,8809007,6415451,6941363,7306955,8796957,4816305,3439570,1277204,1683562,1748182,873815,468520,4757344,2189196
191,000667,2017-10-17,0.0,0.0,0.10981142052609519,3370.0,77623.82311803149,944,8652564,6578838,750785,908379,2354615,1993580,1174054,1003593,872314,493233,520520,222491,645692,0,471800,0,1862784,1957562
192,000668,2017-10-17,0.010895883777239712,0.011501210653753091,1.094436547417722,5025.0,39862.150163993814,227,2295410,2400373,243166,146864,468476,844933,537383,504030,830975,627990,215410,276556,0,0,0,0,0,0
193,000670,2017-10-17,0.0,-0.005952380952380931,0.14043263968110278,18494.0,127452.66781643925,2296,54529148,57114440,1725385,1836142,9509904,12480218,9516382,11318823,11521026,11696430,6058031,5361489,4040794,5083507,1349390,2584169,10808236,6753662
194,000671,2017-10-17,0.0,0.0030211480362536403,0.13183092425908446,17968.5,149661.81751841094,2526,66301954,98924362,496936,2681147,3943002,16079697,7953861,14305554,9047499,15027038,10346006,13769041,8786588,4881313,4917310,6196124,20810752,25984448
195,000672,2017-10-17,0.009100101112234471,0.013144590495449915,0.23545569814883116,16915.0,137842.25514300942,1765,35319530,47442986,1650907,1553065,8462900,8794257,6414934,7341998,6527714,8384321,3961800,5419642,2680755,5923983,2229550,899046,3390970,9126674
196,000673,2017-10-17,0.0043290043290042934,-0.0051948051948051965,0.38995009470495384,12693.0,99730.84365893897,877,22175430,11273717,689569,654637,4570796,3542723,4446930,2167014,2595968,2148260,2322206,1713006,1662470,1048077,0,0,5887491,0
197,000676,2017-10-17,0.004341534008683201,0.0065123010130245795,0.528176027637366,11168.0,74450.04962323217,684,11759621,7009870,564739,743194,2670819,3575088,2153837,1127757,1895533,964519,782647,217152,383088,382160,889980,0,2418978,0
198,000678,2017-10-17,0.0071258907363420665,0.002375296912114022,0.2735803902159597,12794.0,70034.13927821456,947,16105809,14866455,956499,858910,3957634,4995282,3428639,2866663,3806832,3123074,759716,1404224,610502,0,896045,0,1689942,1618302
199,000679,2017-10-17,0.0022471910112358273,0.0011235955056179137,0.42014690888288786,5376.0,53756.37170268241,448,5942885,4087573,587179,372680,1514241,1107035,1255802,1050961,224923,1168961,987220,0,357780,387936,436590,0,579150,0
200,000680,2017-10-17,-0.0017574692442883233,0.0035149384885764245,0.17680298150025142,7436.0,87587.21204711721,1036,16525198,16886046,660580,1201997,3145294,3392701,2821130,2679946,2242802,3792276,2548172,984100,345488,1460121,412984,472152,4348748,2902753
201,000681,2017-10-17,-0.008130081300813052,0.00101626016260159,0.6272083017683253,13888.0,62265.51733572432,985,11921990,19650885,936240,698035,3268657,9136190,2984585,2554523,2578795,2264517,756825,688331,335580,1403492,467908,402752,593400,2503045
202,000682,2017-10-17,-0.001879699248120481,-0.001879699248120481,0.18377782159978762,4788.0,50540.17168420396,838,8755321,8800618,494767,939525,2292683,2200279,1457006,1003307,2889038,1689918,1260747,1474105,361080,0,0,425590,0,1067894
203,000683,2017-10-17,0.006250000000000089,0.0031249999999998224,0.07934635801071166,9555.0,98465.22991372645,1636,31690743,29948933,1508671,1108822,5990918,5254687,6201779,4616099,5766863,4629871,3277409,3759855,3679387,670313,1725686,1804699,3540030,8104587
204,000685,2017-10-17,-0.0018331805682859637,-0.0018331805682859637,0.3607404088923462,14157.0,73489.86221198454,914,19794580,13759041,621862,448584,4214020,3868977,2904107,4442219,4204442,1663786,3151979,918023,1288551,342720,932415,418176,2477204,1656556
205,000686,2017-10-17,-0.002958579881656931,0.0009861932938854956,0.27885812486270845,20210.0,147252.1323334675,1322,42646200,39271221,554928,891726,5561210,6570262,5715489,5865431,8444759,7083003,5304550,3034398,5185739,3307531,4483661,1301886,7395864,11216984
206,000687,2017-10-17,0.0,0.0,0.47973867060012615,21980.0,607927.1612504501,1070,87199743,0,1648718,0,11238060,0,9995609,0,11553630,0,5683400,0,3696470,0,2703540,0,40680316,0
207,000690,2017-10-17,-0.007518796992481258,-0.003759398496240629,0.2531140381206429,8745.0,84972.98234499269,994,19017860,10518828,1164673,750218,4864611,2278274,3436879,1938726,2521115,2416917,1419171,537603,721155,714710,400680,473820,4489576,1408560
208,000691,2017-10-17,-0.001335113484646211,0.001335113484646211,0.51946210041351,11115.0,48800.37133376528,207,3104554,2817458,187594,145810,986152,780465,589697,368322,907321,544076,433790,978785,0,0,0,0,0,0
209,000692,2017-10-17,-0.007541478129713397,-0.006033182503770718,0.2795186056257189,3330.0,65887.51915103279,562,7188859,5955522,321041,582479,1533631,1710166,862137,881272,1323101,1660169,479886,259350,712558,330500,0,0,1956505,531586
210,000697,2017-10-17,-0.0007782101167315147,-0.00038910505836564635,0.696811025660664,25660.0,170239.62419580924,1360,47937353,38872305,595335,755350,6594877,6869392,7312962,5990070,10966039,8510358,6700136,4666689,5923405,2490747,1820981,878856,8023618,8710843
211,000698,2017-10-17,-0.001529051987767538,-0.006116207951070374,0.25901296000920115,8463.0,94125.62824683457,637,11710816,9026364,321874,1022812,2000646,2795038,1793993,2075438,1355873,1370179,946536,456381,323500,321100,1315919,429016,3652475,556400
212,000700,2017-10-17,0.00723589001447178,0.00868306801736618,0.2116599429451386,6950.0,36946.82679179348,1066,10718880,8069083,1526953,679930,3840768,3393361,1692552,1997102,1748455,997831,1404800,226800,0,339281,0,434778,505352,0
213,000701,2017-10-17,0.0024390243902439046,0.005691056910569037,0.47738589529878056,12310.0,77344.79527457764,663,11216128,9878713,516076,710472,2418939,2885336,2209082,2150565,2192091,2541235,1066515,1257814,733401,333291,0,0,2080024,0
214,000702,2017-10-17,-0.0011507479861909697,0.0,0.3353907732118788,13919.0,50266.78530566454,671,10200951,8756811,561629,606994,3225316,3682698,2115235,2115104,1815528,944333,241640,989506,1753983,0,487620,418176,0,0
215,000703,2017-10-17,0.004452926208651231,-0.01653944020356235,0.3757906261011008,9240.0,58522.25855942136,1752,27663368,15637033,2990551,970200,8613426,4237217,7663743,3570298,4513846,1102788,1328967,1181495,1307660,331356,456870,477280,788305,3766399
216,000705,2017-10-17,0.008620689655172376,0.01245210727969348,0.3724742119686769,5260.0,28069.754104990498,785,4807370,6416452,443651,1362202,1587761,2338993,738966,1269461,1367065,1445796,669927,0,0,0,0,0,0,0
217,000707,2017-10-17,-0.0015015015015015232,0.0,0.24235503173072667,7282.0,75694.28142828785,755,11011211,8231252,372880,1175876,2228218,2883676,1389323,2024502,1080604,1274021,1758566,873177,398400,0,0,0,3783220,0
218,000708,2017-10-17,-0.01263940520446094,-0.008178438661709975,0.43399432309955266,13330.0,61969.71683247459,960,17988722,15635416,745830,1110259,4437606,3248041,3584954,3704051,4451567,4306298,1616287,2545967,1026260,720800,946388,0,1179830,0
219,000709,2017-10-17,-0.006802721088435382,-0.0045351473922903285,0.08533994360347857,20656.5,278185.8442990664,2684,146399019,79435183,2507548,1338676,16525651,7801717,16534594,8744273,19875492,9557726,12921388,6203412,8729307,4665205,8453940,4013773,60851099,37110401
220,000710,2017-10-17,0.006113681427627249,0.006278916060806328,1.666341769886593,24516.0,99534.77328863037,1319,38921074,36786320,676200,895020,7158053,6796225,6506006,6793126,7734957,7979958,4979065,5707874,5589540,2675549,1357669,944385,4919584,4994183
221,000711,2017-10-17,-0.006896551724137945,-0.0027586206896551557,0.43673664200527595,8751.0,58078.64230125865,1102,15402251,15102519,1053025,624833,4824729,3478857,2623649,5049079,2996258,2438552,1682219,1372716,950726,1071862,429200,467200,842445,599420
222,000712,2017-10-17,-0.010848126232741784,-0.010355029585798814,0.5303776005971005,24228.0,114404.89654484646,1462,51507521,35708423,503770,786000,8395349,8019250,6778036,6815903,9127155,8741579,7811941,4633397,3675849,1335982,4421429,864556,10793992,4511756
223,000715,2017-10-17,0.015917602996254665,0.004681647940074862,0.3826176717253922,3213.0,22501.46680983223,779,3513638,3016890,1502769,521278,1149864,755240,588665,602887,272340,548889,0,213800,0,374796,0,0,0,0
224,000716,2017-10-17,-0.005970149253731294,-0.0029850746268657025,0.1488563394757758,14586.0,98998.8457209167,2029,49519654,33731293,1609883,1401843,9770542,8837075,9961335,7619901,8558811,7395875,5139726,2562172,3792660,2419582,1276081,450900,9410616,3043945
225,000717,2017-10-17,-0.012690355329949221,-0.0076142131979695105,0.1523489957483453,34452.0,256332.18756278965,2681,143527615,133294041,1180946,1570854,9242609,19776216,11647198,16958696,19790542,19040102,16691817,12852104,13647746,11226903,10091338,6275599,61235419,45593567
226,000718,2017-10-17,0.00366300366300365,0.00366300366300365,0.14625914260928696,1647.0,61765.32242943071,1395,11255638,10059582,1088329,883923,3820982,1488271,1798952,1140581,1939610,905649,1182211,813532,383600,1012676,435660,0,606294,3814950
227,000719,2017-10-17,-0.005736137667304075,-0.002868068833652093,0.39048226393093366,5240.0,43519.45149022806,717,7877258,7015700,385489,1143956,1928874,2167634,1789132,1839337,2383403,913942,413028,950831,0,0,410942,0,566390,0
228,000721,2017-10-17,0.00554785020804438,0.006934812760055475,0.2617761156153566,7270.0,53317.723432326246,758,9214126,9164826,446341,1244292,2188655,2821544,1911400,2020717,1419515,1907783,862522,1170490,727733,0,903470,0,754490,0
229,000722,2017-10-17,-0.0016447368421051989,-0.004111842105263164,0.5086727108804667,12150.0,59713.94595664761,571,8690753,9499190,381859,538057,2254196,3125615,1772606,2154935,2035513,1057690,1156061,735146,0,952489,0,935258,1090518,0
230,000723,2017-10-17,-0.013483146067415852,-0.011235955056179692,0.23741064316457233,13200.0,140543.19034637755,1406,36789380,53647975,652729,2270247,3656910,5801616,4064508,6304584,7551425,9301491,4276273,5626450,3228787,4549451,3615801,5926047,9742947,13868089
231,000725,2017-10-17,0.011787819253438192,0.005893909626719207,0.08505464531051382,508618.0,2052794.0447202194,3602,1882661526,2455017553,0,17570,1840336,1416580,9756106,7587703,34834811,36100791,46643579,47352959,59758218,59659575,53039557,59370748,1676788919,2243511627
232,000726,2017-10-17,-0.0008156606851549286,-0.00815660685154973,0.3150969472735525,6090.0,62007.72614806274,1514,22251024,11593028,2724110,555698,4222770,4137165,3490438,2541267,4385889,2519709,968825,703939,692987,705275,916830,429975,4849175,0
233,000727,2017-10-17,0.0,-0.006993006993006978,0.0681291936413121,10600.5,175139.61136378275,1776,48731736,35603650,1194434,1662716,7055188,7464267,5298508,5530218,7181766,4301871,4517303,4304534,2442074,2720343,1396215,1223224,19646248,8396477
234,000728,2017-10-17,-0.014084507042253502,-0.011119347664937052,0.2675515035934771,33500.0,228237.57124889077,2543,130808547,144254896,563383,1857602,9268208,15470913,11361508,15407115,20070796,23280535,15199930,17249200,9019947,10556889,6854366,7929709,58470409,52502933
235,000729,2017-10-17,-0.0015384615384614886,0.004615384615384688,0.16593927878106265,6490.0,67268.01124655022,1535,21162622,23285499,1647721,701666,4627091,4225140,4654620,8844941,3277941,5251955,959379,1245813,1591684,717592,407486,1248567,3996700,1049825
236,000731,2017-10-17,0.0,-0.0012300123001232066,0.303076705932847,11438.0,108020.44868764254,719,16161119,11994037,452134,945642,2797123,3334453,1856930,2367080,3380042,2126701,2128730,1190854,1412662,1058541,0,443616,4133498,527150
237,000732,2017-10-17,0.009994121105232123,0.013521457965902206,0.5301701862878745,6876.0,38032.14998643491,1029,5825006,12224633,1435621,1344680,2721755,3357535,984640,3396431,305080,1651759,0,1412569,377910,0,0,0,0,1061659
238,000736,2017-10-17,0.010709504685408211,0.0153949129852744,0.49563430421894844,15035.0,52561.033159958046,908,11765880,13927930,749782,832220,4418060,4213043,3229420,3253632,2718893,2805115,649725,973328,0,360372,0,0,0,1490220
239,000737,2017-10-17,0.0049423393739702615,0.0032948929159801743,0.19459442824611559,11016.0,42610.024909240405,973,10226976,13436384,784224,1089354,3476920,4700585,2590790,2480113,2103044,3164172,960898,1276984,311100,300370,0,424806,0,0
240,000738,2017-10-17,0.02739726027397249,0.016634050880626194,0.4079472528264083,41520.0,200731.09690055074,2511,113950015,142836595,610029,900564,10882578,13832008,14002559,17187304,23603693,24293644,16831571,16781698,9262680,12789245,9459635,8513789,29297270,48538343
241,000739,2017-10-17,-0.006756756756756799,-0.005405405405405461,0.19352324534968712,22080.0,112776.89998609282,1463,35723862,46889522,782816,1359816,3858353,10475661,4507419,12834545,5846158,11651747,2999484,2903284,7361525,2832336,1336733,2226599,9031374,2605534
242,000750,2017-10-17,-0.0085910652920963,-0.0085910652920963,0.15299477325783925,11039.0,132973.5510229769,1449,41451845,19701385,1186453,1259252,5795247,5067261,6308316,3597311,5762199,2864908,3762308,1485689,2696452,1050111,1724054,493887,14216816,3882966
243,000751,2017-10-17,-0.0167504187604689,-0.00670016750418756,0.1420829420287399,14800.0,161685.5657739935,1768,46992297,51012049,1160025,1621830,6981702,9090397,7532801,5827654,7507249,6431941,5289428,2800694,3071548,3716064,1393264,2273529,14056280,19249940
244,000752,2017-10-17,0.004285714285714226,0.002142857142857002,0.6123364746183272,9849.0,32493.071119217377,522,6949202,3861545,691231,444159,2360027,1928252,2322020,1043352,1023130,160770,552794,285012,0,0,0,0,0,0
245,000753,2017-10-17,0.008810572687224738,0.008810572687224738,0.19350386931019373,7280.0,42945.835033440984,550,7038544,4895298,595426,524748,2570782,2167312,689790,1448899,1172805,754339,1130080,0,301665,0,0,0,577996,0
246,000755,2017-10-17,-0.03188405797101457,-0.03188405797101457,0.1774327543306653,11415.5,115964.2251067096,1514,32823428,24547447,1636806,1139133,7214520,5466452,5150952,3997905,6487058,3978548,1759867,1317952,3378715,1338391,2231890,0,4963620,7309066
247,000756,2017-10-17,-0.026500811249323908,-0.01568415359653863,0.39971917831958564,9135.0,86933.19586669412,2144,42832361,29595597,5808344,849496,10481388,4795830,6774680,4992033,6898742,4810497,3693804,1110137,1384314,2717947,1685529,1256305,6105560,9063352
248,000757,2017-10-17,-0.010884353741496655,-0.0027210884353741083,0.2871509727259562,13068.0,45993.15013241015,655,10566727,7952327,605020,663929,3400691,2797512,2685583,1502079,2489311,1181958,1386122,674764,0,318255,0,813830,0,0
249,000758,2017-10-17,-0.0040000000000000036,-0.0040000000000000036,0.18858828185719587,8940.0,165974.59174817507,1583,46062551,28446560,1426188,1568489,6095456,5058525,4755553,4395565,7243565,5215281,5082633,2445409,2743802,4567477,848751,976794,17866603,4219020
250,000759,2017-10-17,-0.020042194092827148,-0.028481012658227778,0.25101153813267996,5565.0,87056.0711872161,1428,24253622,12034510,820865,1867620,4566055,5004380,4318243,2247743,3346463,1571912,3037912,513576,714488,345920,1795189,483359,5654407,0
251,000760,2017-10-17,-0.004192872117400381,0.002096436058700357,0.42426225444067495,9580.0,58726.043402898504,505,7028188,5875016,421327,624202,2577599,1930511,1093928,1075415,1306835,251458,842996,810732,314195,0,471308,413424,0,769274
252,000762,2017-10-17,-0.027083333333333348,-0.018749999999999933,0.3805997391144114,37870.0,267826.8345343482,2546,170757329,122799787,1356048,1469566,11460280,11299169,14941786,12988043,24055409,21714580,19189717,16370318,14221578,9503931,9300569,9255300,76231942,40198880
253,000767,2017-10-17,-0.005747126436781658,-0.008620689655172376,0.12146320056392387,4401.0,74844.47461400239,822,15349503,8741423,685634,699958,2218655,2000028,2087912,1674115,3286425,1588575,2535269,533234,2052380,367048,1794884,430842,688344,1447623
254,000768,2017-10-17,0.007940446650124056,0.00496277915632759,0.3693889835869705,50487.5,271834.7330424476,2978,225114981,197732653,814768,1134794,12716033,11985582,16807950,16158840,32818154,27241512,26484009,20756319,17629758,15444294,17197076,16607673,100647233,88403639
255,000776,2017-10-17,-0.01426307448494446,-0.010036978341257385,0.37064465495864796,48906.0,350439.8445729186,2609,235728831,163201667,959087,1674705,9178468,10656549,17815091,15600641,24560083,19272405,22467447,15508381,19663062,14134250,13305995,11569678,127779598,74785058
256,000777,2017-10-17,0.02521994134897354,0.029325513196480912,0.4168864711017186,22906.0,200196.78760778764,1674,70921803,80622085,1056587,1267231,7328386,8234574,5983661,6374531,11546237,11712367,8204952,6760675,6292096,9275494,4903617,6481621,25606267,30515592
257,000778,2017-10-17,0.0015797788309637184,-0.0015797788309636074,0.12063799020080342,7596.0,112152.37967855507,2760,46622169,51950109,1303435,3434284,6662657,12638757,6318151,10124068,6955621,9891411,3917445,4466324,4126468,3074825,3413264,859850,13925128,7460590
258,000779,2017-10-17,0.05617283950617291,0.0185185185185186,0.39390077545127405,18194.0,90817.84478221701,1693,37343613,40265704,1357076,1384904,7565600,9164010,7720317,8085700,8100422,9084520,5523757,2952979,3856087,3019188,878511,1891328,2341843,4683075
259,000780,2017-10-17,-0.001953125,0.001953125,0.2827671272753288,6156.0,55225.35315321581,327,4409499,3577748,283093,321487,975108,1132986,977452,640598,466717,1015165,659176,467512,0,0,467968,0,579985,0
260,000782,2017-10-17,0.0039486673247777215,0.0039486673247777215,0.35984232650232784,20060.0,98752.86582709358,792,21595336,18282894,502112,503172,3778315,3492637,4267238,2579458,4933512,4783259,1687484,3214844,1299443,1072301,1805820,830598,3321412,1806625
261,000783,2017-10-17,-0.006198347107438051,-0.004132231404958553,0.2569802279591009,11580.0,117248.15606897553,1419,32770104,29277523,1362009,1679446,6116280,6116975,4871872,3778724,6308320,5009071,2901836,2184231,3522892,1762106,1333003,2724188,6353892,6022782
262,000785,2017-10-17,0.0330788804071247,-0.0016963528413910245,0.45675361282292093,11710.0,50494.142405684244,666,11056116,6354531,541486,501729,3561418,2841194,2424314,795608,2470684,637801,1026114,458609,1032100,0,0,0,0,1119590
263,000786,2017-10-17,0.023181818181818192,0.025000000000000133,0.3745217425614934,116229.0,1660566.1673232373,3465,548725377,844964799,506097,579514,8265094,12357597,18448614,21102586,33907375,46180918,30737645,40130083,25561519,34582149,27607530,34647431,403691503,655384521
264,000788,2017-10-17,0.0,0.0019704433497536034,0.43206293810308605,10130.0,37818.22509496144,551,6182698,6021702,508699,501146,1748361,2467332,1174500,1595183,1569745,1458041,208485,0,972908,0,0,0,0,0
265,000789,2017-10-17,0.008443908323281013,0.010856453558504509,0.2463051212753966,16660.0,96712.97312152373,1133,27119179,26750493,1015948,911810,5476971,4117992,4574733,4667016,6900586,5771582,3628869,4016561,2125020,1030095,2180572,955487,1216480,5279950
266,000791,2017-10-17,-0.01532567049808431,-0.01724137931034475,0.18055192252342656,67535.0,541083.5574761947,3356,283687073,234315215,1032614,750339,13798496,12476187,23658789,22338098,45860486,39787687,32637046,25458907,26939987,14790467,24159314,12130708,115600341,106582822
267,000792,2017-10-17,-0.004307692307692346,0.006153846153846176,0.28666679899848496,69939.5,461483.52081375214,3216,338220486,322716262,1001949,1117029,12991471,10898586,19972380,23068804,30763403,36555930,26623665,29502974,21330411,25231120,21961081,18148805,203576126,178193014
268,000793,2017-10-17,0.009842519685039353,0.0059055118110236116,0.29391370873962447,20460.0,536156.5251082233,1195,38859435,69980190,577678,661498,3838014,8357662,4960233,4177858,6459261,9993287,2797692,10692937,2230976,1315459,883184,0,17112397,34781489
269,000795,2017-10-17,-0.0055172413793103114,-0.0027586206896551557,0.16615975219576667,14460.0,71585.902024126,1906,35053420,32250869,1538448,1696682,8245981,9889949,6959331,7681429,5864787,6617827,2443381,3386715,1768679,1341338,2623767,910313,5609046,726616
270,000796,2017-10-17,-0.004379562043795526,-0.005109489051094762,0.4080203663668745,14927.0,57879.82413031194,1127,17840411,18294508,742777,1020678,5922554,5280737,3767360,4525511,2938510,4213950,2053840,1511763,936460,0,872850,919869,606060,822000
271,000797,2017-10-17,0.024311183144246407,0.0008103727714747766,0.32625883180569415,18285.0,105793.57429616006,1432,42595144,31688672,841927,1264232,6811390,6602519,5233944,6443895,8019727,8017739,6376687,4961152,4514585,943156,1791642,858864,9005242,2597115
272,000798,2017-10-17,-0.009564293304994642,-0.012752391073326375,0.41089503293402674,9320.0,43913.44250351445,524,7746045,4118722,449511,723477,2165262,1871664,1683032,1113182,1483632,410399,1072465,0,0,0,892143,0,0,0
273,000799,2017-10-17,0.012704174228675091,0.006533575317604345,0.521321926700263,27735.0,155581.2406364618,2794,102561289,102438982,1085263,2812741,11669456,14379360,13280698,14542336,20121341,18822261,16033975,10766222,7745720,10415962,7414789,5285547,25210047,25414553
274,000800,2017-10-17,0.004580152671755711,0.003053435114503955,0.2755151669223555,41728.0,275360.9184295957,2262,130353336,138887446,861891,1045818,8234739,10635424,11497334,15259683,19429637,20996546,17083198,17934215,12651694,13931054,9809153,9363417,50785690,49721289
275,000801,2017-10-17,-0.010895883777239712,-0.00363196125907983,0.24111857071271053,14008.0,91722.23819732909,1174,24463254,22545716,895739,1373737,3931321,6342949,3721023,4324932,5401481,4427769,4080832,3155025,1421170,648241,1246954,400950,3764734,1872113
276,000802,2017-10-17,-0.009523809523809601,-0.010158730158730145,0.45233768058890456,15600.0,65015.827941203235,1212,26044703,19023264,994340,1163573,5372541,6416472,4937153,4841473,7282410,3691563,2334016,717858,2915878,995275,893900,0,1314465,1197050
277,000807,2017-10-17,-0.01692307692307693,-0.010000000000000009,0.22798055107749776,67314.0,443963.80248147214,3256,317969827,257885778,942141,912275,13036320,13153766,18884152,22109141,36000046,37837499,31012391,27428787,26713293,20090223,20164016,18087627,171217468,118266460
278,000809,2017-10-17,0.009009009009008917,0.0022522522522521182,0.21854903073225668,13320.0,74335.2076429342,412,8307870,8082272,293865,351775,2347975,1924866,1225498,1304519,1394296,1182445,1753267,907260,773267,1419057,0,446000,519702,546350
279,000810,2017-10-17,0.004604051565377576,-0.0009208103130754486,0.4557380132932859,9756.0,23685.31070858107,567,4180634,5101982,577451,590922,2344413,2325696,436674,1180318,822096,788046,0,217000,0,0,0,0,0,0
280,000811,2017-10-17,0.014271151885830724,0.020387359836901098,0.25998964807778313,20120.0,101021.19585875577,1424,33676233,39455700,832306,942480,11011868,5715533,4849229,4671378,6481867,8639558,4170856,4061094,2753645,6741662,874860,2246703,2701602,6437292
281,000812,2017-10-17,0.0022988505747127963,0.0011494252873565092,0.33518568347572375,15678.0,60354.28365135795,673,12097622,11793316,438483,891675,2642720,3537476,2925034,2156155,5356099,2090467,423766,952735,311520,611792,0,909891,0,643125
282,000813,2017-10-17,0.01146496815286624,0.006369426751592355,0.2499012327368422,3156.0,24035.125566871677,987,5183114,5587137,1535919,868955,1485871,2155052,1180899,1408439,659665,1154691,0,0,320760,0,0,0,0,0
283,000815,2017-10-17,0.014669926650366927,0.0012224938875304847,0.4849853073657731,16525.0,60338.18889851936,1138,22771964,17221781,1154924,858769,7336197,4826681,5326787,3859191,4338595,3919493,1572139,933827,1735664,1345457,452100,945035,855558,533328
284,000816,2017-10-17,0.00337268128161905,0.0,0.1597230805343001,15561.0,111552.69806628345,1380,30677213,39752586,643197,1525447,5440188,6508408,5067237,6177142,5465714,7933481,3048922,4203851,2755398,3437977,1337186,2091232,6919371,7875048
285,000818,2017-10-17,-0.006843455945252375,-0.007698887938408894,0.32842211606639465,11630.0,55975.0616681255,1267,22008373,16764788,874230,1131066,6744986,5888643,3808755,3621315,5124771,3534862,1384598,961862,2338693,642662,480700,458248,1251640,526130
286,000819,2017-10-17,0.0023529411764704466,0.00588235294117645,0.665977250471864,15507.0,62584.62585487025,651,9089996,13004989,434657,727340,2990481,3589093,1831017,2305740,1921076,2419674,493770,1090282,974788,1388897,444207,415143,0,1068820
287,000821,2017-10-17,0.012463343108504388,0.013929618768328433,0.30877412567077384,16674.0,95765.60785770208,1954,46323688,51837652,1808735,1044432,7678813,8654037,8854362,8661402,12610481,11239132,4569419,6391397,2663515,3979874,3460613,2216345,4677750,9651033
288,000822,2017-10-17,0.01989150090415892,0.025316455696202445,0.24423923519716914,22640.0,124838.05707092806,2051,50090391,77258678,1072545,1240189,8774705,11767121,8705181,10992862,10979246,16854002,6359823,7960758,5534004,4386040,2240210,4838056,6424677,19219650
289,000823,2017-10-17,0.026388888888888795,0.016666666666666607,0.3665593999784795,33177.5,145545.50457328642,1544,61614743,54747235,639776,567960,12793955,5291567,14840567,6207644,13495553,7618699,5838795,7195541,2816750,4290195,1743064,3979434,9446283,19596195
290,000825,2017-10-17,-0.0019685039370078705,0.0,0.09304619086511173,9126.0,176297.28479008636,2993,85689208,52950123,4119988,1257385,12701082,6688170,9797076,6106676,12673115,7645446,7978524,6373855,3751222,1745813,6669783,3909581,27998418,19223197
291,000826,2017-10-17,0.0030079299972654017,0.0062893081761006275,0.8736565785998226,36890.0,192440.15588416217,1752,76173869,79682444,892405,845776,8635758,8522844,9743055,7964520,14706287,21908285,8032642,6675732,6426804,7154123,3437143,3724399,24299775,22886765
292,000828,2017-10-17,-0.002413515687851975,-0.0008045052292839916,0.49409347277429905,10008.0,70343.12772213519,632,8110383,12710507,215753,1441030,1928599,2676076,1587761,1875561,1938536,2332378,532336,1299138,698180,1011671,459170,971271,750048,1103382
293,000829,2017-10-17,0.021201413427561766,0.030035335689045928,0.22765864092431465,25630.0,245683.59898695716,2481,100959260,148369190,1138754,1724285,9785217,10087705,11935946,10090449,17015816,17257249,13989818,9306312,9444506,10054543,8911538,11631262,28737665,78217385
294,000830,2017-10-17,0.036053130929791344,0.032258064516129226,0.19240194072157293,39114.0,237065.3968302401,3004,139083117,211951744,1368560,1233720,12566349,13848428,15798417,16157502,27063614,31233694,19036888,25532768,13904189,18368386,11407754,15997718,37937346,89579528
295,000831,2017-10-17,-0.013475177304964503,-0.007801418439716268,0.3142313964432823,21030.0,124422.5456508246,2014,68418950,50539919,1150445,1703931,9418759,10340549,9557334,10054931,14105547,10661187,8716158,4449050,5848843,2648835,4469372,2269488,15152492,8411948
296,000833,2017-10-17,-0.022727272727272707,-0.020334928229665095,0.2546179743634554,13111.5,76766.57893442964,1078,22153354,13897581,931845,1371899,4618332,5108030,5126591,2875659,3376783,3163231,3034474,1023187,1362861,355575,409000,0,3293468,0
297,000835,2017-10-17,0.01497326203208571,0.004278074866310266,0.3886320457445089,10351.0,61766.743190856665,578,8585109,8788803,430296,798105,2581695,2879071,2220360,961620,1657298,1798612,1036046,760460,659414,649995,0,0,0,940940
298,000837,2017-10-17,-0.010457516339869244,-0.005228758169934622,0.23235890364845052,13680.0,118541.99968403394,1084,30452329,19020745,713399,1227650,4796207,4846159,4355947,3625845,2816390,2514607,3085342,2882530,4644537,2173898,914241,862852,9126266,887204
299,000838,2017-10-17,0.007776049766718529,0.007776049766718529,0.19214881828246286,9079.0,50805.587491980674,1120,11142665,15176906,980903,1440533,3967035,4732136,2159935,2909053,1878414,2999489,1566178,942945,0,388200,0,402350,590200,1362200
300,000839,2017-10-17,0.014071294559099501,0.011257035647279423,0.19730788214564912,48487.5,483605.4630278522,2922,237649121,241379814,1019264,1233844,12063567,12943257,16183975,16695149,29472848,28901664,22680493,23029130,16253068,17148444,12149996,9056380,127825910,132371946
301,000848,2017-10-17,0.0,0.0037383177570093906,0.25711364661133695,21160.0,151928.89796626422,1734,67100749,55343556,945895,931935,7782566,6645780,8408530,6800701,11968193,9401143,7705920,7120863,3970901,7192442,1696968,3110061,24621776,14140631
302,000850,2017-10-17,0.0,0.0019157088122607746,0.30194065678210374,13846.0,61622.234117230146,298,5375184,4838205,143598,236791,1238457,1538516,1416029,1585697,637104,311981,443978,435136,975018,302238,0,427846,521000,0
303,000851,2017-10-17,-0.012908777969018792,-0.0034423407917383297,0.3405677956880362,23170.0,152005.70381178602,1164,45022811,42223149,658164,650715,5379031,4889637,5585087,5847855,8331006,6785449,5586480,3590479,4006304,3801638,4419382,2657152,11057357,14000224
304,000852,2017-10-17,-0.009448818897637712,-0.006299212598425252,0.3193357193164311,20176.0,77012.96881068274,1582,39741275,31707622,1143662,947804,8335102,7736818,8385715,7548960,9180035,7862715,5159727,2456569,2496924,2489651,1368595,896946,3671515,1768159
305,000856,2017-10-17,-0.008000000000000007,-0.009599999999999942,0.4941649065180412,27412.0,161469.92505713055,2560,96061147,94006077,1483776,1934022,11457304,14518878,12916678,13515187,21676720,19795561,12962980,12019972,7282545,7783395,5427528,5339185,22853616,19099877
306,000858,2017-10-17,0.008389261744966348,0.0015100671140939603,1.0323396194037635,83832.0,374428.7242324117,3333,291571921,359919713,281210,562235,8285934,18149433,15498813,28472183,30959179,60040035,23921974,46112024,20102853,32763184,16907240,26085318,175614718,147735301
307,000859,2017-10-17,0.0,0.0,0.24279525163724996,8653.0,40695.12277114748,437,6367762,4105498,508378,307916,1831901,1560292,916105,1048623,2022174,980077,1089204,208590,0,0,0,0,0,0
308,000860,2017-10-17,0.0004975124378108209,0.0009950248756218638,0.4961919044844161,9990.0,104461.66231026908,1641,28526762,39894803,700613,2287955,4507899,7649975,3637641,4326802,3784386,6932432,4759239,4262704,4575219,1834969,3349388,3431159,3212377,9168807
309,000861,2017-10-17,0.008086253369272267,0.010781671159029615,0.1693258884825846,6000.0,103088.78290208684,480,6493942,7538992,370835,445748,1940234,1458800,819450,776737,1690158,701554,738154,490153,0,643500,0,488800,935111,2533700
310,000862,2017-10-17,-0.019696969696969657,-0.024242424242424176,0.17411940435531442,10432.0,66807.69032928236,1439,30547356,15665138,1601429,1530474,5627838,5523148,6688007,3438471,7111301,2677865,2983912,1851304,3077058,643876,451295,0,3006516,0
311,000863,2017-10-17,0.012893982808023008,0.017191977077363862,0.2721929447352968,14120.0,69954.7566415719,657,9562331,16177160,466786,730902,2072516,3174148,2620770,2815112,2131087,4375211,1745947,991352,0,1569317,0,901180,525225,1619938
312,000868,2017-10-17,-0.0019398642095054264,0.0029097963142579175,0.17859506829802616,67737.0,545924.5540508383,3341,313394668,364111146,892399,996923,12261032,12686330,20320274,17597873,38544439,36172684,30309449,27337409,28843373,25395493,17325010,24797318,164898692,219127116
313,000869,2017-10-17,0.010050251256281229,0.0039672044432690345,1.2275323426403468,20059.5,84363.4013901832,948,26785784,16863011,583585,571552,5902887,4553120,3545750,3640454,5930327,4410298,4568791,2058477,3221319,955380,917423,0,2115702,673730
314,000875,2017-10-17,-0.002012072434607548,0.00201207243460777,0.20733918132346998,9920.0,54412.37129588081,574,8227137,6555232,890481,541611,2859569,2221988,1718650,751758,1986007,420312,772430,1090886,0,396109,0,437360,0,695208
315,000876,2017-10-17,0.0,-0.0013495276653171517,0.20818261175716718,7410.0,98098.37132704463,1267,20211296,21541370,732440,2334079,3696045,4907877,1910421,2339233,2885410,3003705,1848799,2894163,1328675,2395466,1769244,849756,6040262,2817091
316,000877,2017-10-17,-0.02021772939346811,-0.014774494556765161,0.23288890445258162,38734.5,240743.31680618206,3054,170594857,135541227,1212712,1273197,13702742,15009406,18142031,17060812,28939729,31496547,19662423,17801183,13065584,12867808,11100540,11138255,64769096,28894019
317,000878,2017-10-17,-0.0026126714565644082,-0.0013063357282822041,0.27459434830610696,87666.0,713738.3817768003,3113,345800289,376017967,691035,1114934,9775320,10634699,17909279,17389675,38418179,43518191,30105410,21822070,31693249,32736858,21905264,19285881,195302553,229515659
318,000880,2017-10-17,0.007213706041478751,0.0054102795311090635,0.3243343522898929,1120.0,28666.011388118815,1169,4370158,6137184,204112,1919097,944939,1332474,696579,1221064,1190770,901340,662730,763209,671028,0,0,0,0,0
319,000881,2017-10-17,0.09008464328899657,0.09008464328899657,0.4422034739261834,28848.0,445219.9606016461,1399,146820186,22138428,1922016,42873,11689490,889893,14361861,1605209,17680206,3250684,10288325,2411929,9146080,1098124,5888989,1801574,75843219,11038142
320,000882,2017-10-17,0.0,0.0028248587570620654,0.1335571611791387,7080.0,77048.13375277528,703,11007701,12222254,448603,880513,1758789,3004733,1387517,1941940,2420498,1664252,1592565,1004251,353000,1855502,1268548,1313003,1778181,558060
321,000883,2017-10-17,-0.0059880239520956335,-0.003992015968063756,0.13637227905906482,4980.0,54284.62000766037,1352,15852539,10482512,1680339,1123371,2755809,4112292,3423519,1964925,2395338,1852164,1819568,494354,739604,359718,946698,0,2091664,575688
322,000885,2017-10-17,0.03069053708439884,0.037340153452685376,0.3856217808013626,42409.5,162535.8789954856,2572,104555633,129925469,739781,975469,11417575,11920646,16053503,15498493,21719423,26748941,17714644,21257409,13003181,15553137,8135297,8528094,15772229,29443280
323,000886,2017-10-17,0.022727272727272707,0.0053475935828875,0.17285202346400327,32895.0,276692.27915304835,1877,105297932,105532058,1149417,945428,7678072,7431460,9461528,8267288,15268870,14246669,9571373,12408818,10778929,11101670,5997207,8495566,45392536,42635159
324,000887,2017-10-17,-0.0004901960784312598,-0.0004901960784312598,0.5213683098281207,12108.0,117908.57845190912,1531,31891399,36499027,448293,3534857,4339717,7540458,4001776,2450485,6282717,4387306,5497293,4790932,1971429,2703369,2096112,1668786,7254062,9422834
325,000888,2017-10-17,-0.0044802867383513245,-0.0044802867383513245,0.41771196624760243,11150.0,52563.97100329683,713,12245856,7167501,594184,445412,3813163,2474129,2812140,1863861,1752946,1104479,1153951,514265,666600,333900,950042,431455,502830,0
326,000890,2017-10-17,0.0,0.0013175230566535578,0.3024483340264026,9854.0,60607.89753460485,629,11022865,8190232,561224,774961,2733491,2312570,1952570,1519780,3375472,1735863,768873,963309,0,0,404091,883749,1227144,0
327,000892,2017-10-17,-0.013546798029556606,-0.006157635467980205,0.2577739888620736,12142.5,85521.25143768732,992,18839652,13183732,873883,1202657,5034630,4296164,3790263,2440648,4730077,2176016,763854,971442,302192,332100,833323,405418,2511430,1359287
328,000893,2017-10-17,0.0022988505747127963,0.0022988505747127963,0.3467796711008261,9658.0,52463.03124507263,629,9496054,7416401,696413,780263,2667700,2483629,2047712,1584550,1368935,1658118,2244544,209841,0,0,470750,0,0,700000
329,000897,2017-10-17,0.002375296912114022,0.0,0.1466841852627367,4210.0,52478.987655409604,824,8936231,6540194,767549,922724,2514158,2445810,1564183,1664656,1976382,841559,418743,0,0,665445,0,0,1695216,0
330,000898,2017-10-17,-0.009036144578313143,0.0,0.12182813557452649,7271.0,174141.14697891579,2979,97695085,67163628,3136845,1211188,10643899,5876617,12607775,8149615,15601670,9366629,12280700,7735213,11126917,7035598,5754814,2205268,26542465,25583500
331,000899,2017-10-17,0.0,0.0013315579227695107,0.28093082015512344,9430.0,55904.0648129251,714,12349118,7926094,671044,864780,3139944,2596029,2323115,2151025,3720924,1622980,706799,226200,0,0,0,465080,1787292,0
332,000900,2017-10-17,0.0032894736842103978,0.00164473684210531,0.12654623493473213,2448.0,43630.64014768673,2313,7970783,12617381,1586634,4600909,1611328,3106071,1731912,1780151,925097,1289863,0,214624,386052,672791,0,429100,1729760,523872
333,000901,2017-10-17,0.010501355013549984,0.0003387533875338633,0.6994873697197299,23488.0,131079.21566737292,1781,62421548,47966542,1878515,1247323,9371582,7573968,8728686,7276379,12350514,8700095,7699500,7407640,5600988,1984688,3626175,2704347,13165588,11072102
334,000902,2017-10-17,0.0029999999999998916,0.010999999999999899,0.29740125049081784,5055.0,85858.58080497028,1131,16411150,14353766,870293,790779,2798241,3383252,2733127,2682575,3569286,3888318,1832595,1195221,1271552,314110,453453,879511,2882603,1220000
335,000903,2017-10-17,0.0024875621890549926,0.0,0.14470206500176463,10853.0,96862.54925994205,772,13100892,11401720,620794,708647,4045718,3122010,2675031,1191134,2393759,2178190,1855908,1386852,1093444,0,416238,0,0,2814887
336,000905,2017-10-17,0.010271460014673384,0.01687454145267786,0.32838028137776615,16536.0,81204.93279428444,1723,35329255,35965118,1620649,1381933,9598359,7852175,8593983,6279398,7423543,7057535,3166373,2599693,1693024,1296745,908808,3928349,2324516,5569290
337,000906,2017-10-17,-0.0022471910112359383,0.0022471910112358273,0.33048898618276135,3584.0,48929.60202923951,725,8254526,6127330,347006,996791,2027160,1806507,2739904,1046977,1994499,1134311,749462,460544,396495,0,0,0,0,682200
338,000908,2017-10-17,0.0027063599458727605,0.0027063599458727605,0.3186658941635183,7360.0,40223.10360775206,537,5708806,5266458,256940,713211,1415604,2000923,1281216,1421969,1426826,605600,929115,206640,399105,318115,0,0,0,0
339,000909,2017-10-17,0.022019741837509654,0.018982536066818545,0.3552558318118981,18438.0,122248.5131067418,1375,31930984,35751544,799736,1233752,6112989,7271397,6809794,6354861,7138587,5300355,3266385,2608569,968976,3809150,1772574,1693876,5061943,7479584
340,000911,2017-10-17,-0.00945017182130592,-0.00945017182130592,0.36156136455083615,11590.0,89473.42427502257,1036,23463135,14115843,605053,1153416,4274671,5207011,4074154,3037523,3630614,3058812,2467033,231753,2329732,0,1359000,862044,4722878,565284
341,000912,2017-10-17,0.005428881650379802,0.009771986970684043,0.23277597652209,13005.0,64251.79902609634,1566,23902926,31012155,1656151,1424229,8300773,6330325,4855442,6106937,4483449,6537246,2926582,2782118,697201,4215730,427728,1744940,555600,1870630
342,000913,2017-10-17,-0.027267668336115714,-0.02058987200890361,0.8816184328335684,10077.0,92984.47999340153,415,6771258,8653228,251615,567660,1498214,1805554,1543900,1470235,1299005,1369299,1293524,202860,0,0,0,407919,885000,2829701
343,000915,2017-10-17,-0.01508682038144038,-0.01366353543979515,0.8536927829349139,24367.0,174827.18546518113,1695,66445092,41590094,571490,1027765,9884121,7998900,11392685,7241017,17084531,7590294,2668842,4262698,3829027,2242844,1772428,1344524,19241968,9882052
344,000917,2017-10-17,0.0009425070688029447,-0.0009425070688029447,0.32204880186085505,10630.0,151015.0040101405,1085,20982233,23045636,782885,833741,4047048,4589364,3731223,2997834,4945792,3470898,2758995,2769720,1407576,1407367,1236299,1425153,2072415,5551559
345,000918,2017-10-17,0.007153075822603716,0.008583690987124415,0.25165093023216184,14040.0,112154.17800396046,771,17360693,17522200,624403,609297,3278627,3324450,2454304,2753064,2688499,5098536,1505573,2262105,382900,2018212,875492,403776,5550895,1052760
346,000919,2017-10-17,-0.0009532888465204614,0.0009532888465204614,0.3891240790446922,12576.0,57864.18816042757,726,15080828,12051458,313938,666897,2736647,2820535,4253783,2173528,4620589,2594534,1988368,3122428,747903,673536,419600,0,0,0
347,000920,2017-10-17,0.00588235294117645,0.005042016806722671,0.34814101820789384,14328.0,64823.13701204893,1168,25653411,17068821,888633,933746,6302158,5113075,5659644,3483033,7338107,3040432,2729743,1712570,376356,1104827,909930,481950,1448840,1199188
348,000921,2017-10-17,-0.0006596306068601399,-0.01253298153034299,0.30499884387516396,28405.0,167456.62283613253,2473,115639717,82403525,1698298,1256689,12081772,11787639,13975363,9939775,22339025,17770632,13564788,11864984,8876532,9328179,8947776,4516665,34156163,15938962
349,000922,2017-10-17,0.0036540803897684437,0.006090133982947554,0.33610312256075564,16450.0,52330.877893970064,596,10597157,9380318,510359,518401,3343422,2910278,1948119,1897641,2684427,3168118,1270630,470880,367930,0,472270,415000,0,0
350,000923,2017-10-17,-0.03198887343532686,-0.021557719054242086,0.8281275208040735,21269.0,123686.01450445266,1206,39007477,23531929,766421,942280,5991970,6794077,4691744,5195517,7269163,5748679,6727710,1672803,3527228,1012410,2240296,1292564,7792945,873599
351,000925,2017-10-17,0.02031340684851979,-0.009286128845037767,0.5394514538929953,17020.0,111465.40657488667,1020,29135943,20579830,967870,977861,4277004,4240683,4783297,3281919,5135926,4097463,4746343,2981259,2405854,2047699,908368,938907,5911281,2014039
352,000926,2017-10-17,0.005733005733005614,0.003276003276003303,0.33346015100983495,7344.0,54612.55927110358,1341,10226328,20073631,1157342,2204801,3410888,4796106,2135850,5843621,2273119,2909383,1249129,863782,0,0,0,430850,0,3025088
353,000928,2017-10-17,-0.004801920768307433,-0.006002400960384291,0.2881817750780046,11605.0,79181.90859074272,835,21043505,10010283,794323,935557,4030165,3234471,2456159,2357060,3658525,1828588,3835138,500877,1803640,729920,2073998,423810,2391557,0
354,000929,2017-10-17,0.005447470817120603,0.0038910505836575737,0.5753637637089647,12920.0,70056.3691731876,498,12257010,6128562,325730,398257,1305204,2344532,1505703,1411581,3972015,1012797,2427944,657775,702054,303620,915900,0,1102460,0
355,000930,2017-10-17,0.004562737642585635,0.0076045627376426506,0.26310839813881326,26380.0,152542.54931469806,2499,77794519,100959214,1500009,1627314,11672366,12218167,12732158,14397586,14868281,16466256,9549725,11448844,4383407,7629274,4577193,4800964,18511380,32370809
356,000931,2017-10-17,0.03200000000000003,0.04133333333333322,0.18157277432981425,19612.5,176067.7854486627,1710,54959102,60261593,1188268,1570754,7406599,7611775,7128690,7369250,10893906,8685807,5885349,6927973,3150776,6129192,3138764,4557157,16166750,17409685
357,000932,2017-10-17,-0.0023529411764705577,0.009411764705882453,0.18386555405711777,18931.0,164468.53890819286,2140,69152647,70695542,1401707,2353144,8194552,9306190,10827413,9922991,14521626,14097563,7723488,6289489,5936671,7402197,4510716,5002179,16036474,16321789
358,000933,2017-10-17,-0.009633911368015502,0.0,0.20082157720014948,34518.0,253464.83371880828,2677,158975621,134305140,1042227,1794166,10325867,9539500,10355931,12468628,29797034,29619695,17445240,14853842,9107825,12783081,11552364,9871926,69349133,43374302
359,000935,2017-10-17,0.03416435826408115,0.036472760849492136,0.41538567126731735,38583.0,351702.4239792943,2724,141693735,180705478,1040131,1401413,11593159,11980969,16680455,15968061,24139756,24099132,14988213,17635820,9796778,9975862,10279209,8097541,53176034,91546680
360,000936,2017-10-17,0.0014224751066855834,0.0014224751066855834,0.29875563763556795,11264.0,80289.9333946161,553,8640663,8242687,393645,588272,2659222,2114489,2110183,1301981,1868230,1203147,1279207,556170,330176,323862,0,0,0,2154766
361,000937,2017-10-17,-0.012030075187969946,-0.009022556390977488,0.13843933036504402,13828.5,184746.45291754702,2312,68283106,45356785,1346009,2341475,12861935,8082293,7148566,5057229,9450808,7817339,6083515,4712136,5320725,3695287,4460688,2149641,21610860,11501385
362,000938,2017-10-17,0.007008964955175223,0.0050529747351262255,1.4384916404170096,30870.0,216366.83384648841,1819,88631879,82591625,534648,1057543,8078587,11241864,8913980,10258950,12599566,13567521,10064909,8573955,10299151,10392013,8588395,1292909,29552643,26206870
363,000939,2017-10-17,-0.003603603603603567,0.0,0.16273393779812348,13787.0,238925.64059483592,1164,45304548,25856703,832264,888907,4718574,4400861,4907928,4331798,4379583,5373846,3892881,4242939,4239950,1424517,2276614,914544,20056754,4279291
364,000948,2017-10-17,-0.0008347245409014992,0.0033388981636059967,0.43936995229377507,12120.0,56442.88863433001,743,7982017,13762807,612554,628490,3195632,3838050,2198120,3579882,1444643,2066371,531068,1023433,0,686240,0,0,0,1940341
365,000949,2017-10-17,0.0022522522522521182,0.0045045045045044585,0.18275242781075937,8028.0,73107.2415478844,590,11032685,5655364,662852,551431,2050568,1735316,2967681,839453,1390086,1416267,492300,681025,665606,0,401400,431872,2402192,0
366,000951,2017-10-17,0.008228195282501183,0.00877674163466824,0.3709940110290686,9140.0,91227.31503879899,2416,42450558,37270636,2141806,4060268,8042101,9468756,7146614,6639534,5875740,4767034,5156859,2670205,2938392,1867811,1756237,2720224,9392809,5076804
367,000952,2017-10-17,0.003724394785847407,0.005586592178770999,0.557262879514501,16100.0,99367.62739816666,835,13924478,19616637,703178,895379,3707791,3970023,2895975,3122832,3256761,4744079,1336103,1253531,1024982,2053393,490750,0,508938,3577400
368,000955,2017-10-17,0.006211180124223503,0.013975155279503104,0.2855508601652033,13160.0,53572.721694214786,508,8394842,6923033,639171,288512,3071017,1724801,2438371,1258871,1487189,1748868,444348,496878,314746,655295,0,0,0,749808
369,000957,2017-10-17,0.003816793893129722,0.006870229007633677,0.3014196122034319,22440.0,93061.77999044595,1890,48974930,47046630,860059,1322541,11654972,9450511,8537003,9327662,11303945,9683733,6301958,5410481,2329552,4450892,1443812,1367828,6543629,6032982
370,000958,2017-10-17,-0.00974930362116988,-0.00974930362116988,0.16016761644833882,8544.0,82946.46770948515,2012,34353646,28070628,1644077,1702650,7976166,8174287,6679489,5525830,4817010,3325582,4217632,3570477,2413384,2329665,1708708,2159556,4897180,1282581
371,000959,2017-10-17,-0.015669515669515577,-0.014245014245014231,0.16307953544314127,6920.0,73558.46288098813,1856,22259794,17273542,2265194,2412832,6111956,5355179,3379471,1853320,2795352,1216132,2185982,745412,1714087,702466,839656,868385,2968096,4119816
372,000960,2017-10-17,-0.025265957446808485,-0.01928191489361697,0.29398866527116113,40014.0,434112.3428070929,2619,219995505,145081776,1007421,1362996,11189641,12037047,14641190,14446639,21983617,24354378,15644733,13957120,14613331,15643523,14163411,11975283,126752161,51304790
373,000961,2017-10-17,0.0015898251192367763,0.0,0.2070288063856499,7560.0,79507.35848721881,923,17524112,12284962,640063,951939,3228003,3125707,2958523,2336018,2473870,2508123,1691849,2250625,2866221,301140,483701,0,3181882,811410
374,000962,2017-10-17,-0.007874015748031482,-0.005905511811023723,0.287027014573859,14098.0,63923.27324003314,1253,23235124,19214008,736304,935835,5888220,5741982,6017850,4071947,4722708,3312828,2680533,2175334,1736064,1319459,445445,475639,1008000,1180984
375,000963,2017-10-17,0.029366306027820865,0.021638330757341562,1.2106103098643688,36585.5,170462.34286393662,1836,66383133,66370100,696427,458322,10064013,6005491,13773918,8137671,17943786,23774204,7560978,6258609,2888728,2466627,1384960,2247120,12070323,17022056
376,000965,2017-10-17,-0.0199714693295292,-0.015691868758915706,0.197586277337881,13840.0,108034.68855909776,1259,32084165,26861856,861066,1509000,4932461,6253817,4788361,4882065,6477773,5179692,2703627,2882051,2374566,738487,2656090,1381830,7290221,4034914
377,000966,2017-10-17,-0.004319654427645703,-0.002159827213822796,0.2143299598465387,9220.0,75922.99224460623,466,8787466,3621099,555291,458048,2395966,1597123,1241403,645332,847868,366589,732529,230607,668911,323400,461000,0,1884498,0
378,000967,2017-10-17,0.0030030030030030463,0.0,0.29291238886342397,10000.0,77830.1756769678,1163,19841753,20381464,907166,1586426,4247075,4864079,4104654,3370624,3997607,3896066,3683982,938571,718000,1669668,1478999,1859120,704270,2196910
379,000968,2017-10-17,0.03727100442198372,0.039166140240050495,0.38544616442139945,26312.0,177914.46652126417,1690,49253527,79331311,1087563,1163639,6439904,8876861,6930983,9984384,11006140,12308541,5014272,8290458,4991565,7127058,4874664,4996966,8908436,26583404
380,000969,2017-10-17,-0.031853281853281845,-0.021235521235521082,0.29468321620635446,15292.0,117348.53896048751,1236,39794469,21570459,694332,896775,5438148,5358503,4785214,4481411,6290641,4841375,6167574,1630829,2954590,1274419,3561524,842285,9902446,2244862
381,000970,2017-10-17,-0.013706793802145456,-0.00715137067938032,0.3358018550531317,40308.0,229302.19860895968,2498,154856025,114146722,982636,1491328,10230117,10700317,14230722,12761101,32299349,24510003,18923750,12526408,13198822,13179710,9483827,7982982,55506802,30994873
382,000972,2017-10-17,-0.03010752688172058,-0.03010752688172058,0.1424739148535098,12684.0,131328.36037517554,1067,23877225,19055437,810540,989538,3940882,5243699,3786851,3065681,5654927,4222822,3006433,1687123,2025050,0,962604,0,3689938,3846574
383,000973,2017-10-17,-0.0012853470437018677,-0.0012853470437018677,0.21334695319519595,12464.0,67672.965780784,1330,24687652,20801516,1070854,1553398,5579282,6754160,4963221,3890716,4307816,4241805,4237588,2214430,1005205,2147007,414918,0,3108768,0
384,000975,2017-10-17,-0.015691868758915706,-0.005706134094151216,0.4876319482503469,14030.0,82505.3503398982,826,17696667,14345610,493501,1092827,3251551,4440594,2907429,2168714,3596985,2851692,1660842,1450598,1790596,706715,823345,0,3172418,1634470
385,000976,2017-10-17,-0.007658643326039383,-0.008752735229759279,0.3648256343635662,15419.0,77166.29190245619,627,13479101,11912136,531776,789830,2828018,3462591,2905628,2451420,1567505,2058422,2017199,999145,1414496,310194,2214479,454000,0,1386534
386,000977,2017-10-17,-0.024172359432475088,-0.016815554387808684,0.3737948607891655,45120.0,243330.70828396524,2593,161912017,126111722,906490,1692007,10228297,12237146,20740411,18260959,24692341,22538442,15872289,13280687,12530351,8048368,13881116,7895764,63060722,42158349
387,000978,2017-10-17,-0.0010672358591248265,0.0,0.3190361198408484,4700.0,43663.39950949078,862,9341141,7472135,1278489,827094,2495711,2989150,1799101,1917597,865721,943906,1228910,433812,730344,360576,425820,0,517045,0
388,000980,2017-10-17,0.0,0.005970149253731405,0.2813979426959972,24228.0,102763.90893962156,2269,64932148,57649029,1469645,1298995,14153556,9824899,12990330,10901116,14325486,12154279,9193591,6146894,4272709,3145677,2524040,3093273,6002791,11083896
389,000981,2017-10-17,-0.0010752688172044333,-0.008602150537634468,0.3368213316804574,2791.5,32054.085991642616,762,6234236,6585017,451232,850536,2614201,1789751,1472216,2342886,1482693,1311380,213894,290464,0,0,0,0,0,0
390,000982,2017-10-17,-0.0308056872037914,-0.03791469194312802,0.11221827507930487,12360.0,145665.99656437963,1419,40849765,28078290,747212,1640795,4360259,7360430,4507131,4158853,7509934,4818875,8754491,2686614,2595375,1777523,3891616,447279,8483747,5187921
391,000983,2017-10-17,0.0019646365422396617,0.0019646365422396617,0.21106882039010927,18333.0,192193.75538240088,2328,73408422,59489349,1275504,2272538,9408317,12124557,9884228,9164177,13185290,11361422,7001921,7341208,5421739,2905661,1708076,4432785,25523347,9887001
392,000985,2017-10-17,0.01420678768745054,0.01933701657458564,1.116804142386915,15296.5,47739.48535180474,514,7376323,8884386,278032,369580,2366411,2544406,1467581,2472066,2160069,2200850,755565,636782,348665,660702,0,0,0,0
393,000987,2017-10-17,-0.008474576271186529,-0.003389830508474634,0.5632737236871028,11730.0,54915.65137414743,438,7116287,4918234,389307,421692,1916883,1599240,2201675,843497,1904622,717842,0,542171,0,371070,0,422722,703800,0
394,000988,2017-10-17,-0.0023068050749711633,-0.0046136101499422155,0.3709920264422663,27600.0,166861.45212910094,2185,86487616,84727421,987933,1740429,9032669,10720650,11452245,11215188,16382155,16566150,12023142,9464800,8289048,7938383,1924965,4071815,26395459,23010006
395,000989,2017-10-17,-0.0021186440677966045,-0.0010593220338982468,0.8201424561581937,11364.0,52319.477707630336,529,9365998,5996761,463866,776214,2552899,2223483,1853300,1636999,2425681,960445,670349,0,368594,399620,403604,0,627705,0
396,000990,2017-10-17,-0.0037634408602150726,-0.008602150537634468,0.5180971656509924,18520.0,76670.45684175027,1289,28211764,24909066,994833,1005827,6867514,6811525,6401560,4749467,6044543,5818948,2085037,2137664,3465037,965346,408980,875850,1944260,2544439
397,000993,2017-10-17,-0.013251783893985847,-0.006116207951070374,0.2763481436255015,15624.0,58149.55252440269,1260,25191520,17227296,1367590,1348600,6969293,5343881,6717558,4106270,5770572,3040141,1550797,1739552,2171193,648502,0,0,644517,1000350
398,000996,2017-10-17,0.01134751773049647,0.009929078014184523,0.3723608133682797,22896.0,118309.08022887661,1434,39902513,45801555,908324,1089932,6442038,7240029,6570797,7295074,10407775,11429891,7504723,3050158,690520,2799054,3475377,4077187,3902959,8820230
399,000997,2017-10-17,-0.002246181491464494,-0.0013477088948787852,0.46628575532032945,22220.0,171294.77961557667,2279,98086543,58470843,1379449,1027825,13503348,10153780,8599992,8721325,14868249,12251287,13012393,9175365,5173678,4949800,8899790,3143741,32649644,9047720
400,000998,2017-10-17,-0.012797074954296161,-0.020109689213894,0.6080112962223261,29480.0,173131.06606547048,2024,83670670,73865065,1069030,957868,9255787,10366210,13677158,9583732,14677414,12275640,8407138,9694429,6448450,7921893,6957390,1419853,23178303,21645440
