,code,date,pchange_whole,pchange,change_std,amount_median,amount_std,length,sumsell,sumbuy,sell_vol_0,buy_vol_0,sell_vol_1,buy_vol_1,sell_vol_2,buy_vol_2,sell_vol_3,buy_vol_3,sell_vol_4,buy_vol_4,sell_vol_5,buy_vol_5,sell_vol_6,buy_vol_6,sell_vol_7,buy_vol_7
0,000001,2018-01-23,0.020194986072423537,0.008356545961002881,0.24073627651008417,341148.0,1400409.963960676,3566,1358784882,1269145319,136987,165857,4504341,3610210,11902482,10742703,42671981,31473585,53145582,46578148,49664750,50375571,48974211,45831339,1147784548,1080367906
1,000002,2018-01-23,0.024499999999999966,0.026000000000000023,0.6702422669897393,227360.0,990243.790986815,3564,828326701,1070797028,175125,179129,6044451,5784733,17735917,14123024,48515049,46679069,42787019,47580117,41636888,40230867,50583264,37273979,620848988,878946110
2,000004,2018-01-23,0.0018509949097640366,-0.004164738546968971,1.2355950385004346,8664.0,30580.413830753754,305,2636797,3065467,246786,262285,1188271,1227620,877190,594633,324550,695677,0,285252,0,0,0,0,0,0
3,000005,2018-01-23,0.0,-0.0023923444976076125,0.181676860215412,4180.0,26185.050057849297,529,3232451,3299364,438852,680299,1332393,1403599,319842,622052,713159,128743,428205,464671,0,0,0,0,0,0
4,000008,2018-01-23,0.013398294762484664,-0.0036540803897686658,0.2988782226837487,8965.0,56745.874138730804,754,11623877,10194363,683797,1010025,2965608,2772315,3194956,1801963,1574329,2045968,2017970,1227744,631400,721084,0,0,555817,615264
5,000009,2018-01-23,0.0014662756598240456,-0.004398826979472137,0.1623796592265358,6810.0,115778.56197689997,1766,37851001,25628005,1916135,1466803,6654902,4521658,7049851,3148600,3947699,3721559,3735660,3094449,4399173,2448386,401790,1776880,9745791,5449670
6,000010,2018-01-23,-0.0018726591760299671,-0.0018726591760299671,0.17891371843708867,5350.0,37271.41212274904,891,10334038,6804580,947181,830705,3269024,2626809,1871314,1810188,1563682,1321676,2345121,215202,337716,0,0,0,0,0
7,000011,2018-01-23,0.003919372900335949,0.007278835386338223,0.4353337895268727,19899.0,83291.5140800442,1683,36251136,43592902,842839,1597303,8024644,9659419,7607652,9370116,8268988,10822337,2817659,4274020,4193440,3716322,951418,1821194,3544496,2332191
8,000012,2018-01-23,-0.0065359477124183885,-0.010893246187363759,0.19727510800042375,23608.0,153028.1899579091,2167,99643340,53401005,2196173,1326544,12322109,7832339,13584666,8689380,17774148,12866631,14331968,4897221,8540504,5207583,6791144,5392511,24102628,7188796
9,000014,2018-01-23,0.03769230769230769,0.0476923076923077,0.2790629512328736,21504.0,74354.39086236301,2173,41955553,56331967,1463118,1513142,11287254,11529369,9882230,12852882,10463613,13672672,3743733,6799110,2420520,4557013,853382,2087543,1841703,3320236
10,000016,2018-01-23,0.05908419497784356,0.06203840472673572,0.12824206538840052,56960.0,411676.1996801791,2799,175587574,298049255,1211024,1306408,9261259,8803937,14258281,15445961,25114827,34221666,20924764,33050722,10697491,25584809,17759820,18716643,76360108,160919109
11,000017,2018-01-23,0.0,-0.00328947368421062,0.32550876364861386,2432.0,20429.500627419722,348,2084198,1414606,276355,395492,909412,629401,475364,254293,423067,135420,0,0,0,0,0,0,0,0
12,000018,2018-01-23,-0.0015923566878981443,-0.0031847133757962887,0.17725211380502873,6325.0,89787.64775029986,1256,17292502,25032972,1051334,1332298,3528870,4449951,3490762,2836673,2877819,3748879,1578215,2843000,1252000,1632506,899247,1724992,2614255,6464673
13,000020,2018-01-23,0.0,-0.004895104895104918,0.821655963414091,10003.0,60670.629829292564,302,4325661,3948967,299201,245454,1765663,892207,849285,439602,606960,418182,299040,808125,0,326325,0,819072,505512,0
14,000021,2018-01-23,-0.008264462809917328,-0.008264462809917328,0.18964075711145872,28890.0,190834.65189230378,2609,138520340,79746657,1979065,1461652,14607158,11144805,15369102,12573624,20819449,15705257,15590575,12164053,12711520,5665094,9060185,8114265,48383286,12917907
15,000023,2018-01-23,-0.011346817957572752,-0.00394671928959045,0.9858875493177822,4065.0,70083.57316539006,422,5388466,2378397,469156,378839,1385870,856487,438882,609441,775525,101250,0,432380,0,0,0,0,2319033,0
16,000025,2018-01-23,-0.0013024225058608785,-0.005209690023443625,1.1576448457482864,15291.0,50595.81652449324,1099,19256592,13626049,936721,1111749,6334722,4878830,4156499,3608309,4359358,2520228,1563166,280006,736442,305840,448461,921087,721223,0
17,000026,2018-01-23,0.00562324273664494,0.0018744142455482393,0.5424403883760953,11764.5,38139.3841456587,386,5694943,3778207,275996,323110,2280964,1567469,1479125,660609,1448462,605606,210396,274733,0,346680,0,0,0,0
18,000027,2018-01-23,0.0032573289902280145,0.0016286644951140072,0.17887173452168398,6140.0,59169.195108406864,1179,14323066,9713547,1540730,1572515,2883032,2663223,1391726,2078563,2163456,2202565,1204946,703081,613385,0,879365,493600,3646426,0
19,000028,2018-01-23,-0.010266940451745477,-0.008213552361396315,2.1989489946907717,12594.0,73272.70913493056,829,15022157,13569973,637511,1135071,2636514,3282044,2275547,2501841,3368382,3173630,2188736,1297562,1654285,351232,858652,0,1402530,1828593
20,000030,2018-01-23,0.0,-0.0036496350364965124,0.2612281528512135,8189.0,52696.27999744818,990,12008404,10773062,1519608,864564,2498719,3259540,2221805,1621848,2646003,1778515,2713769,1053646,0,1002422,408500,0,0,1192527
21,000032,2018-01-23,0.012671594508975703,0.002111932418162654,0.46116186152359584,9560.0,31510.218183007142,421,3921870,4868369,433553,455650,1497576,1951306,1126661,1207127,603506,1254286,260574,0,0,0,0,0,0,0
22,000036,2018-01-23,0.02610441767068261,0.02208835341365445,0.19895468382184972,34085.0,190648.26160317133,2508,111542268,136735506,724164,1224787,9593058,11643344,10371570,13890041,22175279,29970244,15158968,21342513,8729582,15921893,8016659,9822857,36772988,32919827
23,000037,2018-01-23,-0.01026392961876832,-0.007331378299120339,0.3235413307061519,4791.5,39778.66154868921,444,4988482,2750152,489718,275720,1563948,1225503,1008890,584774,1518372,236841,0,0,0,0,407554,427314,0,0
24,000038,2018-01-23,0.00203252032520318,0.008130081300812941,0.6504199636060554,13832.0,60311.83927908235,915,15204441,13534441,972671,1071344,4586102,3686694,4198413,2476441,3055198,2380869,1145759,664468,301563,1380241,416725,492000,528010,1382384
25,000039,2018-01-23,0.03953488372093039,0.025116279069767433,0.4279208861683843,32775.0,267900.2479878607,2525,108854929,170245698,1027850,1131022,9707142,15078598,10174306,14734276,13416286,24472658,12554148,17346148,9423476,16454636,7675794,11625480,44875927,69402880
26,000040,2018-01-23,0.0,0.0007604562737641984,0.5485963763944147,7896.0,63605.22195441544,574,5682226,6435837,446194,464357,1388698,2492493,996589,1150204,1478035,562420,263310,742043,323400,0,0,0,786000,1024320
27,000042,2018-01-23,0.005260081823495133,0.009351256575102385,0.6965783286953037,11907.0,72634.76224923492,603,8600007,10132327,522042,489521,2133842,2962596,1516945,2066196,1574729,1229397,536940,774198,0,1040153,433500,990576,1882009,579690
28,000043,2018-01-23,0.013944223107569709,0.02290836653386452,0.36681409330975984,15135.0,139326.02297253872,749,12468869,27595143,571780,385377,3032903,3462681,2122724,3640914,1927504,3654873,1179949,2295581,1225868,1377511,1309406,2669150,1098735,10109056
29,000045,2018-01-23,0.0,-0.004153686396677125,0.4382308236527094,9650.0,32150.01325647674,482,5991834,3465733,537852,640795,2257123,2077731,1520390,588947,643007,158260,1033462,0,0,0,0,0,0,0
30,000048,2018-01-23,0.002472799208704357,0.004451038575667754,1.5172321170293366,4110.0,123117.58389872454,177,1105116,2361599,166566,199838,550586,350424,138274,175337,249690,0,0,0,0,0,0,0,0,1636000
31,000049,2018-01-23,0.004081632653061273,0.007619047619047636,0.8741551936423687,22332.0,110240.74744792783,1767,48433104,49563070,1006111,1123001,8109083,10082476,8257607,7942298,11911027,12261009,5406951,6434875,2910578,3875499,3478289,4043608,7353458,3800304
32,000050,2018-01-23,0.008368200836819994,0.004707112970711247,0.3723356256226022,23058.0,129428.36125590901,2638,88516268,80348649,1461162,2319257,9441013,15780970,12884640,12399170,18691798,22072002,12776319,7813225,6525500,5191346,7071164,2652287,19664672,12120392
33,000055,2018-01-23,0.0,0.0,0.16636865753519822,53130.0,2015228.5505093117,2084,423333792,262574342,2226264,62191,11554169,1792740,14678815,5173024,26897181,11174547,21878895,16097262,17457643,11319505,12900331,9899240,315740494,207055833
34,000058,2018-01-23,-0.006553079947575369,-0.007863695937090354,0.2132455521045041,11370.0,71172.47974090168,1281,27101462,14666979,1338198,1232268,5911281,5025448,4229226,2347870,6254446,3321013,2945793,726066,1977406,0,890900,456274,3554212,1558040
35,000059,2018-01-23,0.004780114722753304,-0.003824091778202754,0.24078074292152782,23012.0,185510.76238234155,1888,87380430,65646940,1071811,862464,8115600,7454214,10480352,7087770,14984625,13845086,11347112,6876982,6593051,4458744,4794080,5732611,29993799,19329069
36,000060,2018-01-23,0.014604810996563522,0.0077319587628865705,0.19910663395928735,106366.0,437636.1240723121,3422,435764604,388624636,375209,254670,15822089,9157417,26764742,16386273,60113661,41200862,39100563,31981210,36504682,24664728,41064900,18031521,216018758,246947955
37,000061,2018-01-23,0.02292993630573248,0.019108280254777066,0.2289286238602059,11200.0,65032.23459786153,1176,18995616,20973615,1102443,1170589,4637774,5254387,3420008,5097567,3542483,4607089,3418239,1783580,1421332,653764,0,1307215,1453337,1099424
38,000062,2018-01-23,-0.008161512027491491,-0.0085910652920963,0.8871552282433212,13830.0,115887.50162366248,688,21483545,9212522,440289,700146,3182725,2632269,2193478,2277909,3423021,2042136,3172426,1163602,2512899,396460,878100,0,5680607,0
39,000063,2018-01-23,0.0,-0.0043980208905993745,0.6075696889237477,338146.0,1265113.306551863,3586,1325475836,1297947062,62218,120530,3063387,3657060,12242217,11610412,43249909,47141605,48462226,54083503,47456029,49001862,51027037,52166925,1119912813,1080165165
40,000065,2018-01-23,-0.005019520356943641,-0.005019520356943641,0.5207912038464947,12460.0,49224.07757535786,1185,16450604,15641955,1118667,1140045,5907262,5542937,3478786,3604078,2801824,2989991,1235259,928763,1908806,1016414,0,419727,0,0
41,000066,2018-01-23,0.0014265335235377208,0.0,0.16718182040248528,14000.0,152486.09497363277,1760,50780963,44169161,961738,2268846,7377623,6647610,6686863,7438505,9178847,6433833,3984135,3982575,4028358,4085291,2638736,1749192,15924663,11563309
42,000068,2018-01-23,0.011363636363636243,0.007575757575757569,0.2139898806624135,2120.0,52527.843359063896,609,4276750,6584423,437923,499975,832771,937483,907603,1118617,1452539,1202116,277146,693957,368768,670456,0,427200,0,1034619
43,000069,2018-01-23,0.016666666666666607,0.0235294117647058,0.17803546154899252,89915.0,605957.5783186072,3292,444848748,462519189,998722,676105,10578339,8765747,18538543,16229157,40837186,40252215,29384291,31068693,32671840,25351161,23833576,22555331,288006251,317620780
44,000070,2018-01-23,-0.012084592145015005,-0.010070493454179208,0.2939504153913101,12766.0,59302.68476409763,1141,21457013,14081432,1333289,1114658,6001673,4647801,4293121,4117297,3921464,3086972,976334,514091,2036534,0,861560,0,2033038,600613
45,000078,2018-01-23,-0.008291873963515717,-0.008291873963515717,0.15735369664704119,9000.0,159810.44474805778,1470,46601596,33544668,1438300,1179277,4411530,4505845,4094126,3394637,5224263,7111042,3774063,5857360,2615105,3339032,841240,3933326,24202969,4224149
46,000088,2018-01-23,0.012210012210012167,0.0073260073260073,0.2430150726855142,14850.0,96515.20270578974,1136,25791470,28681378,1205878,1186575,4164328,5208216,3607047,4799499,4777064,5576302,4624650,4598031,2418807,2009480,3038693,1264374,1955003,4038901
47,000089,2018-01-23,0.01925254813137034,0.021517553793884536,0.18054571539881428,24489.0,278225.2262959069,2395,75460609,139645444,1444775,1624681,9433556,13792851,10735037,15433548,11498593,19729006,7340475,10352864,5725494,9747461,5013254,12054370,24269425,56910663
48,000090,2018-01-23,0.018433179723502446,0.015668202764977046,0.2443552796983825,11050.0,92694.19756428011,1973,41585468,39827336,1916807,1165065,6764254,7278765,7618329,6640487,10167629,6867144,3732567,5487440,4890848,2630027,0,1359786,6495034,8398622
49,000096,2018-01-23,0.010566037735849187,0.009811320754717023,0.8501284048663496,4008.0,31262.01264385198,242,1372517,2160618,259075,196328,708919,598631,191079,245189,213444,639110,0,481360,0,0,0,0,0,0
50,000099,2018-01-23,-0.0021299254526092604,-0.0010649627263045192,0.3227431176779684,9465.0,55733.56013345051,846,13306234,8165945,772067,1214759,3310887,3836642,3292512,946415,2248379,1240461,782448,927668,0,0,992049,0,1907892,0
51,000150,2018-01-23,0.004032258064516014,0.0016801075268815246,1.6387845581474867,11872.0,34133.18456973495,329,5584342,2296579,524918,148427,1920488,1140837,1397313,309370,1741623,697945,0,0,0,0,0,0,0,0
52,000151,2018-01-23,0.007849293563579218,0.0007849293563579884,0.43031703080119954,12800.0,87172.89583514976,876,18252283,15233818,827948,473712,3976229,3659172,3221196,2933233,3119093,3372874,1435538,2680011,1763523,1032384,925652,0,2983104,1082432
53,000153,2018-01-23,0.003676470588235281,0.002450980392156854,0.3986740057867377,8189.0,36358.6807390269,418,4937691,4376566,460137,384849,2027218,1463368,1227178,1208228,1223158,326859,0,993262,0,0,0,0,0,0
54,000155,2018-01-23,0.09482758620689657,0.018965517241379404,0.1401276175536605,18274.5,160816.82194660566,1716,49188499,63811330,1387507,1207194,6747729,6924932,6857450,9105338,10525539,12367419,6508398,4328627,2955072,8316179,2152328,4772793,12054476,16788848
55,000157,2018-01-23,0.0,-0.006451612903225823,0.09452287875180981,11136.0,171521.92275409706,2430,89455252,49607024,2668349,1454260,11647314,7247450,7923678,6826373,13878495,7492836,8702510,5167418,6107881,2039927,8016036,4640455,30510989,14738305
56,000158,2018-01-23,0.009815950920245342,0.01104294478527601,0.23594376288610883,13200.0,36743.36476296234,1194,10986936,15770264,1241747,756543,4124624,9166691,2035266,2398472,1605536,1919813,1227038,1190829,340725,337916,412000,0,0,0
57,000166,2018-01-23,0.0017985611510793476,-0.0017985611510791255,0.11293771611125873,18315.0,222509.51642218351,2431,115304294,72495624,2519053,966706,11287984,8128906,13207226,8968956,16129245,12537039,11609158,9819206,5400298,5543647,3598937,3114027,51552393,23417137
58,000301,2018-01-23,0.001680672268907557,0.001680672268907557,0.19107287915416543,11940.0,64621.49095467039,970,19430205,14315556,1001553,681063,4427095,3215193,3025590,3410983,4629996,4219917,3014025,1075588,661723,1227601,848428,485211,1821795,0
59,000333,2018-01-23,0.012056044314108672,0.011241446725317683,1.027665886389196,237393.0,1015642.6594314263,3569,942703682,865990001,60936,72992,6407623,3742284,18217330,12034706,60369140,43886772,61482576,41091168,49637130,44243793,55285517,42882182,691243430,678036104
60,000338,2018-01-23,0.005476451259583737,-0.0010952902519169028,0.15697556210816047,56296.0,474710.43059125234,3389,328695370,343855899,1187356,1451861,11994405,14367879,16654561,18876326,34701247,37697537,30562848,27699325,21133559,16955664,18783200,16097971,193678194,210709336
61,000400,2018-01-23,-0.0063745019920318224,-0.007171314741035828,0.2868198993395189,6265.0,89394.76209226825,1915,39184820,19271252,5195518,951967,5823247,3749793,5353691,3111829,7472693,4768269,4014468,1462353,1335311,1431145,1841532,867597,8148360,2928299
62,000401,2018-01-23,-0.005698005698005604,-0.00712250712250706,0.24681203104882088,54288.0,223501.2783995301,3238,195370928,112984255,2849041,845534,12861267,8429647,50431188,19301934,35808586,19043244,17869286,10476821,10320397,8725485,7591760,3061547,57639403,43100043
63,000402,2018-01-23,0.02086811352253748,0.02003338898163598,0.2263470774342281,46322.0,216577.71617229533,2805,150573934,177087155,1303820,1098541,10351495,10617178,14097927,22116539,25598331,29705391,17828207,23014674,14359576,15759938,11496224,9125752,55538354,65649142
64,000403,2018-01-23,-0.021508728179551073,-0.016209476309226867,1.2231177261457287,31775.0,124376.2600616456,688,22287058,22245085,365667,288250,5957682,2687824,3076095,4979156,4094914,4522481,2159137,1165355,2608177,4141067,0,475500,4025386,3985452
65,000404,2018-01-23,0.008665511265164794,0.005199306759098743,0.2589011262705961,8973.5,102133.13220448687,496,9268555,8242200,469155,401854,1975409,1451419,1942531,874822,2167595,1276117,1233662,1454128,318159,305712,0,932979,1162044,1545169
66,000407,2018-01-23,0.025940337224384047,0.01945525291828809,0.214836776247946,7845.0,100827.98550661732,1288,25811668,24290270,1362780,1149190,4820553,3506051,3823857,3956636,3830695,3629085,705429,2046829,1818558,3960594,2105340,1727489,7344456,4314396
67,000408,2018-01-23,-0.00455062571103515,0.0034129692832765013,0.5214636793917831,17780.0,132476.98638223502,1136,35838670,33057830,975554,768502,4917319,4057463,6102075,5494119,9531664,8284891,3743152,2448933,1441252,5326059,3010816,932820,6116838,5745043
68,000409,2018-01-23,0.0015624999999999112,-0.004687500000000067,0.19841282134709798,9600.0,51130.179390373545,1041,18026438,9499727,1166072,880677,4630786,3645309,3265720,1690581,4131736,1502184,3148639,1022852,731150,352364,404495,405760,547840,0
69,000410,2018-01-23,0.0,0.004873294346978696,0.27510651876252357,15299.0,100986.8016640309,1391,33705810,32721879,799537,1120048,4493480,6749122,4745793,5573597,7635584,7301768,5506795,4062185,3557222,3697880,835910,881127,6131489,3336152
70,000411,2018-01-23,0.003421309872922773,-0.0004887585532747929,1.4472874990901428,6165.0,60182.64225581611,199,2945384,1418579,168667,157667,431158,764379,294550,248773,681145,247760,729640,0,0,0,0,0,640224,0
71,000413,2018-01-23,-0.0022026431718060735,-0.00440528634361248,0.1755610701578479,21695.0,149312.81775329693,2678,103605401,69183201,2512203,2219601,14108156,11765130,16911395,10772334,20502829,13543399,11730592,4842432,5515065,4119217,7307900,1863891,25017261,20057197
72,000416,2018-01-23,-0.005479452054794498,-0.009589041095890316,0.34120239598440233,8712.0,52056.841233975225,457,7922756,3551582,544689,465829,2275284,1194590,2067394,693612,1299239,1197551,936950,0,0,0,0,0,799200,0
73,000417,2018-01-23,-0.011056511056511065,-0.014742014742014864,0.2709732220849214,15266.5,95066.16993446412,902,26911183,11507026,711290,854805,4713022,3665112,4954799,3005077,4854783,1790758,2504000,848669,1695309,361445,1787581,403000,5690399,578160
74,000418,2018-01-23,-0.0004042037186742231,0.005119913769873197,1.7678998756873292,22347.0,95867.54262994928,1763,42973606,46262998,1220813,2077665,7371531,10729041,8309148,11597735,9670300,8140647,4124189,4065688,4014262,2919342,1405995,1241899,6857368,5490981
75,000419,2018-01-23,-0.0032467532467532756,-0.004870129870129913,0.28888793117624234,6120.0,62058.693422938035,454,6939826,3951781,331641,468932,1020358,1550228,1567392,646147,1231256,690076,470628,251330,630890,345068,414869,0,1272792,0
76,000420,2018-01-23,0.0,-0.0031948881789136685,0.10271473091226829,3756.0,54419.37802711394,931,10102781,8859057,961166,975166,2621793,2534860,1703816,1784533,2068002,1192694,776886,1005747,686218,676517,0,0,1284900,689540
77,000421,2018-01-23,-0.004885993485341911,-0.004885993485341911,0.29310363656794547,2452.0,48268.00269289034,438,6323761,2097302,415972,322145,1203467,751968,1070136,551347,1047542,471842,1168140,0,973814,0,444690,0,0,0
78,000422,2018-01-23,-0.004807692307692402,-0.007211538461538547,0.170932891787378,8300.0,69079.5636354804,592,9677978,7370968,540168,550253,2620565,2148721,1158450,1707628,1371343,1180938,908785,1160211,668349,0,0,0,2410318,623217
79,000423,2018-01-23,0.0060606060606061,0.005173688100517326,1.2701285269186808,54384.0,365412.47937610885,2837,178474604,228907924,1178154,1333946,13390185,11961823,16488075,17201880,28585245,25088781,23095742,26334506,16916714,22791480,13943761,10756141,64876728,113439367
80,000425,2018-01-23,0.039130434782608914,0.019565217391304568,0.07937923408658919,48204.0,425506.2563260249,3380,259137814,308494180,2151737,865015,16326068,12992035,23317581,16942665,36709717,32167417,25151523,25587562,16566621,19553918,13474129,13137240,125440438,187248328
81,000426,2018-01-23,0.04280155642023353,0.03307392996108938,0.19974951568439608,40872.0,318582.8108653481,2657,164033671,214305788,1066025,1358232,10038008,10761650,13242086,13195609,25318949,26080301,14498683,16817820,12717343,14397009,6318943,12869243,80833634,118825924
82,000428,2018-01-23,0.0023923444976077235,-0.0023923444976076125,0.23597222185132188,4180.0,52604.268579132295,313,4491482,2528535,260877,230672,976293,1106759,963566,476513,860268,429097,534311,285494,332800,0,0,0,563367,0
83,000429,2018-01-23,0.012106537530266248,0.004842615012106588,0.22839308991318621,9097.0,136104.1076188244,1308,28160950,33405704,1265596,1457152,3492118,5427006,2508872,3496087,2582723,3945242,1232553,7054213,2080265,1024262,2601929,2535841,12396894,8465901
84,000430,2018-01-23,0.00465657741559955,0.002328288707799775,0.5580132012448932,8655.0,28145.625918169506,236,2433500,1995991,242240,287442,981203,827610,927134,424082,282923,216360,0,240497,0,0,0,0,0,0
85,000488,2018-01-23,0.008918617614269708,0.011705685618728978,0.3265608569299199,62615.0,314998.8217469984,3020,269544736,256223634,910605,1183364,11197863,11615947,14928629,17524239,29863996,30701881,30094797,29923581,18722272,25216104,29955069,24399706,133871505,115658812
86,000498,2018-01-23,0.0043604651162791885,-0.0014534883720930258,0.20603141155807647,6940.0,45468.85457523431,1115,14803438,10858867,1567658,753735,4711494,3067051,3253386,3514379,2373348,1715991,880029,714696,1065331,679015,952192,414000,0,0
87,000501,2018-01-23,-0.015271493212669629,-0.02149321266968318,0.40936531587024055,17340.0,118955.79513720548,1866,60055650,39259150,1085876,1646895,8781050,7318762,7366945,5976351,15894425,9178501,3393735,4465782,5040885,3222684,885992,438955,17606742,7011220
88,000502,2018-01-23,-0.02169981916817365,-0.018083182640144746,0.6057259983409554,5465.0,42552.08843650819,333,3947704,2443797,290873,454772,1080953,768199,881775,490586,453629,510840,489359,219400,317988,0,433127,0,0,0
89,000503,2018-01-23,0.01388888888888884,0.01060606060606073,0.853756951627791,24066.0,237769.80197296917,2153,99047894,116453434,1444459,1467914,7234551,10194512,9010214,11176068,13716641,15836192,8456701,11011557,10281948,8839626,9879791,8660771,39023589,49266794
90,000505,2018-01-23,0.0117647058823529,0.0117647058823529,0.2652429659464558,8600.0,62160.233460311116,1027,13477903,17367752,1059332,1331218,2539496,4484840,3313648,3362751,3423115,4341169,1813823,769584,743333,764661,0,427500,585156,1886029
91,000506,2018-01-23,0.016973125884016893,0.005657708628005631,0.3681325160266292,10695.0,52709.467564923485,368,4653801,5224705,281382,365581,1353024,1508651,1008107,926648,1035510,1019415,975778,489125,0,0,0,915285,0,0
92,000507,2018-01-23,0.005055611729019027,0.006066734074822833,0.23411701497934317,19920.0,128146.8593587457,1785,48056611,58650021,1447205,1762060,8862867,8565904,7797248,8147429,10066596,8247652,6294066,6246843,3592665,4169834,2541478,3954730,7454486,17555569
93,000510,2018-01-23,-0.005917159763313529,-0.009467455621301801,0.30422795701690736,9306.0,98700.4522719492,771,16671633,11467492,655243,959247,2384750,3221542,3118250,2040187,2449430,2277036,1253728,987509,1053316,708640,1306098,435659,4450818,837672
94,000513,2018-01-23,-0.008317338451695577,-0.015866922584772958,1.5533642495718496,69345.0,235251.53700784253,2533,218508004,122234013,1041612,1136462,9079228,10354265,18200367,13013164,37119971,25265303,26321952,17857952,23638065,9203553,15864653,8790840,87242156,36612474
95,000514,2018-01-23,0.024926686217008776,0.027859237536656867,0.1612158706773528,16776.0,76303.68504658864,1792,35347125,39486252,1511252,1519362,9080093,8570749,7540643,8581929,8270309,7556037,4704827,4555158,668590,3039728,874465,879292,2696946,4783997
96,000517,2018-01-23,0.005607476635514086,0.024299065420560817,0.09339330593348308,63091.0,420460.9121919951,3304,246627813,339931154,1100288,1189710,10548043,12970360,18672412,21983279,30973763,48234288,25508273,34358164,21201414,23425389,12766148,22437891,125857472,175332073
97,000518,2018-01-23,0.005908419497784312,0.001477104874446189,0.33607648224836995,7491.0,54643.014036938,405,6726034,3026363,409084,401510,1668800,1587092,575846,547172,731408,490589,1758210,0,677500,0,905186,0,0,0
98,000519,2018-01-23,0.012235817575083408,0.023359288097886344,0.18609352835436987,17880.0,105561.84429608047,2337,60797281,61517422,2421341,2013590,12413389,8842414,11424760,8833043,13395119,10150656,6693800,8365364,2630518,5977423,3971394,2743041,7846960,14591891
99,000520,2018-01-23,-0.002557544757033292,-0.007672634271099765,0.14338067606204072,7448.0,86148.72938226581,744,15177449,8986966,485286,996429,2276547,2969423,1596266,1316245,3113122,1905641,0,276510,1416571,373620,1363025,450381,4926632,698717
100,000521,2018-01-23,-0.0019305019305019266,-0.005791505791505669,0.21725158007556195,9075.5,82819.40182605162,568,13960789,8138533,466242,420926,1926919,1690993,2176261,1561347,1826123,1675722,2830036,1347140,1408969,0,1664922,404190,1661317,1038215
101,000523,2018-01-23,-0.00864197530864197,-0.004938271604938205,0.4348956553167649,8090.0,69008.89776154084,346,5363884,4354042,266328,475588,900904,1398424,1235423,993296,357664,545822,203665,940912,386400,0,1208500,0,805000,0
102,000524,2018-01-23,0.002631578947368318,0.0017543859649122862,0.41662773770311456,3441.0,17908.01091281375,748,3317905,3357265,892439,886702,1141124,1848501,691563,361188,321459,260874,271320,0,0,0,0,0,0,0
103,000525,2018-01-23,-0.014504765851636847,-0.020306672192291653,0.6354528764357121,23910.0,134651.6099864655,1443,59865706,29748420,795619,949050,8063203,6497946,7899021,6499904,13405895,6716556,6765550,3662462,2724108,2018698,5005959,894025,15206351,2509779
104,000526,2018-01-23,0.005248425472358376,0.0006997900629812648,1.6842527113436017,14220.0,37935.178525671625,287,3073617,4008684,288588,217342,1369024,1381152,903870,583704,268780,1562446,243355,264040,0,0,0,0,0,0
105,000528,2018-01-23,0.014184397163120366,-0.0035460992907803135,0.19186323595560803,14748.5,99710.6680601471,1946,45675757,35713067,1542687,1565363,12390525,6399665,7021322,6009474,6370095,5955175,4005499,4391509,3138116,3442491,3455899,2568390,7751614,5381000
106,000529,2018-01-23,0.0,0.0013966480446927498,0.2936096982954924,2868.0,42028.07030733613,594,5366312,5056133,435050,420864,1605477,1529863,1383450,739006,1118875,751476,499500,889074,323960,725850,0,0,0,0
107,000530,2018-01-23,-0.019538188277087087,-0.01598579040852577,0.14872868320143845,3891.0,52598.39914042424,1434,18280487,4622765,3612744,511337,2861711,2209539,2386824,812493,3063522,810396,1481555,279000,750643,0,1323759,0,2799729,0
108,000532,2018-01-23,-0.01764705882352946,-0.0025210084033614466,0.254137846459935,22268.0,203165.41862178026,2201,78094257,74549506,1486104,1323105,9816405,9806721,9773729,10179135,13987387,15523219,11056105,8614781,9019812,2025258,4629502,3960054,18325213,23117233
109,000533,2018-01-23,0.005091649694500822,-0.005091649694501044,0.23066387079907738,21735.0,399938.88174117496,1835,70443882,167314204,666624,2091799,4004692,7057607,9173394,8851113,11127996,15584712,6927610,9475625,5756863,9233031,11282258,14572665,21504445,100447652
110,000534,2018-01-23,-0.01612903225806439,-0.009984639016897057,0.7195963649490237,2612.0,32128.742020111404,327,2713131,1626804,206750,459960,547501,732692,527579,321313,918901,112839,512400,0,0,0,0,0,0,0
111,000536,2018-01-23,0.006396588486140553,0.006396588486140553,0.13662539868252346,4730.0,78910.52482694873,1181,16093111,14190520,1423307,1497956,2472908,3122195,1844541,2072751,2219047,2531840,686760,2378666,1066804,0,2659420,939112,3720324,1648000
112,000537,2018-01-23,0.10251046025104604,0.10251046025104604,0.28903300900860046,48279.0,960606.2021420513,2465,258057017,233434439,1358775,829049,11974487,8127873,16349445,12132929,26949111,19886325,18189915,15656374,15836237,13159940,13447729,10041891,153951318,153600058
113,000538,2018-01-23,-0.0032384036574910624,-0.004762358319839954,2.1989333762702694,51645.0,369691.7680860911,2281,207480153,170427392,30477,9316,12703725,8401325,14809843,10557881,22461729,15563003,12925837,22950631,14301855,20309025,12492326,9853080,117754361,82783131
114,000539,2018-01-23,-0.004048582995951455,-0.004048582995951455,0.23141988441581904,4930.0,48627.624222997714,455,4807052,3398044,664697,366608,1577847,898296,854001,604558,610262,336719,202999,698370,0,0,897246,493493,0,0
115,000541,2018-01-23,-0.008412197686645695,-0.012618296529968376,0.2257064155188352,9489.5,89147.80725573187,1776,38617606,27055097,2172055,1625927,7092812,6236541,5585404,4342731,6961672,6006181,5466891,2875400,3704932,1356823,3615325,1469013,4018515,3142481
116,000543,2018-01-23,0.001956947162426559,-0.00391389432485334,0.16779240364415257,6150.0,101984.84703574674,928,20541102,10396787,1286382,750433,2097923,1891035,2026789,1762112,3180317,1981854,1922094,2259097,675403,306600,815992,857676,8536202,587980
117,000544,2018-01-23,0.01184668989547033,0.010452961672473782,0.5141873511796938,14490.0,48135.399548232526,778,8985809,13099289,494144,760810,3729084,4588135,1796408,2602041,1736566,2601463,921995,1450525,307612,0,0,454408,0,641907
118,000545,2018-01-23,0.01002004008016022,0.006012024048096087,0.16570591920757896,13581.0,109984.11832665507,907,15659746,20758642,695987,849539,3515335,4650597,2920864,4381920,3150193,4024248,1756821,1182297,1693760,0,1413223,1373321,513563,4296720
119,000546,2018-01-23,-0.030612244897959218,-0.019770408163265363,0.40752811698152624,17622.0,91209.77965156749,1483,33724848,29946039,745150,1350076,6651506,7432780,8822496,5717252,6239758,7549059,3296102,2632927,1751717,4351592,1379034,912353,4839085,0
120,000548,2018-01-23,0.004687499999999956,0.0015624999999999112,0.30176905930848313,7973.0,57277.98775239992,449,6135047,5669206,472592,424634,2033549,1480061,810698,689058,1866372,905897,495118,499858,0,690292,456718,472140,0,507266
121,000550,2018-01-23,0.007102993404363378,0.0010147133434803557,0.4303043950022782,23886.0,158322.9008576501,2100,75342412,56052574,1692953,1319053,11060486,8401306,13345968,10263177,16273543,13068664,10007391,5987923,6261305,4917908,3172652,1918288,13528114,10176255
122,000551,2018-01-23,0.0012210012210012167,0.0012210012210012167,0.40111313081600525,8170.0,42560.69564247093,416,4882198,4169093,248802,953452,1346308,1128332,759066,584098,1654086,932677,217872,252762,656064,317772,0,0,0,0
123,000552,2018-01-23,-0.002732240437158584,-0.010928961748633892,0.09653528674215729,3267.0,69501.1681677422,1444,17403365,10011330,1107190,1560729,2997663,3058439,2953365,1768954,2026708,2039393,423014,795259,1800188,364728,914204,423828,5181033,0
124,000553,2018-01-23,-0.005013927576601684,-0.014484679665738076,0.38473922404004307,17690.0,108595.12574726922,2179,66994750,48252619,1259638,1966754,9331098,7768829,9749623,10640423,15052096,10800631,7360128,6079172,7128953,1651602,5037629,1726232,12075585,7618976
125,000554,2018-01-23,0.003722084367245637,0.003722084367245637,0.2683131612001047,14535.0,78176.85258869405,902,17151672,19843261,839254,1020419,3592354,4263061,3161277,3448093,5121206,3822005,2385907,1583850,631211,350020,832008,1802001,588455,3553812
126,000555,2018-01-23,-0.009189640768588192,-0.010860484544695126,0.3321255430909944,13002.0,75643.60260212544,1299,28371867,17645561,1007911,1230249,6068941,6016614,4260349,4092541,6487162,3017337,2765904,1677457,2437622,653572,0,420436,5343978,537355
127,000558,2018-01-23,0.0,0.005736137667303964,0.15316901432014762,10460.0,54713.963469712704,1167,19543270,13492823,970274,1118038,4932883,4121254,4119653,3126361,4183806,1931404,2314429,1485926,2453882,326452,0,1383388,568343,0
128,000559,2018-01-23,0.0,-0.005020080321285203,0.25140084858414935,9930.0,72686.15188819563,1570,28545437,21184436,1893516,1525178,6234264,4957456,4586629,3960428,4253797,4376216,4527199,1439267,2465767,1776212,1645786,1327183,2938479,1822496
129,000560,2018-01-23,-0.029227557411273475,-0.02087682672233815,0.28510571553143443,18920.0,71131.3646518247,1129,30511731,13379258,929747,1118096,8049454,4502533,10145635,2707144,4785154,1948833,2745493,266491,977958,1019927,1423355,0,1454935,1816234
130,000561,2018-01-23,0.0036991368680643344,0.0036991368680643344,0.33566182843749487,8140.0,36940.18703219328,583,4945790,6449756,671699,735757,2371856,2600918,846912,1119065,520770,1024621,209754,496695,324799,0,0,472700,0,0
131,000563,2018-01-23,0.0,-0.0065359477124183885,0.09375902861703014,13830.0,93901.42298117407,2406,66844601,42144795,2342637,1355270,12839118,7938354,10053246,7459532,14125105,7452373,8217250,7922300,4744259,2394466,4053578,3442735,10469408,4179765
132,000565,2018-01-23,-0.0026917900403767847,-0.008075370121130465,0.337857218822942,9607.0,45039.53366496955,483,8308755,4116024,439881,371834,2302568,1518256,2092859,1116388,2091422,563766,995415,545780,386610,0,0,0,0,0
133,000567,2018-01-23,0.022414471097129463,0.017302398741643854,0.6189729137430382,34463.0,162396.61803354506,1695,67588271,77621571,648039,785341,11103715,7481625,8632477,8955382,11428335,12952504,8486770,9280879,6228417,5157277,2653128,7590234,18407390,25418329
134,000568,2018-01-23,-0.004938620008466343,-0.007760688584732778,1.3006189151591425,69910.0,328948.8355346429,2971,259329957,219782269,968083,975317,11160041,14583645,18856568,19250603,32005028,27957191,41219002,25774201,18453530,16791312,12716233,15757473,123951472,98692527
135,000570,2018-01-23,0.005415162454873723,0.0072202166064982976,0.3378577120523193,6088.5,47877.14701953273,268,2873956,3034539,158705,253596,1075334,757768,649115,552599,493549,436156,497253,206090,0,384330,0,444000,0,0
136,000571,2018-01-23,-0.0018691588785045843,-0.0037383177570092796,0.1584011167767376,4280.0,27980.435242012434,1142,9634242,5109286,1731420,851012,2740838,2471538,1938079,872918,2319406,913818,520019,0,384480,0,0,0,0,0
137,000572,2018-01-23,-0.012448132780083054,-0.016597510373444035,0.12866206190223647,9480.0,115243.55464990703,1406,34635737,17868718,1522237,1096109,6754378,4196589,4453346,2695146,3861430,1972181,4912729,2623731,1688667,1948523,2288639,1841496,9154311,1494943
138,000573,2018-01-23,0.013539651837524147,0.01740812379110257,0.16352654952636897,10480.0,85905.69817358666,1000,13471354,19184691,859265,915910,3768081,4276995,2330022,2972477,2557419,3085706,793920,1090143,641954,748857,1259566,1383851,1261127,4710752
139,000576,2018-01-23,0.0005906674542233148,0.0011813349084466296,1.1044910487007542,5082.0,54469.79625916453,234,2266740,4308139,120227,233976,848115,623576,602589,557481,260965,1570732,434844,893286,0,0,0,429088,0,0
140,000581,2018-01-23,-0.00814584949573316,-0.00892164468580292,0.5121237770366409,46098.0,232682.25417006342,2535,165380396,96371914,879803,733102,14130818,8414154,20788303,11231975,30043938,21749035,21837923,17013402,10992202,9678123,8121848,3980019,58585561,23572104
141,000582,2018-01-23,-0.001984126984126977,0.0,0.34601126933209264,11137.5,62131.424929857865,848,13750767,12021057,685237,608541,4245826,3927268,2557096,2281065,2191224,2651774,1473888,994651,670920,950558,418418,0,1508158,607200
142,000584,2018-01-23,0.0,-0.0014184397163120588,0.6639790030891111,18356.0,138870.4518644626,450,14756975,14292540,490420,184897,3257085,1058650,2893446,1078356,1869361,2541522,2221680,3415555,348023,1428103,896550,416950,2780410,4168507
143,000585,2018-01-23,-0.025125628140703515,-0.025125628140703515,0.09550435856902731,9264.0,91532.05722132305,1744,31207344,20081944,1470964,1917931,7145036,6661544,5936383,3559214,6259465,3452335,3334251,1714157,1081771,1102479,0,862912,5979474,811372
144,000586,2018-01-23,0.023255813953488413,-0.011627906976744096,0.9433245645735449,17480.0,116790.64995947306,335,10030741,9524699,150121,295618,1172462,882090,2602063,1314496,2550870,2444743,1028660,200816,321300,1713952,1288990,851654,916275,1821330
145,000587,2018-01-23,-0.012430939226519278,-0.012430939226519278,0.1617923894081,25095.0,205111.97824304696,2006,92580703,65371940,1229557,937081,12778023,8394588,11751946,7445910,17359795,7218808,9681030,5514282,5865146,3664052,2954400,2596197,30960806,29601022
146,000589,2018-01-23,-0.0021739130434782483,-0.004347826086956386,0.2027917501682946,4140.0,42712.80469601459,514,4817039,3301299,535590,774459,1560703,1215407,575952,484144,573032,375111,278760,452178,729580,0,0,0,563422,0
147,000590,2018-01-23,-0.009447674418604612,-0.005087209302325646,0.9197642246581286,9660.0,95205.00882533673,223,4090658,2177171,238489,149932,713883,1071285,272481,185899,574192,241450,1094813,0,0,0,0,0,1196800,528605
148,000593,2018-01-23,-0.0022471910112359383,-0.005617977528090012,0.36166931913077605,8830.0,62683.63730290264,605,9638562,6836393,636431,813384,2219753,2370051,1801990,835469,2162190,914585,1235017,226048,750124,343656,833057,0,0,1333200
149,000595,2018-01-23,0.045009784735811964,0.0,0.20448282827839864,8176.0,52975.948608256615,624,9706151,5303313,468726,605740,2554645,1951506,2089534,1030137,2048286,743642,641016,284672,373888,687616,902559,0,627497,0
150,000596,2018-01-23,-0.002628466289919862,-0.002759889604415977,1.784603925292927,22800.0,130264.86111313346,1818,52494959,66326851,992232,2682239,7443555,10576145,8263726,8672706,9713169,11410075,6084788,7377513,3471991,5586219,2278989,4975985,14246509,15045969
151,000597,2018-01-23,-0.0008944543828264262,-0.004472271914132242,0.3663056809351343,10098.0,64395.43115951732,931,14645301,10817877,654442,936777,4466088,3426287,2986516,1649813,3014696,751894,1468949,934393,338550,750246,449550,402034,1266510,1966433
152,000598,2018-01-23,0.0,0.0,0.14898476431402077,5962.0,133522.40154163737,1320,23484333,25405706,981392,1357088,4566278,3139129,2433122,3006243,3489264,3610868,2943533,3483896,1277253,1054863,859346,401422,6934145,9352197
153,000599,2018-01-23,0.0031999999999998696,0.0016000000000000458,0.27989997510642906,6270.0,79958.61240297754,498,9103072,8673866,396775,511187,1310816,1329620,1724322,1699272,1066921,1869255,1818802,2478524,1250156,311500,0,474508,1535280,0
154,000600,2018-01-23,-0.0024330900243311193,-0.0036496350364965124,0.2133363808322275,15579.0,110016.92353895992,1485,39932001,28311897,1415279,1553406,6636763,6891973,6306731,4849688,7021077,5113265,3415535,3225551,2301131,2047506,2046021,2365614,10789464,2264894
155,000601,2018-01-23,-0.0013850415512465242,-0.0027700831024930483,0.39629928452853225,7220.0,40247.654465177955,331,4778565,2316332,264598,806894,1143970,433719,1106378,880509,1058574,195210,1205045,0,0,0,0,0,0,0
156,000603,2018-01-23,0.0367816091954023,0.0367816091954023,0.31928260060800934,32160.0,899566.4390308348,1675,255071134,115139174,1055219,651746,7798998,5738975,8730162,5512284,12660398,12470755,10358111,10019955,11837079,5233528,6599627,6650596,196031540,68861335
157,000605,2018-01-23,0.009376723662438025,0.0011031439602868787,0.5525953846746968,12767.0,51777.116798859344,1076,16308178,16395226,1008432,781333,5107154,4291922,3898240,4657354,3796254,3779496,1307557,1395112,643041,301268,0,493119,547500,695622
158,000606,2018-01-23,0.01585365853658538,0.017073170731707332,0.33866003883821977,9256.5,86206.989639946,586,11740871,11532056,569385,500187,2100938,1978552,2287845,1405408,2877105,1057023,1854552,2469498,373188,1082041,918770,1709039,759088,1330308
159,000607,2018-01-23,-0.004885993485341911,-0.008143322475570036,0.32057652297994127,8852.0,52724.7330840129,366,6859950,3326152,359834,380198,1461636,1012043,1650078,963717,1837298,351485,503186,0,645880,618709,402038,0,0,0
160,000608,2018-01-23,0.0,0.0,0.4384642399395934,5404.0,821871.1529611006,309,29550399,0,688979,0,1650536,0,737260,0,1306224,0,463200,0,1075396,0,866184,0,22762620,0
161,000609,2018-01-23,0.027604630454140633,0.016918967052537814,0.3920240715757446,13530.0,58779.01731908487,820,11425553,12642577,646815,649633,3743623,4191499,2214693,4575226,1891657,2490432,663462,735787,0,0,441303,0,1824000,0
162,000610,2018-01-23,0.03111111111111109,0.021333333333333426,0.48417242813497274,6888.0,49869.483713582056,539,4208739,9331161,489632,538041,1409608,2109503,1078449,2365909,427950,1954863,228600,1995805,0,367040,0,0,574500,0
163,000611,2018-01-23,-0.008207934336525224,-0.002735978112175075,0.42426947996185166,7300.0,63210.41776485556,296,5864166,3063882,240784,129896,1396994,855874,1104392,608956,1311403,408098,954933,264990,337260,358668,0,437400,518400,0
164,000612,2018-01-23,0.0034883720930234396,-0.0011627906976744429,0.2175873799120089,6888.0,40445.06421615289,1563,14184577,16875002,1375445,1924284,4940638,5122642,2500986,3893813,3535934,3651079,866600,732451,964974,1001823,0,0,0,548910
165,000613,2018-01-23,0.016393442622950838,0.017654476670870167,0.34889495807524407,20012.5,66618.74945786218,516,8747180,10744302,278819,322416,3930275,2460517,1546364,1894406,580115,3522804,1130409,905591,0,391230,480600,1247338,800598,0
166,000615,2018-01-23,0.01969561324977631,0.02327663384064449,0.20753955646808755,39742.5,192631.12714859328,2902,132245299,131339224,1141974,1099245,14660241,13081881,20366100,16738809,31847321,25073115,17635962,14318213,12126772,11909535,5408905,8896489,29058024,40221937
167,000616,2018-01-23,0.00588235294117645,0.002941176470588225,0.10984357910528827,9180.0,76537.92418018599,960,18047465,12292252,843584,828957,3606980,3495611,2427325,2157382,3244908,2773490,1461164,1979822,2150677,1056990,819546,0,3493281,0
168,000617,2018-01-23,0.009868421052631637,0.009868421052631637,0.39229040601011894,15215.0,106821.98158849483,1502,44503488,27918955,999659,1169010,7044408,6667060,7086983,4728200,7500868,5335673,3883511,2163332,4279406,2490316,2368323,846818,11340330,4518546
169,000619,2018-01-23,0.004999999999999893,-0.0012499999999999734,0.3815251684001978,12059.0,106720.26305633827,439,8701345,8305736,515221,361982,2800146,1294609,860843,944914,1428460,1211323,1755615,1048850,717060,0,0,419405,624000,3024653
170,000620,2018-01-23,0.0046224961479197635,0.012326656394453073,0.22575442629807563,5904.0,39404.24938924512,827,6126865,7708214,549060,1414434,1738150,2451063,1049355,2814372,454342,812525,1313377,215820,0,0,458500,0,564081,0
171,000622,2018-01-23,-0.024844720496894457,-0.01863354037267073,0.212375995721139,11950.0,97061.2733924369,517,11655392,7380329,492745,456932,2722869,2220675,1493331,785081,1765389,682205,2282479,576002,623280,1043533,422074,457445,1853225,1158456
172,000623,2018-01-23,-0.00385769395627944,-0.005143591941705883,0.4649333818281522,32445.0,200555.2478562099,2518,149878433,102142448,1467984,1091834,11660797,10707527,13966814,10313996,25257955,16539805,21835500,15575932,12816127,9088982,11730982,9405374,51142274,29418998
173,000625,2018-01-23,-0.007468259895444418,-0.010455563853622118,0.2674166827596546,19875.0,212349.63732538954,2508,109266118,77003510,2278972,1341971,12361618,9259864,14504255,8851090,17187922,12100221,11466870,7614831,7596486,4340263,5640083,6130481,38229912,27364789
174,000626,2018-01-23,-0.0024193548387098085,-0.012903225806451646,0.45707637116101724,8746.5,52631.445785680204,736,11268035,6583098,653656,539379,3187938,2440154,1900750,729548,2630809,1624612,644180,1249405,690680,0,952022,0,608000,0
175,000627,2018-01-23,0.003456221198156806,-0.0023041474654377225,0.1790427961419344,20626.0,131282.4637735869,2353,75904234,78255009,1417584,2282475,9158521,11770843,11237497,13014680,13140947,17084532,10448273,8023819,6090936,5026159,5661866,6239187,18748610,14813314
176,000628,2018-01-23,0.020359281437125842,0.020359281437125842,0.32860536107056965,16860.0,53205.988713008504,645,10774756,10723220,756933,486802,3388085,2732805,2193794,3582114,2246929,2032113,1186555,1179873,0,709513,448060,0,554400,0
177,000630,2018-01-23,0.02127659574468077,0.014184397163120588,0.0529044289993872,9758.0,256166.38341083878,2885,80397814,130367473,2540903,1864088,10215218,9545325,7372733,8812651,8856946,10803855,5625807,7314607,5371376,7500588,1440283,5832221,38974548,78694138
178,000631,2018-01-23,0.008620689655172376,0.008620689655172376,0.11135585372853572,13890.0,100755.43428009357,1741,41368198,39904642,1459360,1234811,8042987,6601496,5905097,5854172,8478821,8154945,5035022,8170412,3767358,2073846,4289081,1826719,4390472,5988241
179,000632,2018-01-23,0.028911564625850428,0.017006802721088565,0.29333843299534157,9996.0,30496.85073765049,401,3420358,5414866,375186,335692,1589488,1671366,1239042,2112482,216642,1070038,0,225288,0,0,0,0,0,0
180,000633,2018-01-23,-0.024557956777996104,-0.016699410609037346,0.5604843227650944,14042.0,443673.8526502329,329,8315167,13071583,268213,258503,1765021,1244263,1278952,852223,2980894,745045,1646965,467050,375122,0,0,500000,0,9004499
181,000635,2018-01-23,-0.004029550033579632,-0.008059100067159264,0.5453531302422451,10402.0,57312.172073196816,745,10864467,7593097,686350,769897,3232780,3111834,2572087,1097443,1481773,1108939,268500,660638,348426,352820,424935,491526,1849616,0
182,000636,2018-01-23,0.04698581560283688,0.03280141843971651,0.21672215767937014,43197.5,492605.2148227821,2714,164588449,174254631,1058784,1009670,12757554,10312578,16221098,13921894,31150170,24236919,22165084,19445775,14825612,11699043,8856749,13423119,57553398,80205633
183,000637,2018-01-23,0.005110732538330609,0.0034071550255536653,0.24111963807290424,9408.0,47482.062561597406,592,8575263,7549872,438779,753768,2450642,1789884,1584073,1957951,2744802,1561218,691920,473970,665047,1013081,0,0,0,0
184,000638,2018-01-23,0.0349175557710959,0.05237633365664385,0.22837341966838062,19722.0,117865.96865942293,2043,57069842,56924184,1274748,1318798,8613334,9625965,8895841,9587365,13993659,11315755,6986470,5388889,2750348,5376999,3831466,3457046,10723976,10853367
185,000639,2018-01-23,0.013157894736842257,0.00877192982456143,0.656127604699898,9185.0,49592.11416983805,772,7665877,12162643,619277,848100,2141470,3731733,2598059,2284800,1684288,2768441,223625,442272,399158,1108678,0,428719,0,549900
186,000650,2018-01-23,-0.0037523452157599557,-0.0056285178236398226,0.1919392697281413,5310.0,47306.93923151537,771,7939806,5641570,708095,972991,1684555,1453712,1650299,1251071,1205530,1085554,1334803,0,717073,330282,0,0,639451,547960
187,000651,2018-01-23,0.005132743362831871,0.001769911504424737,0.9426999007362363,437901.0,1965669.1018677691,3593,1684192763,1666099977,44641,33480,1382316,1475046,9101330,6174017,38332648,36955130,47583115,50247085,49944036,53575745,57006754,58387308,1480797923,1459252166
188,000652,2018-01-23,-0.01279317697228155,-0.008528784648187626,0.15670066346472628,5592.0,44415.74119656695,896,10475668,5366237,1688450,638575,2701186,1655536,2067664,1410644,1874723,521909,1370815,506629,0,632944,0,0,772830,0
189,000655,2018-01-23,0.01594896331738438,0.012759170653907415,0.18580319043737564,10829.0,63765.48083245794,1139,17147834,18625504,1025180,1201058,3808012,5831531,2676452,3351493,4514351,4907413,2163893,1386582,1401568,689438,0,492179,1558378,765810
190,000656,2018-01-23,0.011538461538461497,0.009615384615384581,0.12110508751720622,15720.0,231653.8933535247,1848,54534553,92793030,822917,1759606,5113449,7277577,6066735,8929072,10262110,11873311,7478584,7650705,5121165,6113764,3944927,3231341,15724666,45957654
191,000657,2018-01-23,0.031353135313531455,0.030528052805280703,0.32631967718816024,18375.0,116438.93520102407,1381,36214631,40620956,781181,918793,5876567,6273309,4559340,5626532,7285257,10519651,4500340,5196698,2515842,2996998,1426005,2276082,9270099,6812893
192,000659,2018-01-23,-0.009546539379474916,-0.007159904534606243,0.16333762233292987,8300.0,90145.02913549576,658,15395635,9721028,523295,628408,2480258,2154249,2157920,2072308,2501637,1819725,2060028,783560,634126,0,2734894,454010,2303477,1808768
193,000661,2018-01-23,-0.007672634271099765,-0.01273657289002561,4.945758524330318,39060.0,234860.2072521613,1563,93774028,69866148,10833,0,11084906,6052640,15739685,8683270,17659484,8730762,9188523,7013250,4642126,7418914,5893798,4824143,29554673,27143169
194,000662,2018-01-23,0.008264462809917328,0.007575757575757569,0.6243214618471065,13865.5,58046.75280762582,540,7136439,8997921,339589,612124,2834228,2570718,965867,1186729,1680107,907212,858103,1780672,0,1046521,458545,893945,0,0
195,000663,2018-01-23,0.0553666828557553,0.03399708596406015,0.6090324567079792,24080.5,110633.10179620233,1144,28366507,39431181,471441,685884,5183457,6560683,5649271,6160126,6457535,6873763,4500643,5398521,1700585,3244892,449430,882254,3954145,9625058
196,000665,2018-01-23,-0.0028901734104047616,-0.0009633911368016612,0.37343386867189166,12443.0,109093.92187982163,772,20562584,15960933,649353,431422,3818028,2666206,2952947,1961111,5143522,3230633,1434612,1380154,1688603,2001470,481057,827925,4394462,3462012
197,000666,2018-01-23,-0.0009881422924901129,-0.0044466403162055634,0.4949378093795644,18297.0,128858.86295871838,1672,52706704,35040964,1099532,916891,8250754,7739067,7355630,5514285,9528386,7318933,5381873,4076687,5085880,1038324,3156708,2975363,12847941,5461414
198,000667,2018-01-23,0.0060422960725075026,0.015105740181268867,0.07925336064889393,14652.0,176659.25667825772,1753,43924482,58641454,923407,1405423,5276042,9146033,4958674,7973579,6555192,11342153,4570120,7620964,1434467,3362075,1277139,2240134,18929441,15551093
199,000668,2018-01-23,-0.0019607843137255943,-0.002614379084967422,1.0850762227336495,9282.0,47572.84931726767,198,2520731,2572724,130054,205794,894390,610688,581728,730268,0,788979,0,236995,914559,0,0,0,0,0
200,000669,2018-01-23,0.010339734121122657,-0.008862629246676468,0.3971447271974742,9401.0,74997.85124907279,1162,26684893,11677066,944059,1162753,4825455,3929204,5120774,2552400,5725672,2645763,2488998,787323,1401500,0,1307170,0,4871265,599623
201,000670,2018-01-23,0.0,-0.0016366612111293755,0.14544925176227907,10353.0,51870.38686381739,1767,27813824,18797202,1852791,1633984,8365743,5981149,5961411,5013391,5729787,3058353,2244085,894703,2021648,948623,432684,472623,1205675,794376
202,000671,2018-01-23,0.08501118568232657,0.08501118568232657,0.17621496103061213,70072.0,1167697.0518099861,2583,459189911,373572490,2091295,428256,10087270,4384419,13255809,6955460,27686670,16321036,25269011,23704580,19118948,19290363,24435016,16454004,337245892,286034372
203,000672,2018-01-23,0.029184549356223055,0.019742489270386354,0.2119985529344033,43660.0,163260.9731245502,3025,152244716,147755449,1241436,1108108,13866823,13326923,20332386,16758940,31120940,29924700,20364576,23094347,19547503,14590597,11184117,10796683,34586935,38155151
204,000673,2018-01-23,-0.05218617771509171,-0.046544428772919644,0.40679883692857394,25416.0,434555.3829419943,1217,71355889,56496917,758379,799213,5729101,5803843,5373770,6249558,8174551,7643429,2204310,7002001,1076066,3138321,2158924,1316490,45880788,24544062
205,000676,2018-01-23,0.014719411223551138,0.012879484820607301,0.4172951766346336,10980.0,38698.99544323152,678,7666725,7009930,479024,565481,2626090,2829394,1736171,1510706,1683425,1776075,638775,0,0,328274,0,0,503240,0
206,000677,2018-01-23,0.010230179028132946,-0.002557544757033292,0.21184528695615662,4317.5,67639.393068541,340,4098416,3917082,274290,424142,689366,1279218,485974,605166,651752,852132,0,0,710814,756424,0,0,1286220,0
207,000678,2018-01-23,-0.019710906701708275,-0.024967148488830526,0.2486111729177012,9750.0,67564.32902522098,937,18035834,9528046,860215,1203805,3921619,3967185,2915192,1565156,4064962,1310608,2181721,791036,1082556,690256,0,0,3009569,0
208,000679,2018-01-23,0.0014104372355430161,-0.0014104372355430161,0.40538526968451083,7080.0,44299.76433084957,305,4577473,2152931,282881,279832,1220650,672128,1035442,667767,1201270,250804,413630,282400,0,0,423600,0,0,0
209,000680,2018-01-23,0.020449897750511425,-0.004089979550102152,0.14163391068644485,21960.0,98600.64365621527,1194,27762134,10472019,770318,878735,12049632,3298968,2515449,2121613,3448988,2392587,2202275,733775,1435455,0,1346057,492984,3993960,553357
210,000681,2018-01-23,-0.017304667016255992,-0.017829050865233342,0.4961289775206105,11277.0,85744.19560937538,1480,33318119,15701687,1516897,1528451,7113953,4506269,5088042,3988339,7080063,2738210,3417958,1634536,1800792,734885,1278415,0,6021999,570997
211,000682,2018-01-23,0.02096436058700224,0.018867924528302105,0.14071884153498762,9500.0,62411.759289592366,1150,9227168,17358422,927461,1509158,3784094,5910463,1585434,3186603,2001786,2876332,211735,1103568,312336,0,404322,436839,0,2335459
212,000683,2018-01-23,-0.003389830508474634,-0.003389830508474634,0.08499022350025914,7644.0,141119.15478285617,1211,25043261,18939281,838114,1285002,3695752,4845699,2865369,2457366,3717333,3709775,1844276,1501916,1273464,1722171,851911,468460,9957042,2948892
213,000685,2018-01-23,0.0,-0.002827521206408945,0.28243708649571153,9522.0,81672.9154902837,1411,22788760,20530559,713124,1575392,3949955,6443150,3120985,3503980,4623661,4085722,3310105,1344861,2681054,305568,400680,0,3989196,3271886
214,000686,2018-01-23,0.013029315960912058,0.004343105320304019,0.17977508141472637,25150.5,214961.3030294751,2628,102432953,104659069,2124123,1510510,13744963,10358943,13475600,13243632,18404239,17240779,15212583,12934230,8718829,7893908,9988872,9985351,20763744,31491716
215,000687,2018-01-23,0.012369172216936342,0.0038058991436726863,0.34259436968877843,10730.0,101760.9003595476,941,20319626,15529667,736741,748890,4251249,4119302,2198697,3216517,2935635,3235367,1640574,1650090,2095582,345773,1784379,0,4676769,2213728
216,000690,2018-01-23,-0.01436464088397793,-0.009944751381215422,0.2569060770573725,9922.0,271134.3734387748,1241,63146691,28637103,1079131,1368602,4170987,4847726,3423838,3948426,5301499,3507067,2997080,1202230,3038860,1321962,3614843,3652223,39520453,8788867
217,000691,2018-01-23,0.0013440860215052641,-0.006720430107526987,0.5866151548023201,7400.0,55235.85442025942,160,2235046,2336158,145997,146008,568276,512604,772087,108192,748686,627835,0,241240,0,700279,0,0,0,0
218,000692,2018-01-23,-0.004385964912280604,-0.004385964912280604,0.2226162919779528,2724.0,55989.28167066652,419,4476193,3711582,373984,332565,1076529,1164465,1038944,452673,636484,393673,774856,0,0,0,0,1368206,575396,0
219,000695,2018-01-23,-0.008298755186721962,-0.0134854771784233,0.5625236611382257,9500.0,54193.609748963005,293,5939361,2130714,344231,226128,995042,996635,1117429,674956,1878241,0,797368,232995,331100,0,475950,0,0,0
220,000697,2018-01-23,-0.003668042182485065,-0.0022925263640530824,0.6572867871932123,17376.0,126789.2044303945,1101,33148417,17441577,659818,925001,5963965,5139668,4557700,3105396,4735560,4187728,3312860,1320299,2334800,1048875,437400,0,11146314,1714610
221,000698,2018-01-23,-0.001686340640809414,-0.006745362563237767,0.2386485210219825,7670.0,93718.34467946042,617,10842264,9926329,508422,427545,1988130,1969552,1710473,1471951,1495486,1248940,2036966,573948,0,744930,1345800,883546,1756987,2605917
222,000700,2018-01-23,0.012389380530973382,0.005309734513274211,0.23130962302794192,7646.5,62198.71928680991,596,7201894,9784563,410174,1062386,1851027,2534891,1361070,1466999,1032168,2237196,1316057,706493,665398,993894,0,0,566000,782704
223,000701,2018-01-23,0.013131313131313105,0.008080808080808133,0.2966932336701535,2985.0,45467.461723092114,1113,8717234,10501205,1219635,1242584,2500355,2967968,1103018,2382532,1560488,1545327,967488,1393230,362862,0,405188,969564,598200,0
224,000702,2018-01-23,-0.004385964912280715,-0.004385964912280715,0.25631453703093915,6810.0,52779.45864284607,712,10002363,5456232,691054,529805,2314049,1636932,1227671,1770814,2424228,817223,1175985,217920,739660,0,883800,483538,545916,0
225,000705,2018-01-23,0.004907975460122671,0.0024539877300613355,0.29689105330608423,3252.0,38362.86331447217,753,5113697,4186238,1409587,345565,1793284,1442803,1155013,522674,519549,790256,236264,269940,0,0,0,0,0,815000
226,000707,2018-01-23,-0.003603603603603567,-0.003603603603603567,0.2692887874159373,5560.0,31215.582598937555,424,4811379,2492462,328430,516499,1890073,1133421,751346,732296,1094143,110246,747387,0,0,0,0,0,0,0
227,000708,2018-01-23,-0.010942760942761032,-0.013468013468013518,0.40407905747258005,15288.0,68582.6813564511,864,19470990,12619398,543206,553777,3835078,4036367,3624136,2833557,5235157,2288408,2767093,1580679,1140220,658000,924300,0,1401800,668610
228,000709,2018-01-23,-0.0024390243902439046,-0.004878048780487698,0.07869936867060032,14315.0,329608.2920548599,2730,161623484,81903109,2888957,1362131,15803928,6909551,11516385,6001795,16706527,7717218,12541518,6727740,4794939,2787041,15001790,1314432,82369440,49083201
229,000710,2018-01-23,0.008537886872998834,0.011312700106723694,1.204638831443526,18968.0,108045.55614056403,1513,37729049,35739731,1204648,1912970,6195792,9286703,5718667,6321375,6298112,8017338,6664877,4025748,1421462,2080111,3475046,413250,6750445,3682236
230,000712,2018-01-23,0.004186602870813516,0.0005980861244019309,0.42023208122782524,21814.0,100870.18466784102,1583,49051491,38928772,1089039,863332,7571187,5749842,10274490,8658755,12090147,7593948,5868068,6666231,2980541,3134489,2345085,2677913,6832934,3584262
231,000713,2018-01-23,-0.001468428781204123,-0.001468428781204123,0.33353888509411084,6790.0,30401.021680744892,416,4681376,2925617,303928,524658,1371896,1410967,1016741,454423,1988811,535569,0,0,0,0,0,0,0,0
232,000715,2018-01-23,0.013742071881606588,0.00845665961945019,0.7131128290381373,7608.0,50903.093926103975,175,1884063,2247061,184403,155063,719559,631076,196677,145897,783424,639616,0,231800,0,0,0,443609,0,0
233,000716,2018-01-23,-0.009191176470588314,-0.009191176470588314,0.18432844294921397,5460.0,57579.22850471853,871,12272413,5202243,1053925,799367,2813889,2334762,1860783,1413792,1821423,654322,1042121,0,630941,0,484141,0,2565190,0
234,000717,2018-01-23,-0.012941176470588123,-0.020000000000000018,0.15089194049374585,65886.0,422227.77343093004,3179,300606918,255458185,1187819,1228891,10541425,13147825,19067858,18956351,39325100,30291153,44329237,32177852,20327682,26115027,17914599,19536339,147913198,114004747
235,000718,2018-01-23,0.012096774193548265,0.014112903225806495,0.10432986031449455,21457.0,175897.94198626038,2268,63818993,104126808,1087577,2115015,7169153,10764248,8355535,12544099,11025705,22909002,10760239,12643752,4846449,9104435,4525777,7138608,16048558,26907649
236,000719,2018-01-23,0.005376344086021501,0.0021505376344086446,0.3194657712057844,3711.0,32114.816750340233,847,5698340,6078196,604245,1268761,1913834,2710898,1544733,909506,1348467,187600,287061,206139,0,322472,0,472820,0,0
237,000720,2018-01-23,0.0023201856148493682,0.0046403712296985145,0.22630168258984107,6928.0,41284.280942543206,362,3321936,4045729,364449,403467,1478993,1188553,564989,1118498,480505,554011,433000,0,0,347200,0,434000,0,0
238,000721,2018-01-23,0.0018348623853210455,0.003669724770642091,0.23550055294540778,4923.0,30856.787639239235,535,3960253,3521777,376229,748039,1486509,1122521,1577970,725828,298415,424884,221130,0,0,0,0,0,0,500505
239,000722,2018-01-23,-0.0032751091703056012,-0.013100436681222849,0.42860132060962713,10037.5,49858.902150077825,456,8561657,4099664,531362,454927,2211945,1658016,1897811,1380737,2100269,405599,470600,200385,0,0,1349670,0,0,0
240,000723,2018-01-23,0.010370370370370363,-0.001481481481481417,0.18662393185564052,6720.0,73747.4667137933,1309,23094242,16780276,1495378,1239016,4246771,2859942,3530029,3522909,7146638,2532406,2114495,2145563,1059199,1767213,430047,825836,3071685,1887391
241,000725,2018-01-23,-0.02552552552552556,-0.019519519519519468,0.11123740524392739,657526.5,3255027.4208876775,3596,2856585202,2926638344,9870,29642,493902,584170,3631937,3918019,24391069,24694852,39318060,45865523,51204869,64683823,61052540,61922755,2676482955,2724939560
242,000726,2018-01-23,-0.0008960573476702871,-0.0017921146953404632,0.41086204374645136,20088.0,82605.02121289095,737,16678024,9220916,345782,348303,6030120,1883236,2302134,2130768,2356201,2266183,1115614,742171,677412,0,445600,1343137,3405161,507118
243,000727,2018-01-23,-0.008130081300813052,-0.004065040650406471,0.06014242563457439,1952.0,87633.68251829459,1692,25212082,7679869,1142703,1677453,5266673,1476074,2171635,987935,2174773,698496,3627824,1208581,970144,655330,1364504,0,8493826,976000
244,000728,2018-01-23,0.0017528483786151128,-0.005258545135845782,0.22103159780721135,30914.0,166667.08245332981,2667,126386378,117837804,1450895,1072816,13314399,10391590,14162191,12945006,24955201,19451827,19129347,17252508,13766008,7920307,8922111,8457337,30686226,40346413
245,000729,2018-01-23,-0.007290400972053468,-0.013365735115431487,0.1600958915436496,16400.0,182938.67962476864,2649,78960064,58888610,1884970,3090598,13339133,12300893,12563928,9459526,13441196,8545982,7708122,4239639,5551796,4330181,3055966,3546165,21414953,13375626
246,000731,2018-01-23,0.009247027741083214,0.003963011889035473,0.27522044527400685,15220.0,83235.64641058253,756,15607609,14920620,697454,625275,3354235,3572419,3096603,3164377,4679937,2461104,1485054,1698775,1341656,1022630,413070,843936,539600,1532104
247,000732,2018-01-23,0.08367451381780966,0.08367451381780966,0.6667829730821772,279230.0,2419836.552157143,3451,1649849274,1138236834,315693,267347,4996952,5743303,12031250,14250934,31956884,35363994,39477804,41564332,36532798,34318908,43919716,33473007,1480618177,973255009
248,000733,2018-01-23,-0.0014255167498218313,-0.0035637918745544672,0.5046809884252175,13980.0,43452.56901653436,772,12632920,8155030,736158,640587,3760184,3481718,2688699,1580440,4083356,865511,1056228,1254064,308295,332710,0,0,0,0
249,000735,2018-01-23,0.0630952380952381,0.07499999999999996,0.14650472185622823,80865.0,798439.2599997994,3300,411259291,434661184,909256,930317,10974507,13273520,20055965,20449006,39603313,40942168,29903654,30702139,29026143,26134667,21162707,24447577,259623746,277781790
250,000736,2018-01-23,0.019988577955453835,0.016561964591661926,0.5960278541370447,16092.0,107768.3428256639,863,15864504,22747321,741260,623862,3865782,3648627,4804222,2925910,2999273,2455827,885932,3584776,970956,1335691,446039,1348236,1151040,6824392
251,000737,2018-01-23,0.004618937644341736,0.002309468822170757,0.20153931416214949,4796.0,30113.68180756926,461,4834869,2804183,366188,501593,1909741,1605281,865267,523709,1154692,173600,538981,0,0,0,0,0,0,0
252,000738,2018-01-23,0.005586592178770999,0.004888268156424624,0.405440589976965,14290.0,63156.989176183466,1247,19372002,22699908,918928,1037108,5279235,6124920,3676286,3486988,4606525,5077232,2041930,2845815,1347426,2174153,945112,1348294,556560,605398
253,000739,2018-01-23,0.0015974440894568342,-0.0031948881789136685,0.2124791695234266,3768.0,75792.18447261269,868,14594707,7744280,310930,1259721,3128967,2477284,1968238,1193560,1666295,1116988,1638533,506152,1934390,684407,1274073,0,2673281,506168
254,000750,2018-01-23,0.005714285714285783,-0.0019047619047618536,0.11401360645585086,12098.0,120001.68656806312,2127,57725219,44115341,1928612,1312027,9022750,7519806,8022854,4587060,8429907,8867168,7838810,6280402,4032810,4540781,5412302,3164507,13037174,7843590
255,000751,2018-01-23,0.020754716981132182,0.013207547169811429,0.11129018486892019,26460.0,200351.75981126406,2275,94719436,89562415,1497165,1134765,11409145,9217601,10584811,12426944,15995724,17106566,8646212,11058577,4816172,10733232,5784826,4062693,35985381,23822037
256,000752,2018-01-23,-0.0038461538461539435,-0.0038461538461539435,0.6740917253407076,9058.0,28481.51546765289,371,4489793,2265363,280323,485604,1932906,1038613,1383779,409032,634185,104000,258600,228114,0,0,0,0,0,0
257,000753,2018-01-23,0.0026041666666667407,0.0,0.17574571152789528,5760.0,52463.063254416185,477,4826053,4507485,329358,492196,1537664,1779788,1159296,789953,1274185,300300,525550,248198,0,0,0,0,0,897050
258,000755,2018-01-23,0.0337620578778135,0.0337620578778135,0.2803715157189201,7680.0,60430.46763925665,493,6030994,6179287,469389,470734,1482177,1815444,1628501,1284721,1275076,1172518,664651,216996,0,312620,0,0,511200,906254
259,000756,2018-01-23,-0.015588464536243074,-0.016367887763055422,0.34450425545187835,11385.0,75737.76074098621,1387,28900918,8500738,1038274,863545,8539757,3263219,4826631,2108649,5535397,1160728,1455171,760886,672165,343711,2284222,0,4549301,0
260,000758,2018-01-23,0.01987767584097866,0.015290519877675823,0.13141950511997433,25289.0,230335.15727907434,2482,82253258,112502022,1567900,1665993,10864803,11662092,12023732,14902253,18276127,19553745,7511869,9363309,6725187,9261578,5500153,3972943,19783487,42120109
261,000759,2018-01-23,-0.003374578177727905,-0.0022497187851520106,0.2286049236284615,15930.0,109734.86692436486,1513,35521701,20853426,1642375,1310894,9807136,6828070,7035194,4565570,5109465,3734762,938289,981289,697742,732600,0,1271596,10291500,1428645
262,000760,2018-01-23,-0.008347245409014992,-0.005008347245409106,0.22135349058103748,6000.0,54025.57321500001,732,11701042,7327919,862093,558628,2756910,2064123,1804115,1071871,3086026,2617010,1543468,658684,665732,357603,417690,0,565008,0
263,000761,2018-01-23,-0.016949152542372947,-0.03220338983050852,0.11066036728696664,21275.0,262095.25261472774,2854,169357356,89735684,2696649,1167250,10701275,9213517,14676582,13196357,19493926,16774735,18864967,12417514,16559549,6453653,8608703,4390142,77755705,26122516
264,000762,2018-01-23,0.017275747508305628,0.006644518272425293,0.3408247885485325,22597.5,91832.88566848518,1950,49502928,52065439,1248314,1342645,10687280,10433227,9489127,10057211,11932889,13394876,5320628,5057439,3626723,5289400,1814648,1799228,5383319,4691413
265,000767,2018-01-23,-0.009966777408637828,-0.009966777408637828,0.1415492120038298,4500.0,78564.9110695441,452,6425656,2550506,371570,574693,1209316,1072528,793319,205416,927273,375547,1051290,0,0,322322,0,0,2072888,0
266,000768,2018-01-23,0.014640356460852821,0.017186505410566433,0.32618796864510935,15760.0,273181.0452879922,2320,77064686,88224301,2466009,1222183,10773252,7813901,9702301,7623743,11373565,11577168,5927761,7208047,7166375,6272143,3983354,7249825,25672069,39257291
267,000776,2018-01-23,0.010582010582010692,0.005291005291005346,0.3322500413876605,84479.0,532242.631459933,3238,408025656,433221137,1083414,1374303,10293327,10188827,17195649,15311290,35921632,32995835,32953635,35209168,24921233,26575131,25408944,21058098,260247822,290508485
268,000777,2018-01-23,0.00956632653061229,0.005739795918367374,0.5543670195310594,15720.0,251917.63954021252,800,37679807,24666577,426589,979101,2602389,3989999,2335717,2681091,2990329,3594041,2441458,1870351,2340238,2120168,1394631,2647692,23148456,6784134
269,000778,2018-01-23,0.0,-0.007312614259597838,0.11273412363676705,6552.0,125685.96098255305,2362,57924956,28417322,2496591,1864668,8485029,6255885,7754491,6275937,8320826,5358361,4852421,4213721,2473116,1309930,2204984,2549686,21337498,589134
270,000779,2018-01-23,-0.009246088193456625,-0.009957325746799417,0.7141824831186762,13860.0,123388.82194148394,387,12104986,6543944,263559,309310,1105258,2040301,946011,1123689,1337663,1299770,2211275,478730,381682,314944,2551714,0,3307824,977200
271,000780,2018-01-23,-0.0019762845849802257,-0.0039525691699603405,0.18878449241932344,3021.0,41635.747849124135,718,8804576,4116674,1132217,198184,1689965,1325249,2424669,994431,2229806,701279,989571,0,338348,349272,0,0,0,548259
272,000782,2018-01-23,0.0013642564802183177,-0.0013642564802182067,0.3629897282020746,7400.0,38181.107923605705,407,4402797,4503493,374212,332509,1988617,1670937,1235402,1135890,586728,488993,217838,493180,0,381984,0,0,0,0
273,000783,2018-01-23,-0.004733727810650734,-0.011834319526627168,0.16848791763010468,22680.0,175307.7230858152,2519,110591176,72466598,2455627,1300726,12862513,9366339,15312058,10075197,20840365,12168264,12164553,11011194,4432276,7514964,6326048,5842254,36197736,15187660
274,000785,2018-01-23,0.043052837573385405,0.045009784735811964,0.23005012869909208,21120.0,299254.13289745984,1975,47632856,74670525,1201642,1187312,8983356,9517174,8089438,9511234,9695100,14067621,6695400,9523354,4388871,5185654,2283830,4438418,6295219,21239758
275,000786,2018-01-23,-0.00619834710743794,-0.0033057851239668423,0.4146171781384403,77280.0,617636.5897213798,3409,394724303,361689925,677969,790999,15341609,11327171,23861028,20174133,46402893,34278002,33803010,30110941,27570893,22512571,25429768,18287081,221637133,224209027
276,000788,2018-01-23,0.0,0.0,0.4611888149648347,8410.0,34162.52626239829,330,3337130,3049646,296167,421719,1480831,1330023,890901,611404,432915,267000,236316,0,0,0,0,419500,0,0
277,000789,2018-01-23,0.007317073170731714,0.00406504065040636,0.22526641011256768,51450.0,330669.16561325593,2989,198490093,216186787,1053130,1081115,12646922,13014045,17397825,17646247,32008457,35061068,21808003,24336065,18891225,13633971,11927861,17211664,82756670,94202612
278,000790,2018-01-23,-0.008010680907877266,-0.008010680907877266,0.31352117166890253,7480.0,39884.618582315925,570,8502003,3354532,854629,521296,2566810,1675643,2186825,553330,1708584,384746,0,219517,669155,0,0,0,516000,0
279,000791,2018-01-23,0.0012787723785165905,-0.002557544757033292,0.24481796546993784,8591.0,51693.01618895751,1020,17355800,10653426,1341084,871664,4372688,3293881,3254749,2636070,3602313,2570222,2516548,201756,1667060,1079833,0,0,601358,0
280,000792,2018-01-23,0.008754208754208737,0.0006734006734006037,0.26358311632454284,59132.0,379590.029821138,3178,284425815,243250560,1148819,702814,14036630,11944774,18422256,17742382,33829387,36046056,28908765,25409355,26732728,25930816,22169932,18099052,139177298,107375311
281,000793,2018-01-23,0.002083333333333215,-0.0031249999999999334,0.3307131309489941,19180.0,223425.86937621134,842,37824758,37369398,670868,771838,3517576,3585400,3955699,3315638,8711869,3322806,4524998,2250102,3299237,699392,1379994,2811814,11764517,20612408
282,000795,2018-01-23,0.0016366612111291534,0.0,0.14591171282529783,12747.0,118598.45948287362,1756,33047609,44985713,1519022,1596953,6946320,7232365,5408361,7816103,6913360,8110000,2641455,5133589,1285475,4284491,2659092,3462802,5674524,7349410
283,000797,2018-01-23,-0.0009149130832570851,0.0,0.38944638998657133,16410.0,122633.6664455234,787,20809100,22505974,465039,544894,3255273,3486030,3322386,2533004,3393124,3860269,3536627,4334364,309560,2573132,845360,1705520,5681731,3468761
284,000798,2018-01-23,0.0,0.008839779005524795,0.3404397063766567,11862.5,41557.47561567332,706,7651359,10856990,660541,830622,3163779,3374138,1902280,2532691,1257964,2200011,666795,1160673,0,300120,0,458735,0,0
285,000799,2018-01-23,-0.007412898443291294,-0.007412898443291294,0.5323194973924376,26730.0,145052.7341642793,2569,88866944,67226817,860337,2070271,14520084,13660432,13960557,12505330,12601844,14890621,9498124,6714355,8550977,4173131,3536757,3054479,25338264,10158198
286,000800,2018-01-23,-0.006694560669456062,-0.009205020920502016,0.25140331344203626,26136.0,173065.39637985502,2261,102605040,74861540,1230829,1215819,10614816,10561121,12991725,10416489,19359284,14764806,13335880,8872597,8662837,6734523,7032810,6316269,29376859,15979916
287,000801,2018-01-23,0.03623188405797095,0.02898550724637672,0.12745550602706596,42445.0,541478.8302625387,2951,220793679,253025012,1277565,1636877,9290719,11453388,12730294,15064580,27777586,26645828,21359550,21253988,16262433,21467668,16101684,18089839,115993848,137412844
288,000802,2018-01-23,-0.019188191881918892,-0.01623616236162362,0.4816139922592538,11961.0,95655.62064397841,791,16439069,7951213,716013,858283,3751289,3230688,2244642,1708762,3010453,905028,997064,298597,1701664,0,451230,0,3566714,949855
289,000803,2018-01-23,-0.0033653846153846034,0.007692307692307665,1.9410344993508108,4197.0,51582.94745652438,114,1488155,685199,38711,184037,291744,184901,173017,56214,104500,260047,208700,0,671483,0,0,0,0,0
290,000806,2018-01-23,0.0,-0.0010893246187363426,0.1819954907099821,22128.0,257585.4334877843,2551,96194044,101605737,1799188,1768947,13119258,13215942,15482473,9369736,16462890,12141783,11872690,5412152,3766455,3064061,3571823,3178325,30119267,53454791
291,000809,2018-01-23,-0.021164021164021052,-0.021164021164021052,0.1294616446026831,19980.0,127072.015942622,853,25404534,25058232,149714,1039037,3250741,5243757,2865942,4737548,6755925,4869810,2936893,1774335,3259753,1086211,477115,0,5708451,6307534
292,000810,2018-01-23,0.01538461538461533,0.006993006993006867,0.2264474317143522,7920.0,41379.26371714006,997,9483088,12446386,1029414,1046502,4028016,4129767,2353007,2935954,825860,2252149,1246791,856022,0,637656,0,0,0,588336
293,000811,2018-01-23,-0.0037359900373598043,-0.004981320049813109,0.3769213402663655,7990.0,78517.73096065395,453,9036395,4729685,388439,463762,1582168,1651607,1584314,778805,1896435,1187238,1532427,237303,371402,0,453033,410970,1228177,0
294,000813,2018-01-23,0.017421602787456525,0.010452961672473782,0.26235014106472926,1739.0,41972.15855189294,1077,8046621,8056731,919595,1033070,2150952,1870883,1778384,1121181,1928765,2209625,854329,701694,0,0,414596,424278,0,696000
295,000815,2018-01-23,-0.0036122817579770095,-0.005418422636965681,0.7400669393618875,9876.0,42328.842086218276,503,6050976,5395782,501012,472219,1954980,1964514,1368869,544971,1638626,1525225,255839,521453,331650,367400,0,0,0,0
296,000816,2018-01-23,-0.00340136054421758,-0.00340136054421758,0.0859322620974728,5567.0,127414.63332655864,1176,19818473,12907714,1085442,1121566,4028681,3384252,2233766,2025235,2019204,1553472,1777827,1928228,328160,325090,407270,928669,7938123,1641202
297,000818,2018-01-23,-0.014984227129337446,-0.014195583596214534,0.447064303593162,12560.0,63566.8997080711,804,13618341,8728061,459813,825716,3258187,4083520,2309903,1724694,2818475,1077101,1907681,675480,665508,341550,427112,0,1771662,0
298,000819,2018-01-23,0.0008976660682225024,0.004488330341112956,0.45188460056008445,11170.0,35317.82083544942,607,7696640,6237238,364075,602376,2598314,2784967,1718140,993049,2792111,1419959,224000,436887,0,0,0,0,0,0
299,000820,2018-01-23,-0.020526315789473726,-0.021052631578947323,0.3331446818510933,67752.0,379361.35012145696,3257,299945158,247513355,836882,1261037,10397698,14556414,18203265,21165945,34650740,35515829,31266646,29397251,39724336,26454877,22833627,27596265,142031964,91565737
300,000821,2018-01-23,0.002645502645502562,-0.006172839506172867,0.4333535903256655,11340.0,58471.41434839078,684,12738817,7620059,648446,532366,3511622,2855816,3102165,1133425,1644003,1696995,1149546,944213,1027110,0,458780,457244,1197145,0
301,000822,2018-01-23,-0.01148225469728592,-0.017745302713987443,0.21057478510794764,18800.0,110750.2223181435,2071,71091092,37192134,1756610,1792199,10669243,8680284,10772309,6940261,14194163,7518574,9116549,4902640,5799461,353440,3554073,2760134,15228684,4244602
302,000823,2018-01-23,-0.00448765893792058,-0.00448765893792058,0.3146675068204526,13450.0,138005.28740796074,1807,47743715,38874470,1043744,1247702,9365887,6703361,8115750,5504592,7452247,10577411,6495062,7560052,2294951,394378,2384956,868146,10591118,6018828
303,000825,2018-01-23,0.005660377358490676,-0.007547169811320753,0.098275664033193,16461.0,296203.5447037338,2921,164844186,108548978,2367220,1542984,12004954,9499899,10478097,10458743,20841892,12520442,13175520,10672527,9952098,8987455,8929396,6953935,87095009,47912993
304,000826,2018-01-23,0.015873015873015817,0.009841269841269762,0.6880659137486361,12712.0,243798.02177173705,2096,57726625,69951769,3417000,1158128,9073958,7207645,7077432,5666716,12148558,7479057,6705123,5061922,4943422,6874744,1395068,4791345,12966064,31712212
305,000828,2018-01-23,-0.004405286343612258,-0.006167400881057272,0.39337584364562256,9096.0,100481.9823259989,832,17212217,12095182,291406,1299562,1605818,4131903,1822245,1838157,3061832,1797493,1732744,989633,688380,0,1804650,0,6205142,2038434
306,000829,2018-01-23,0.00659340659340657,0.005494505494505475,0.31717076205967,4590.0,63293.19278085314,823,9292576,7542464,900011,941296,2251797,2121327,1651483,841907,1478590,1401793,861137,525534,0,1022948,457500,0,1692058,687659
307,000830,2018-01-23,0.006979062811565351,0.010967098703888567,0.34313715873949746,88836.0,402787.6180861878,3421,368714463,364302945,489046,673752,10646680,13268398,18630436,22161212,39748220,44190731,39107710,39560705,31120304,37922277,22780982,24801870,206191085,181724000
308,000831,2018-01-23,0.018502943650126058,0.011774600504625532,0.25515387055566496,24948.0,147195.61056787963,2173,77107811,75102850,1385513,1317873,9560219,10799510,10494898,12885464,14241670,14413107,9645299,11599277,6616908,5987147,6219794,5315368,18943510,12785104
309,000833,2018-01-23,-0.002844950213371278,-0.005689900426742556,0.256272706473915,10500.0,49018.568995788315,752,12635302,6429638,891321,665409,4618068,2323693,2772511,1277527,2545528,594583,653846,236938,618402,699688,0,0,535626,631800
310,000835,2018-01-23,-0.0012195121951219523,0.0,0.3265142254643541,10614.5,53011.44661148315,630,10062272,7112294,499654,898931,2584365,2559038,1997259,1551291,1749159,1129056,1357943,458199,927854,0,946038,0,0,515779
311,000836,2018-01-23,-0.018404907975460127,-0.018404907975460127,0.11274103341892362,13041.0,157280.4599822882,1887,55923847,41010221,1421032,1934307,8550599,8046949,8354616,5344891,8147034,6130814,5964065,5521847,1382855,1001955,5616309,2789841,16487337,10239617
312,000837,2018-01-23,0.0066225165562914245,-0.0016556291390728006,0.26805671574695317,12060.0,62004.854214257524,507,8321343,5443394,400855,478998,1972888,2262749,1525084,2198143,1117162,241368,286900,262136,329784,0,1392220,0,1296450,0
313,000838,2018-01-23,0.019966722129783676,0.019966722129783676,0.15617765686552537,13984.0,101853.469685349,1482,25996801,36353531,1111502,1410415,6040545,7729514,4632570,5818938,4556479,5833896,4039734,6018941,1426358,1684213,1809823,2177288,2379790,5680326
314,000839,2018-01-23,0.016091954022988464,0.019540229885057547,0.16461303468009778,28127.0,259886.7758502993,2797,141267661,163770964,2109736,1638457,12892809,11093859,14348490,15636308,19536714,18748533,15047520,14476892,11688246,9703062,10715431,10907441,54928715,81566412
315,000848,2018-01-23,-0.01051625239005749,-0.008604206500956169,0.24821912300452317,9351.0,60043.714684388244,1779,27280205,15397519,1693470,1365377,7755873,5733359,5780667,3672405,3758518,1479422,2397402,1254496,1647267,958250,867587,417150,3379421,517060
316,000850,2018-01-23,-0.006479481641468721,-0.008639308855291628,0.22685271149706918,9210.0,137937.62274784024,416,12299835,5367019,389627,402971,1854822,905107,1594236,1252776,1664316,1340768,1568283,266336,747278,0,416083,0,4065190,1199061
317,000851,2018-01-23,0.003504672897196137,0.0,0.3345542491910507,8590.0,100883.27433953379,654,13212831,11171419,639084,648188,2874296,2158602,2098855,1152000,2612676,1795295,1809952,951719,0,0,837900,477906,2340068,3987709
318,000852,2018-01-23,0.010224948875255713,0.007157464212679043,0.2946738492282763,11856.0,54173.70725905122,1101,18655637,15300494,1179956,1460763,4933053,4710847,4489346,3503125,3316318,3769190,1799749,769985,619306,673080,1808981,413504,508928,0
319,000856,2018-01-23,0.02102803738317771,0.016822429906542258,0.42209463559456145,32160.0,150248.613188269,2572,91707616,109543275,1152412,1226789,13138049,13729106,14377405,14564015,18476005,16640822,12627638,15677359,7408064,9326600,9750801,9854293,14777242,28524291
320,000858,2018-01-23,-0.007852245078522557,-0.00906879009068795,1.5084894388482286,429792.0,1096304.656018981,3593,1278059889,1289365128,31216,71251,1302280,1756878,6665826,8894561,32576411,38117014,50983684,56153806,51839479,65252424,63873426,74004922,1070787567,1045114272
321,000859,2018-01-23,-0.004739336492890933,-0.007109004739336289,0.23168279976474299,8841.0,40772.20758313436,331,5120936,2854461,304734,296544,1518806,1236457,1560502,784892,677516,286248,756138,250320,303240,0,0,0,0,0
322,000860,2018-01-23,-0.0014605647517038634,0.0014605647517040854,0.4387851658747718,20430.0,122687.79591241425,2192,63760537,61651175,1200237,1805960,9805959,7977792,14989606,8492435,14859004,10054653,9815453,6459720,3904355,3926583,3479077,6472736,5706846,16461296
323,000861,2018-01-23,-0.0031948881789136685,-0.0031948881789136685,0.13609319674338943,2198.0,48438.35102506139,529,4272372,3539686,331662,559586,1165807,788671,596689,674310,187512,729598,280810,464961,672986,322560,411016,0,625890,0
324,000862,2018-01-23,-0.0020408163265307477,0.0,0.3358328515276362,5373.5,27373.152111171148,212,1642191,1655347,283461,190099,825526,603663,334754,396493,198450,465092,0,0,0,0,0,0,0,0
325,000863,2018-01-23,0.0018939393939394478,0.005681818181818121,0.237157996953138,9504.0,48472.382828078225,495,4717518,7529541,400292,483638,2115971,1996166,922807,1106086,773256,1368692,505192,1175717,0,1399242,0,0,0,0
326,000868,2018-01-23,-0.010273972602739656,-0.013698630136986245,0.1564378862689765,39825.0,244065.2630790074,3143,165217823,122596489,1503686,1542036,16203486,15496513,22676310,21970546,25399123,28695481,18338166,14562383,10885131,9603228,10610425,7745237,59601496,22981065
327,000869,2018-01-23,-0.004159085001299578,-0.006758513127111954,1.1768754476380756,19135.0,109113.48774622667,1068,28608837,18949917,638086,842017,5727525,6565430,4351479,3044463,5226930,3062363,1788781,2541474,2732217,668388,1384195,925502,6759624,1300280
328,000875,2018-01-23,-0.016172506738544534,-0.016172506738544534,0.09440716497791644,17157.5,134991.00498866988,1550,45006521,21974026,928841,1507919,8458527,6086346,13151768,3028511,3806734,3235104,2278858,1543749,1065485,2047351,440400,483486,14875908,4041560
329,000876,2018-01-23,0.009685230024213176,0.012106537530266248,0.15217119319936243,35883.5,179614.4120178627,2952,141044831,136033553,1698356,1475580,17205259,11145889,18478289,14592955,22722703,21523620,14863837,18257559,12656272,9336391,12075335,13601964,41344780,46099595
330,000877,2018-01-23,-0.021008403361344574,-0.014285714285714235,0.2215576825287748,38808.0,199567.83911955904,2889,160169086,130421213,1045052,1390776,12727322,14335983,17470055,19338045,24328174,24935207,19463943,15607156,15654240,14666769,10761802,8368891,58718498,31778386
331,000880,2018-01-23,-0.010638297872340385,-0.005319148936170248,0.5808368513316187,9370.0,48840.955674490484,261,3532286,2812783,374607,297897,1048414,1084928,624701,535812,409328,894146,541922,0,0,0,0,0,533314,0
332,000881,2018-01-23,0.03899268887083651,0.04142973192526389,0.33567268038789444,17955.0,93701.28926042368,1346,28140420,35068512,1052854,838685,6561041,5705530,5922423,6283342,6265308,8088241,3445067,4945418,1053630,2808507,940620,3256484,2899477,3142305
333,000882,2018-01-23,0.0,0.0,0.12425841947777067,6100.0,91897.80363063271,607,10912505,5047996,548443,656654,1873581,1630131,2190952,749411,1412509,640592,457470,245600,678708,636480,1377446,489128,2373396,0
334,000883,2018-01-23,0.0021008403361344463,-0.004201680672268782,0.11777585313043866,3800.0,135724.52775676828,1637,23158189,16598141,1074928,1799888,2362428,5585253,1495304,1382126,2130129,2411271,1960620,1198875,301301,1434003,1374473,948000,12459006,1838725
335,000885,2018-01-23,0.029859484777517764,0.022833723653395754,0.3577509179289536,27927.5,142330.19922157328,2280,67499220,87512381,1255839,1254783,12871828,11524785,12267749,12638018,14603376,18553248,6357289,8362230,5059757,5239628,3857305,4425244,11226077,25514445
336,000886,2018-01-23,0.037283621837550074,0.031957390146471365,0.17267872814929477,37632.0,295889.9579119735,1897,104713318,135822955,749576,1523399,5565460,9253870,9755258,12688664,15553745,15753681,12037098,10342434,9667002,9121139,9708818,4019639,41676361,73120129
337,000887,2018-01-23,0.002858776443682043,0.0017152658662094034,0.5037453659085622,14063.0,75258.94183298688,1205,26097145,18185005,705981,1184853,5053753,5015359,5273633,4697683,6116412,4572860,1911554,412830,1483796,630270,1451653,443750,4100363,1227400
338,000888,2018-01-23,0.0076045627376426506,0.000950570342205248,0.35016114784486324,7357.0,62271.28330977771,902,13302895,8649293,482991,1307230,3033420,2957989,2519273,818904,1830606,1953898,1477404,980927,1008777,630345,916954,0,2033470,0
339,000889,2018-01-23,-0.005417956656346812,-0.017801857585139302,0.5482087474003745,5144.0,113645.67415729741,557,9189484,11603000,331427,859379,886872,1411169,562537,1052546,425040,993820,773262,703890,2169266,396030,873310,0,3167770,6186166
340,000890,2018-01-23,0.015151515151515138,0.015151515151515138,0.3554881421744036,8040.0,90017.74216198032,344,5565052,5420207,365753,255755,1584417,1090706,583139,1065873,872249,1317269,940158,423124,0,0,0,496980,1219336,770500
341,000892,2018-01-23,0.03100775193798455,0.012919896640826822,0.3715806295188637,8536.0,53943.35725376317,433,3812782,7798264,324317,411998,1352779,2148763,712356,1436733,704086,1810572,0,1395782,310000,0,409244,0,0,594416
342,000893,2018-01-23,0.03150684931506853,0.012328767123287676,0.17779261968217316,14500.0,540177.804120999,1699,36801908,71147816,921780,1868554,5569000,8438560,5314265,7446267,7881393,7332244,5669183,3508174,5478973,2052103,1821929,2603810,4145385,37898104
343,000895,2018-01-23,-0.009414929388029458,-0.013786146603900429,0.5544258173706472,29230.0,161968.71860574852,2880,122516696,93990944,1866286,1935421,14007855,13391433,17191254,11390117,24607479,19403508,14971393,7743736,9885063,11050772,3966723,10042770,36020643,19033187
344,000897,2018-01-23,0.011049723756906049,0.011049723756906049,0.09976203435487165,5840.0,59822.75894778601,1320,12972841,16249508,722386,2111361,2909731,4796074,2113560,3221120,2758809,2740236,772724,249978,776355,1094608,1304317,946687,1614959,1089444
345,000898,2018-01-23,0.001404494382022392,-0.0070224719101122934,0.12895357176015748,28843.5,226583.58236241862,3058,152324154,160936870,987139,1296420,11368042,21217880,13979954,16255795,23478324,20056515,15216857,12180758,15660040,10902517,12121696,11584200,59512102,67442785
346,000899,2018-01-23,0.0,-0.0034482758620688614,0.38500876453211297,8381.0,44981.97751509176,226,3170909,1822037,146520,178066,1114821,533436,761754,193906,916614,247095,231200,232800,0,0,0,436734,0,0
347,000901,2018-01-23,0.017597888253409577,0.018917729872415245,0.6167214720241786,22680.0,105176.75432084566,1358,39767978,36698818,1011096,861386,7038342,6172143,6565787,5029763,8700618,7497518,4448248,4588273,3839824,3291084,1811968,4477683,6352095,4780968
348,000902,2018-01-23,0.022244691607684386,0.011122345803842304,0.27403056507984025,8883.0,64746.60509102463,1303,14405542,21399020,962501,2202568,3513788,4169933,1759851,4215238,2863039,4601971,1162020,2461000,703109,1048482,2264634,942455,1176600,1757373
349,000903,2018-01-23,0.0,-0.00291545189504383,0.14884851740107138,6880.0,58205.9993984368,531,8969571,4541013,442971,508396,1979382,1329883,1625627,915982,1623719,1049216,871858,0,1007874,737536,872650,0,545490,0
350,000905,2018-01-23,0.010968921389396868,0.010054844606947055,0.3500807795825167,13104.0,89779.99438019097,976,18955856,18267171,941667,705500,5060656,3929836,4326939,3455380,3982967,3220327,1958593,1881889,1666134,311348,460900,1340506,558000,3422385
351,000906,2018-01-23,0.019181585677749302,0.020460358056265893,0.23896503491540036,20012.5,96077.33015646714,1072,23679846,27244491,785520,866941,4453116,6113218,3726272,4965605,6108775,5112037,2818982,3443741,1335992,650449,1316512,2757592,3134677,3334908
352,000908,2018-01-23,-0.0016286644951140072,-0.006514657980456029,0.2975596709661225,9872.0,92092.49947829427,425,12534525,4670431,327808,273497,1205746,1584037,1365236,773229,3194035,1539281,2075770,0,608780,0,403920,0,3353230,500387
353,000909,2018-01-23,-0.009652509652509633,-0.013513513513513375,0.51301721076103,8232.0,53846.91669777455,407,5656067,3056754,399796,293429,1625434,1483460,885845,413742,760220,866123,1150212,0,0,0,0,0,834560,0
354,000910,2018-01-23,-0.014062500000000089,-0.01562500000000011,0.6055631429833068,17678.5,108406.58037779748,1790,46457344,30174111,913898,729436,13951042,6464205,7430942,5475090,7409163,3899681,5712458,5421265,2684228,2778132,1317651,1277952,7037962,4128350
355,000911,2018-01-23,-0.004376367614879806,-0.004376367614879806,0.351079114974062,6391.0,35895.39755341895,677,8552117,3944224,833353,646925,2821798,1622293,1513198,1048968,2041329,385673,1032699,240365,309740,0,0,0,0,0
356,000913,2018-01-23,0.0010695187165774556,0.004278074866310266,0.9873007003063667,16911.0,65322.25520489791,358,6221096,5828904,332899,330807,1616405,1379290,1567597,1409586,886486,1481422,551482,0,608227,755799,0,472000,658000,0
357,000915,2018-01-23,-0.0007142857142856673,-0.0025000000000000577,0.6116293945390192,11184.0,113061.19726657856,2096,52835924,42151434,2920777,1242119,9422151,6261877,7941620,5929641,12341609,8091817,5964927,4019642,4650724,2412588,2300203,1794676,7293913,12399074
358,000917,2018-01-23,0.0,-0.004711425206124997,0.25642287961016647,13528.0,102522.19068367739,1096,28116002,25430890,832878,1066455,3316115,4880971,5877509,4946947,4106753,4067139,4404464,3258535,3464747,1031876,1691273,1804811,4422263,4374156
359,000918,2018-01-23,0.008141112618724522,0.014925373134328401,0.20767495000034733,16269.0,230876.3734192092,1260,34310238,47259233,913972,1012804,5110828,6097640,4646612,5557252,5483414,6394713,5033029,5264276,4370026,1838263,0,1760509,8752357,19333776
360,000919,2018-01-23,0.022099447513812098,0.024309392265193353,0.24740518123339048,18500.0,148207.79526625937,1338,24104750,40027780,1303636,1147621,6060724,6669234,7368667,7446631,5520959,6608486,1901552,4619219,1090764,638686,858448,2348603,0,10549300
361,000920,2018-01-23,0.0020746887966804906,0.0,0.37935792981817384,9720.0,59302.329334371505,645,9838805,8779454,833474,872872,2904239,2938062,1471112,1793660,2020631,1125082,1251372,591903,387200,354531,432460,429944,538317,673400
362,000921,2018-01-23,-0.0006414368184733954,0.0006414368184732844,0.32738567098837973,20526.0,175227.03747387114,2269,84342010,66570242,1468124,1663159,12948896,11049069,9384161,9386977,12543970,11951029,5170708,5334862,6161802,5287558,5023516,3448529,31640833,18449059
363,000922,2018-01-23,-0.010152284263959421,-0.012690355329949221,0.339883549373426,10231.0,65716.06010552129,537,11752691,5365535,434159,587219,2321824,1866642,2168922,1212504,2831497,1477581,1388365,221589,626768,0,0,0,1981156,0
364,000923,2018-01-23,0.005330053300532933,0.005740057400573928,0.6065154273847582,24240.0,70610.19515901142,1617,31746540,42415647,1141810,1185798,8102837,9021699,8366076,8922740,9178002,9818135,2894949,4737088,1646626,3459057,416240,1427035,0,3844095
365,000925,2018-01-23,0.02109090909090905,0.00290909090909075,0.6037127532941758,11008.0,94530.01358820859,518,9858879,6137394,300177,592563,2081097,2326313,1319583,1085336,1595058,1849178,1208571,284004,1063120,0,460920,0,1830353,0
366,000926,2018-01-23,0.014285714285714235,0.010084033613445342,0.2364243883862537,31226.0,208719.3186940938,2535,100962596,136458346,3701546,790832,9808469,13307181,10640718,15478028,18954645,23592595,10303805,15412408,9854941,12169811,6240026,6275674,31458446,49431817
367,000927,2018-01-23,-0.006711409395973034,-0.01118568232662187,0.13900656590062835,8840.0,77891.481387401,1035,21455303,7574678,985364,1165673,4383289,3618356,3064194,1256734,4589156,1023511,2180947,510404,739564,0,441000,0,5071789,0
368,000928,2018-01-23,-0.001474926253687392,-0.008849557522124019,0.1946123633647453,14784.0,105642.30650560748,1214,37832212,18743242,997624,980341,6669103,4206209,6517459,3227205,6247023,4458663,3227576,2971772,2029524,1701788,2275365,456538,9868538,740726
369,000929,2018-01-23,0.008665511265164794,0.0025996533795495935,0.6875903368808662,11690.0,95746.92264317135,281,6343565,4528660,158817,227171,1330607,1149593,931488,661746,1036611,768599,1136879,287346,364455,0,0,466000,1384708,968205
370,000931,2018-01-23,-0.004285714285714337,-0.0014285714285714457,0.22770629042456558,11184.0,71052.74780555224,945,17484940,12994310,858076,959832,4392102,3050749,4245742,3112440,2982551,1094053,2184121,1234192,1819280,1359374,468268,400078,534800,1783592
371,000932,2018-01-23,0.009803921568627416,-0.005446623093681824,0.19187207072078,27555.0,283403.3329769512,2292,141428818,111472588,1717621,1258373,10831894,8973839,12989345,9961056,18773550,14765248,10750898,12230806,12626298,7493087,6073671,9621579,67665541,47168600
372,000933,2018-01-23,0.010628019323671634,0.004830917874396157,0.1764335966825302,105200.0,376294.6555472287,3447,405066701,387756769,521075,469307,10144515,11734677,21654293,24433447,44304142,46618156,45846562,38451770,37744584,36446035,23867293,31836180,220984237,197767197
373,000935,2018-01-23,0.054786939679025926,0.050913115661316954,0.32267505140739144,51880.5,201329.24922270692,3140,160086110,201983338,1234238,1356411,14183547,12791671,19777700,19524928,34990092,35939144,22529194,24485572,14360386,20980289,12103311,17496468,40907642,69408855
374,000936,2018-01-23,0.004491017964071808,0.004491017964071808,0.22578433169911574,10095.0,57336.87752448171,875,13179283,13659580,1064381,728752,3285569,3357537,2761939,2710487,3585431,2907625,2146963,1884221,335000,0,0,1433508,0,637450
375,000937,2018-01-23,-0.009787928221859588,-0.014681892332789492,0.1297482812195779,15859.0,151622.2286991959,2239,79582083,44116752,1480070,2033698,7616212,6572885,15992391,7479292,19643676,6600347,7264853,5795197,7111128,3694130,2689228,3611434,17784525,8329769
376,000938,2018-01-23,-0.011879699248120379,-0.011278195488721776,1.6489381558461458,26372.0,153501.70350446418,1626,64149352,42362846,1215447,1075198,8072269,7318287,12979426,7813492,10057895,7738476,8752179,3609858,3771483,4057024,4517146,3437152,14783507,7313359
377,000948,2018-01-23,0.0,0.0009615384615384581,0.6261426912070971,9396.0,44230.2001185101,275,3956077,2067874,250430,171326,1500436,791071,647581,702831,553238,196650,255645,205996,319640,0,429107,0,0,0
378,000949,2018-01-23,-0.004807692307692402,-0.0024038461538461453,0.24435570656337177,6225.0,43201.442908143756,289,4234151,2127809,256835,267922,1352968,848632,598515,390845,1215858,412910,489595,207500,320380,0,0,0,0,0
379,000951,2018-01-23,-0.01621308627678064,-0.01968731905037635,0.4448795191265736,15246.0,120849.83182841082,1507,39816393,25724878,992239,1410317,5990385,6902308,5144588,5011567,7278912,5725968,3914880,1864136,1990763,378131,1337966,424534,13166660,4007917
380,000952,2018-01-23,0.0028248587570620654,-0.004943502824858781,0.7118670356844399,14110.0,75684.9689799437,395,9627392,4649276,327904,385762,1484646,2120760,1594711,1086518,1428278,1056236,720120,0,1412814,0,1359804,0,1299115,0
381,000953,2018-01-23,0.007989347536617952,0.003994673768308976,0.29272537466504706,8294.0,52252.5323635519,658,9933783,5225063,649704,715669,2901060,2544994,1512079,913292,2517417,312351,662155,297920,1012768,0,0,440837,678600,0
382,000955,2018-01-23,0.0029239766081872176,0.0,0.28639967166500835,6800.0,107803.87472472845,570,9118098,8101621,335948,568785,2041091,1843597,997999,1475873,1746706,1745490,1085040,965791,0,679400,0,0,2911314,822685
383,000957,2018-01-23,-0.009276437847866359,-0.007421150278293154,0.3204792650504031,10830.0,62795.49805294724,1131,22331587,12639396,958931,966078,5889122,5085772,3183149,2766104,5141309,2088596,2057864,1038202,642156,694644,1287740,0,3171316,0
384,000958,2018-01-23,-0.007722007722007707,-0.007722007722007707,0.1667843451860382,7725.0,94509.85231637587,965,15929684,11733871,1015584,865139,3769066,3073683,2503082,2068282,2658033,1663184,1241922,878472,1373510,1087866,0,499200,3368487,1598045
385,000959,2018-01-23,0.0016233766233766378,-0.006493506493506551,0.15597945773774508,6120.0,52763.702686765755,1562,17324931,12679792,1498201,1355648,4349499,6123104,2393508,1334816,3250531,1627899,2071766,986561,955533,305000,986176,0,1819717,946764
386,000960,2018-01-23,0.08501742160278747,0.05505226480836245,0.24700515915204563,110646.0,610331.6588789716,3386,421322914,546102643,657759,715952,11036562,9743716,19132205,15394646,51203456,41502013,35486342,34463320,34169682,31952487,30146379,24336046,239490529,387994463
387,000961,2018-01-23,0.03145478374836186,0.02752293577981657,0.1390351367284466,45414.0,359175.36800376314,3021,206377232,283510272,1317692,1439560,10836508,12158091,15876674,16679057,27419052,27873837,17268930,25253933,15826464,22427362,16513697,16435912,101318215,161242520
388,000962,2018-01-23,0.05672009864365002,0.05055487053020968,0.21394135567006267,14492.0,230158.9708650066,1448,28892600,51337352,1194973,1347818,5628167,6041657,3806916,5984373,6432069,6937751,4706563,7057947,2460437,2463425,2745314,4036367,1918161,17468014
389,000963,2018-01-23,-0.010602579961123904,-0.01431348294751722,1.23408737015334,33816.0,146628.4162672343,2105,100069982,65202056,1244493,894232,7426354,10056918,11098610,13962919,21937445,12282304,22997967,8833734,7189807,3737769,3165203,1805190,25010103,13628990
390,000965,2018-01-23,0.02020202020202011,0.011784511784511675,0.17518410494054112,12030.0,58846.307444323305,1150,17828833,20491130,902643,988769,4441702,5925719,3847581,4167160,5010689,3948095,2329311,1314310,702695,3167027,0,450892,594212,529158
391,000966,2018-01-23,-0.010389610389610393,-0.010389610389610393,0.15637364303798204,4596.0,138548.28969070927,606,15840487,7153024,608617,665419,971141,2073751,744690,688762,2421868,462684,1812781,441276,1058994,685068,882713,403756,7339683,1732308
392,000967,2018-01-23,-0.007717750826901959,-0.009922822491730932,0.3032906739374243,17850.0,103614.13988214648,894,23517539,11806906,670933,719392,6347558,2406851,2479265,2583546,3062142,1423435,1000809,1762514,1076263,985793,2173687,1306603,6706882,618772
393,000968,2018-01-23,0.01754385964912286,0.01684210526315799,0.4208138091429168,12978.0,53636.55249135925,1147,15708178,18912400,1176261,826725,5058315,4024198,3838064,8040476,3258326,2472263,1005068,2533382,0,0,460800,466256,911344,549100
394,000969,2018-01-23,0.0023419203747074846,0.003512880562061005,0.26684421745926773,9443.5,68906.20827457056,1024,15818984,17397637,1108901,1003378,4111141,4285648,3577342,2988848,3670924,3382540,1687744,1543224,1071602,1066910,0,438757,591330,2688332
395,000970,2018-01-23,0.010574018126888296,0.005287009063444037,0.2778697128006517,26720.0,160937.85753435962,2271,87778367,89521586,1273754,1485367,9365743,11277187,10665644,13130221,18887287,16544115,11288277,11000437,7778684,7985033,5554954,8312458,22964024,19786768
396,000971,2018-01-23,-0.004861111111111094,-0.007638888888888973,0.45640838381082327,14330.0,55270.57845053977,995,19130269,10889061,823111,858431,5215711,4874031,3682017,2200093,4386194,1671911,1698685,965036,1600737,319559,856934,0,866880,0
397,000972,2018-01-23,0.01781170483460559,0.0025445292620864812,0.21517213294137857,7820.0,63694.12544171933,333,4514593,2972918,359366,319109,1093083,1061132,1022201,327039,470400,1265638,244216,0,395920,0,0,0,929407,0
398,000973,2018-01-23,0.03529411764705892,0.036974789915966255,0.14341958525010567,17332.0,171673.36852029446,1725,53202937,55394703,1431763,1157506,7393347,7306418,6751306,6757894,8142483,9182164,7982104,6427954,6097999,4606059,4170052,2746061,11233883,17210647
399,000975,2018-01-23,0.004752206381534396,0.005431093007467691,0.4534204899897786,11896.0,71413.45501275366,1055,15820885,24491478,485059,813483,2766331,5669622,2877544,3808245,4051657,6409950,3398375,2746648,1283424,1957453,958495,872402,0,2213675
400,000976,2018-01-23,-0.007444168734491385,-0.006203473945409543,0.4290834145853955,8811.0,61033.13741205232,352,7743533,3588810,203474,380731,1161645,1156053,1959264,877359,1077479,714057,2158071,460610,640400,0,0,0,543200,0
401,000977,2018-01-23,0.013994169096209985,0.012827988338192542,0.35210064587740275,32623.0,260393.29479774233,2373,102575906,128580344,1141279,1390482,10596944,12620403,13360688,13870621,15202419,18282789,11317643,11007321,10588804,10798018,6576940,6257874,33791189,54352836
402,000978,2018-01-23,-0.014184397163120699,-0.007092198581560294,0.29805778718975934,7569.0,66204.05890855473,805,14334377,6562972,1033487,459945,2872918,1895292,3209429,1595611,2656533,1790917,985609,491985,0,329222,1263033,0,2313368,0
