,code,date,pchange_whole,pchange,change_std,amount_median,amount_std,length,sumsell,sumbuy,sell_vol_0,buy_vol_0,sell_vol_1,buy_vol_1,sell_vol_2,buy_vol_2,sell_vol_3,buy_vol_3,sell_vol_4,buy_vol_4,sell_vol_5,buy_vol_5,sell_vol_6,buy_vol_6,sell_vol_7,buy_vol_7
0,000001,2017-09-01,-0.00620567375886516,-0.005319148936170137,0.19907626822705687,65888.0,787313.6788050943,3216,394548478,426848850,505593,1211326,9055359,15511814,15082890,21237631,24825952,36326647,27928878,32685948,16181806,24709192,20452770,23609994,280515230,271556298
1,000002,2017-09-01,-0.016337059329320835,-0.013757523645743786,0.41477439931779736,55320.0,489123.7085475061,3146,280799528,265822134,929732,1422927,11147086,15542912,14625239,19289984,33881094,40879924,27365142,26261936,18524369,20024459,18274855,15536460,156052011,126863532
2,000004,2017-09-01,-0.003454231433506094,-0.0038860103626943143,0.9448356634004315,11530.0,46598.46317002742,600,8872736,6243590,809732,500987,2504672,2875364,2039054,1512954,1713812,321090,669398,231100,727375,399111,408693,402984,0,0
3,000005,2017-09-01,-0.004089979550102152,-0.002044989775051076,0.1702708504051833,5368.0,39967.022891208915,825,9155158,6375425,994180,862762,3236451,2045855,1967514,1138809,1846194,1301384,653493,539615,0,0,457326,487000,0,0
4,000006,2017-09-01,-0.008244994110718551,-0.005889281507656108,0.19361039407064629,16840.0,94577.7042684378,1925,38482404,42211484,1250927,2192273,10072636,8756701,5510775,7493415,8012573,9930420,5052368,3224411,2448036,700884,1716917,4307791,4418172,5605589
5,000007,2017-09-01,-0.007682458386683688,-0.004481434058898781,0.6128135158224944,10850.0,61129.740904786035,649,11931259,7609296,660896,648524,2258041,2594136,1839097,2009135,2697490,1820741,2192380,227760,1007912,309000,447433,0,828010,0
6,000008,2017-09-01,-0.004987531172069737,-0.007481296758104716,0.2384758139743302,9624.0,98367.42287565442,1131,24943720,18070373,825734,1535235,4383528,5071743,2667541,3444738,2112844,2870674,1983817,1301324,2135547,1677465,2791840,905152,8042869,1264042
7,000009,2017-09-01,0.004678362573099282,0.004678362573099282,0.1767011664744387,25890.0,244465.9250700318,2344,111081100,91942437,1490012,1805038,10873790,11750634,11983545,13628525,15973721,15856108,9997023,9048001,8013807,7532901,4017724,7690852,48731478,24630378
8,000010,2017-09-01,0.0,-0.001984126984126977,0.19979674699842007,5533.0,43546.71579816429,636,8779069,4343579,707851,413808,1808413,1672570,2646334,1185766,1783535,373768,917894,697667,0,0,402400,0,512642,0
9,000011,2017-09-01,-0.012569130216188995,-0.014077425842131785,0.4037470011179508,25363.0,121615.12991785129,2427,88879795,63552037,1788930,1756976,12123058,11735008,15879090,12284638,18300664,11562525,10172175,7923312,8893731,4827419,7996548,2616862,13725599,10845297
10,000012,2017-09-01,-0.002328288707799664,0.002328288707799775,0.22665322716889783,15480.0,190753.09810797367,1437,51541643,30292965,1367310,1217202,7165687,6073275,6630008,4629386,8176498,4297843,3017160,3409562,1809816,2027052,1789878,3060876,21585286,5577769
11,000014,2017-09-01,-0.001769911504424626,-0.001769911504424626,0.717629777109583,10146.0,48387.24518948334,557,8031318,5724173,373970,563635,1581268,2865594,2124266,1001232,2179941,1293712,432904,0,664169,0,0,0,674800,0
12,000016,2017-09-01,0.010000000000000009,0.014999999999999902,0.1665715249529978,12080.0,135259.55618045037,1299,25568598,38308025,1104869,1155834,5384026,5578837,4041996,5641809,4143186,6799762,3416721,3206893,944995,710982,0,2732573,6532805,12481335
13,000017,2017-09-01,-0.002457002457002644,-0.0036855036855037993,0.33661712667009375,8124.5,49747.24735069126,584,10586902,4491833,628891,680386,2363988,2082584,1712082,1030258,2438774,465325,1949619,233280,684048,0,809500,0,0,0
14,000018,2017-09-01,-0.0024721878862793423,-0.0024721878862793423,0.18243359422113353,20200.0,107376.7744886861,1968,60583643,46386092,1727762,1327549,9541975,8628175,9604165,15325294,10140303,7750400,6881034,2676331,3900129,2120499,6905297,2966761,11882978,5591083
15,000020,2017-09-01,-0.0025813113061435855,0.0025813113061434745,0.6485511632659717,15552.0,44716.84575737453,892,14094097,11270861,999054,701731,4859911,5790614,3566953,1417980,2677860,1748927,429570,1222272,703295,389337,857454,0,0,0
16,000021,2017-09-01,0.0032679738562093608,0.002178649237472685,0.19161396858183044,13665.0,177102.63866745261,2298,63768142,48173919,1737486,2596144,9434151,10335679,10656002,7999601,10478767,7353614,5049438,5319217,3863347,2869547,846014,3552839,21702937,8147278
17,000022,2017-09-01,-0.019108280254777177,-0.02866242038216571,0.706482643513581,24696.0,134368.92147624277,1600,59015016,37422473,801018,1322073,8443724,8224891,7958162,6553402,12787067,6565991,7148317,3909330,2893755,1899826,2635204,405004,16347769,8541956
18,000023,2017-09-01,-0.007162753680859502,-0.0019896538002387443,1.0253284481894895,14993.0,45845.73688370937,600,8027575,9045886,390447,508502,2669220,3140401,2056530,1981046,2276810,1844511,634568,690210,0,359136,0,0,0,522080
19,000025,2017-09-01,0.005970149253731405,0.0014925373134329067,1.0589682256586757,23420.0,72144.59651321551,1961,44806754,40672247,1687142,2336858,9828023,10607991,10289399,11195671,10681050,6295839,5474157,5073539,2531847,1658896,1304376,881130,3010760,2622323
20,000026,2017-09-01,-0.0008347245409014992,-0.004173622704507607,0.4369799913633662,12040.0,85441.41616804012,751,18645344,10674210,591633,620928,3783141,3593609,2737669,1652189,3464741,2105333,2005587,704484,1068916,1400167,826401,0,4167256,597500
21,000027,2017-09-01,0.001512859304084735,0.0,0.16660421615019022,9900.0,51758.64520471762,1576,19633100,20763448,1069295,1563309,5322825,7693081,3398367,4869385,4022733,2874507,2850397,722220,1958462,1591923,495568,1449023,515453,0
22,000028,2017-09-01,0.00043497172683770735,0.0033347832390895338,1.7740909835804564,20772.0,138828.55746299302,1511,34779188,28872820,1031981,1110294,13379632,7852312,3773491,4502138,4250229,2977054,912668,2043572,2119329,2365341,837381,892566,8474477,7129543
23,000030,2017-09-01,0.006615214994487362,0.006615214994487362,0.19048795257722054,2735.0,52130.143201400526,2269,15607975,19540185,1185246,3531298,2845858,6001967,3018431,3408973,2705458,2294382,525311,1011563,0,1338066,2751080,410861,2576591,1543075
24,000034,2017-09-01,0.003047232097511454,0.001015744032503818,0.5369635573173733,21681.0,74987.65647874762,1345,37042652,22560319,936750,948768,9577554,5638875,9370960,4945527,7393288,6115891,3610368,1731732,2460245,773150,1807884,1625932,1885603,780444
25,000036,2017-09-01,0.013169446883230851,0.0070237050043897575,0.2091410431058617,41699.0,240540.24910197972,2969,173228433,150460280,986082,1108821,13850224,15695459,17451152,18519839,27594443,32396577,22543214,18688727,10179179,12933707,11085341,7883901,69538798,43233249
26,000037,2017-09-01,-0.010649627263045969,-0.009584664536741228,0.3803657825884823,13034.0,79822.56507311598,609,11752847,7437827,310393,739296,2167259,3091624,2995825,1376904,3034956,939251,0,953162,646180,337590,0,0,2598234,0
27,000039,2017-09-01,0.0021108179419524475,0.004221635883905117,0.40361398217240546,20757.0,185757.92470941754,2205,78570819,92751882,1131152,2292509,8377899,11504305,10199027,9667723,11300290,14356348,6596358,10934101,9048027,5857631,4461446,1858460,27456620,36280805
28,000040,2017-09-01,-0.007137758743754441,-0.0049964311206281975,0.4838056552044345,12568.5,151602.5771268099,838,15872218,22575923,268223,1253189,1697950,5592952,1106396,3731331,2565401,3921487,2073888,932236,1029534,2709993,0,805150,7130826,3629585
29,000042,2017-09-01,0.008343265792610355,0.009535160905840279,0.7412733504684667,15178.5,49571.705945386355,512,7440592,7380313,248032,752171,1589305,2716793,2601902,1948719,1811627,573148,700556,542982,0,318284,489170,0,0,528216
30,000043,2017-09-01,-0.007511737089201831,-0.005633802816901401,0.4793221614068079,10620.0,77821.99536953852,493,8656950,6799745,301006,632830,2178762,2158924,1562350,1124783,1381183,1229297,908884,747811,342792,0,425971,0,1556002,906100
31,000045,2017-09-01,-0.007263922518159771,-0.014527845036319542,0.2574632203286434,27126.0,124396.52925017162,2318,85100317,62333443,1448191,1164339,11469415,11668932,14198976,12371889,18351539,15293703,10410741,7887316,7557349,3905108,6211911,3430498,15452195,6611658
32,000046,2017-09-01,-0.004878048780487698,-0.008536585365853444,0.16274596082086287,4070.0,217788.71752676644,2548,53562348,16446732,5470381,1010386,7221866,5090585,3472102,2644247,3668820,2118191,1086015,771525,999587,986192,863154,1282085,30780423,2543521
33,000048,2017-09-01,-0.0007656967840734552,0.005742725880551136,1.28263783207897,7826.5,49783.150289736106,414,5304876,4686015,418875,411615,1475369,1529874,858279,1379806,814151,904820,488608,459900,665716,0,0,0,583878,0
34,000049,2017-09-01,-0.00926094062102778,-0.010713637189032177,1.335591623970726,27420.0,125853.17091806218,1700,68222396,50635728,673220,842081,9485237,9269426,8307154,6695004,15540080,10154419,10045396,8789593,4856669,2606820,2169323,3514472,17145317,8763913
35,000050,2017-09-01,0.010638297872340496,0.021702127659574577,0.41811105876877885,82512.5,468300.56603429833,3160,305605123,387357605,629980,902414,10404927,13536551,15724958,21870082,37585120,39360208,28817278,34944258,26750164,29856402,18856796,24355070,166835900,222532620
36,000055,2017-09-01,0.010349288486416475,-0.0012936610608021981,0.19025176002050076,10752.0,133616.2672964343,1653,34583459,29888160,1436991,2395178,6225334,7145677,5419283,6076993,4148707,4248213,3341313,2984813,1823203,2413936,906840,930236,11281788,3693114
37,000056,2017-09-01,-0.0007923930269413404,0.0023771790808242432,0.719207521871686,11412.0,23903.65951918911,307,2630163,2761557,190241,346945,1040913,1659052,795973,504160,603036,251400,0,0,0,0,0,0,0,0
38,000058,2017-09-01,-0.002600780234070288,-0.007802340702210753,0.24363431617335393,7620.0,64204.10648783217,996,15723993,7995593,872225,815386,3600276,3074315,2855280,1766417,3720343,1904428,1890116,435047,0,0,1272124,0,1513629,0
39,000059,2017-09-01,-0.0033755274261603185,-0.005063291139240533,0.23336701510101038,38064.0,357337.7228450423,2580,181380796,158529808,792122,1505242,10769485,13111652,12907005,16536566,22195264,21893296,15184176,14792177,11688544,10597228,8150909,11848948,99693291,68244699
40,000060,2017-09-01,-0.001519756838905706,0.0,0.2212377102880532,143745.0,660217.8916786764,3543,484811403,618142892,259710,458648,9459011,8883882,20664938,22182918,48366890,57974324,55561497,47605529,38685277,39439135,31993213,36214833,279820867,405383623
41,000062,2017-09-01,0.003603603603603567,0.00108108108108107,0.6370479860592555,24768.0,110133.5906910363,1898,62117903,45381415,1227076,960390,10737038,8942732,12496762,7649906,14144039,7700665,5369678,7806775,4399501,2395274,3589763,1790502,10154046,8135171
42,000063,2017-09-01,-0.007959782153330597,-0.00670297444490997,0.4307608973371467,68904.0,653042.2365150353,3073,359083505,290208742,850253,743964,14713685,11238542,21170113,20743880,36643683,35960800,30019392,22436964,20642960,18858290,11979502,13012843,223063917,167213459
43,000065,2017-09-01,-0.007627118644067732,-0.005508474576271349,0.701484979294553,25833.5,73934.5179424767,1132,34296673,20928809,579453,732452,5660175,5849304,14867675,5651061,6079252,4036014,4286464,1225628,1346078,394632,934696,469400,542880,2570318
44,000066,2017-09-01,0.005931198102016699,0.005931198102016699,0.17005423349420426,19343.0,162560.1454906637,2460,70156320,94716762,1251269,2104774,9237067,14527780,8553248,11844000,12771472,15024591,7433893,8586142,4433608,4435711,3060799,9064268,23414964,29129496
45,000068,2017-09-01,-0.004373177842565634,-0.001457725947521915,0.2351426847056009,6840.0,64940.78739508971,851,12525675,10341946,341224,1496402,2582229,2881821,2229532,2090857,1923156,1722770,1815166,746741,2100110,0,0,888303,1534258,515052
46,000069,2017-09-01,-0.0022962112514353095,-0.006888633754305484,0.16249009152819988,44064.0,162884.08019442472,2881,103461145,109864591,735112,2355068,7083112,11095913,30201950,26145695,19821293,16384435,12894917,7869181,5176529,7018079,2815671,6164460,24732561,32831760
47,000070,2017-09-01,0.0036866359447005337,-0.0055299539170506895,0.2396732293682585,4320.0,69673.74057568269,2052,26552337,21100623,505202,2579524,5545357,7373814,5203835,4129024,3880151,3510656,1983744,1136145,740165,1325290,1345257,492310,7348626,553860
48,000078,2017-09-01,0.0016420361247946325,-0.0016420361247947435,0.14654931992196085,9120.0,112272.77955130464,1729,24614416,35025059,753342,2655202,3878028,10437872,2374463,5526976,3799203,4714696,2425391,1556412,3684823,2909234,1341387,1738455,6357779,5486212
49,000088,2017-09-01,-0.007510729613733891,-0.012875536480686844,0.23690364131783329,15648.0,184617.7239941034,1548,46413490,30972785,1284876,1645646,7820787,6967768,7005772,5048466,7844689,5131435,6077025,1342742,2667188,1454236,2534703,1368223,11178450,8014269
50,000089,2017-09-01,-0.011148272017837413,-0.015607580824972156,0.23070136212321057,17690.0,108008.53121736966,1514,58207304,18679682,884140,1763070,7049021,4431682,7743580,3219871,27540703,4593752,4594321,1510640,1422408,1081063,0,0,8973131,2079604
51,000090,2017-09-01,0.0,0.0016666666666667052,0.24409798237564156,24040.0,164698.18359492294,2419,97765542,70359631,1682700,2173148,10451524,11443322,13119241,12603054,19183653,13319798,8710839,8851360,10029091,4999131,6764816,1754212,27823678,15215606
52,000096,2017-09-01,0.004922644163150469,0.0035161744022502717,0.6213464448233268,8532.0,41304.10963070038,523,7548259,2994269,581718,438033,2783650,1601920,1560001,353140,750797,601176,958677,0,0,0,410112,0,503304,0
53,000100,2017-09-01,0.0027932960893854997,0.0027932960893854997,0.07268630671172381,10740.0,196846.59777360756,2447,66538661,67090483,3061436,1740789,9889414,8318577,8469208,8707404,10286501,9968434,3514781,3506813,5027752,2107860,2193232,3061056,24096337,29679550
54,000150,2017-09-01,0.007025761124121788,0.006245120999219367,1.0514732648621294,10280.0,59380.728214628034,593,6943134,8584536,788513,477006,2208537,2355216,997797,973521,1608737,590773,450010,1489552,375340,1303105,0,878963,514200,516400
55,000151,2017-09-01,-0.0044868199663488095,-0.0039259674705550696,0.5927837496183366,17730.0,84843.85109099129,904,27552134,14605134,626687,1037128,3556711,4412821,5081783,2929149,7374514,2230337,4169380,1278522,2088009,1713553,2094778,0,2560272,1003624
56,000153,2017-09-01,-0.0019607843137254832,-0.0039215686274508554,0.23299740273069025,3045.0,35979.76624839873,1918,17716820,9182709,1812012,1613253,5162226,4178224,2737249,1499538,4662582,1391003,1135306,500691,997745,0,495766,0,713934,0
57,000156,2017-09-01,-0.0040000000000000036,-0.002666666666666595,0.39772490732259597,4482.0,122684.4599498189,1422,34303535,25880151,1680156,719618,4481370,3655597,5076214,2222252,7212211,4390893,3631733,3031694,2792849,2706856,1302614,1274668,8126388,7878573
58,000157,2017-09-01,0.00875273522975939,0.004376367614879584,0.07964227257217475,16030.0,169458.96644046754,3314,67310176,111405014,1798000,3741553,12564309,21721711,9137733,15775419,8854701,13559596,6278939,9147798,2937342,4128367,5109101,6744480,20630051,36586090
59,000158,2017-09-01,-0.0009551098376312517,-0.0009551098376312517,0.25045976893156646,10500.0,91109.48908090744,1748,31094126,30524008,693062,2386902,6198115,8975219,5946624,4323724,7220802,3511887,2630830,2163594,1529225,1883057,1289221,1316773,5586247,5962852
60,000159,2017-09-01,0.012066365007541435,0.012066365007541435,0.18719490284694862,16032.0,106046.56850092902,1255,22607471,34569282,1085586,917658,5003906,6732893,4029939,5724308,5166614,6175059,3627328,3986052,1063226,3039880,433405,922290,2197467,7071142
61,000166,2017-09-01,0.0032894736842103978,0.00164473684210531,0.11545660607824597,25662.0,248851.1573263866,2781,123072314,131729798,1409160,1815597,14925897,11908941,16300153,13618134,17578795,16648538,9209362,9679535,14340221,10439827,7962929,6688271,41345797,60930955
62,000333,2017-09-01,-0.007774538386783103,-0.013119533527696792,0.7000288657227688,125891.0,568013.5342369057,3459,555100995,443239047,414303,459669,8076539,10839652,22291962,23597564,51903308,54717555,53553845,44722374,32057873,31073765,29803447,26249972,356999718,251578496
63,000338,2017-09-01,0.00694444444444442,0.002777777777777768,0.12174255054701126,49783.5,255380.72543541688,3508,260679502,199425228,1751737,640321,23315154,12362574,30886217,17269451,42301531,27392765,30753200,17736601,21535008,14223180,17442420,17286189,92694235,92514147
64,000400,2017-09-01,0.04033214709371302,0.023724792408066575,0.36986907079933246,21137.0,154219.85907492487,2079,41451729,95417033,906596,1710320,8978133,12177781,8170450,9243821,8977102,17153070,4714194,13724647,4171875,5431699,414068,6992452,5119311,28983243
65,000401,2017-09-01,0.017328116266070337,0.016769144773616684,0.304752732607798,134317.5,541967.2023065962,3448,406646159,515194779,609412,532833,10679376,9266521,19991508,19914237,51886062,56977175,46535784,47767039,47112844,41620211,32318764,32458261,197512409,306658502
66,000402,2017-09-01,-0.002529510961214121,-0.005059021922428242,0.2361322381522873,14124.0,202909.49114613983,2528,79780983,70479980,1739156,1831600,9010067,13635979,8621654,10520879,9017971,11221375,3914380,4520978,4784033,3380088,3229449,1326388,39464273,24042693
67,000404,2017-09-01,-0.0026420079260238705,-0.005284015852047519,0.21328031202293063,9789.0,138859.89060717396,1260,41146177,13616800,1675516,559382,5366102,2965393,7981473,3368052,5957539,2976266,1769925,1764189,4522893,1434606,1850539,0,12022190,548912
68,000407,2017-09-01,-0.011933174224343812,-0.00835322195704058,0.2920160622081817,14940.0,92602.28221012461,823,22599919,12026821,813097,749932,3805608,3724062,3082216,2661360,5288730,2048670,2180575,988241,1711219,0,3525609,456767,2192865,1397789
69,000408,2017-09-01,0.0,0.0,1.0429107617867852,16490.0,553555.8793642859,249,32187394,0,523307,0,2371289,0,1198811,0,1873254,0,428738,0,654651,0,494699,0,24642645,0
70,000409,2017-09-01,0.027814569536423805,0.027814569536423805,0.16861993865978336,16654.0,119234.18646301304,2007,42346006,56590741,1690976,1821530,9055292,10598592,6723749,9795189,7819072,10636841,4664479,8653440,6233941,3686858,1231811,817702,4926686,10580589
71,000410,2017-09-01,0.004362050163577047,-0.0021810250817884125,0.2839027913974633,10956.0,63886.6766444822,1043,19955947,12774431,1185321,1077116,5043193,4165063,4161282,2589409,4366488,2349177,2428528,1682171,399929,371591,0,0,2371206,539904
72,000411,2017-09-01,-0.0057197330791229906,0.0004766444232602307,0.9591839544051671,12440.5,29428.910961567242,478,4192476,5679148,217050,536930,1697819,2833912,1096385,1754301,692390,344305,488832,209700,0,0,0,0,0,0
73,000413,2017-09-01,0.0068829891838742,0.005899705014749346,0.17509903293516413,66924.0,413718.9693719814,3377,276636229,312686367,742734,900984,12805830,14820433,21110891,19683562,43276072,45653696,32314939,32763640,18594524,21624784,15959853,22936494,131831386,154302774
74,000415,2017-09-01,-0.0014326647564470996,-0.0014326647564470996,0.13691363781422775,8292.0,131947.98378142258,2611,57781978,46395261,2103392,1494553,9645061,7924513,9218072,8376522,12484185,12789434,4727850,4058385,5275412,4583401,2627494,2823066,11700512,4345387
75,000416,2017-09-01,-0.0036144578313254128,-0.002409638554217053,0.2870064774799129,9108.0,58692.15787307016,836,13494358,9263601,1139881,1054153,3448482,3421865,2626101,1520069,3701410,1236845,975753,515475,351848,682704,411000,0,839883,832490
76,000417,2017-09-01,0.002309468822170757,0.0,0.22887550182734098,15497.0,48433.48422901575,1433,30480612,12521076,1257966,1414893,10669078,3892925,6484863,2290956,7708926,1856288,2711238,1863348,1046702,313632,0,889034,601839,0
77,000418,2017-09-01,0.004896505675495266,0.0011128421989761161,1.1668685654049422,18042.0,94550.64954149014,1484,32417616,27737171,998067,1818854,8428802,9326559,6330206,5621736,4198317,4491265,2694456,1680091,978446,369267,2240019,926415,6549303,3502984
78,000419,2017-09-01,-0.0028248587570621764,-0.004237288135593209,0.293576537471112,4942.0,54769.40561433272,581,7718870,4834342,745982,600526,1195153,2017449,969775,1515642,1668561,700725,1546341,0,302874,0,472384,0,817800,0
79,000420,2017-09-01,0.009036144578313365,0.006024096385542244,0.11513136670969948,9352.0,77905.14072893448,833,13083742,12699245,675227,1077858,2858587,3136533,2843765,1453787,2469642,2155441,2066498,977188,1683177,778690,486846,493684,0,2626064
80,000421,2017-09-01,0.005625879043600568,0.005625879043600568,0.22383501617999516,7120.0,32684.497371811412,1009,6917073,11909156,2173172,540606,2427837,3642517,961260,2015402,1354804,4367203,0,940038,0,0,0,403390,0,0
81,000422,2017-09-01,0.01941747572815533,0.016181229773462924,0.13552278984289268,30576.0,374688.8111909212,2083,109235096,125787646,1071819,1271102,9237583,9510625,9327265,12716130,15031778,15911881,9273521,9767051,10358719,9125520,6616512,7317889,48317899,60167448
82,000423,2017-09-01,-0.006734006734006592,-0.005932339265672604,1.3337808076794766,33458.5,323795.2696054801,2186,146853923,98463184,606708,1259490,9735817,12340679,16285671,13068215,19758424,17849424,10939557,6978175,7335605,9166730,2585434,4058295,79606707,33742176
83,000425,2017-09-01,0.0,0.0,0.06701976714839208,14440.0,144722.77668853733,3263,64835744,85667324,1346296,3552013,12341572,17545431,17608434,16465021,9605658,11951094,3692941,7219501,3098938,3177692,1254445,1302599,15887460,24453973
84,000426,2017-09-01,-0.0009624639076034613,0.017324350336862304,0.18900630326894066,38231.0,205102.6652965526,3028,144355800,147690707,1549118,949079,13741622,11673603,21536321,17314448,30246069,26120699,21907437,17742877,11753193,13693452,5207000,6494918,38415040,53701631
85,000428,2017-09-01,-0.005928853754940566,-0.0039525691699603405,0.20532030758109127,10020.0,100564.6145805187,607,12205537,9449411,595915,650368,1596622,2455449,1783796,1199944,2796723,1850560,1300768,1389696,1300055,344915,861201,0,1970457,1558479
86,000429,2017-09-01,-0.0034129692832763903,-0.00455062571103515,0.2538780855486904,11388.0,90975.29481563182,1199,28183681,18879908,974933,1226061,4606414,5053522,5608463,4483420,3269146,2575407,2319429,988652,2094107,2036962,2660716,1752089,6650473,763795
87,000430,2017-09-01,-0.0009624639076034613,-0.0038498556304139564,0.45970505438185205,12948.0,62470.319189606416,510,9185074,8050163,334836,430273,1890224,2562568,2141185,1337611,2244521,1514682,1383658,1113435,673150,371924,0,0,517500,719670
88,000488,2017-09-01,0.012820512820512775,0.014652014652014822,0.2974640990953997,66160.0,324715.1206912233,3034,236171978,292866117,1258693,1005948,11796843,13514263,15750640,19861072,33351320,38760001,24438971,31537037,21544662,21394486,16928264,19700418,111102585,147092892
89,000498,2017-09-01,0.0060240963855420215,0.004819277108433662,0.1680266215905234,8330.0,55763.93368905336,2445,17411043,38796009,1969524,3971479,5110833,13650574,3428729,9418623,2673195,5764397,2030834,1744140,688896,1073982,418320,830290,1090712,2342524
90,000501,2017-09-01,0.010656197420078506,0.0050476724621426605,0.41788182524527784,17970.0,155145.31968073643,1822,55230586,58829793,1772425,1416501,9762426,5414195,9024649,6245937,9224191,12265481,3830347,4562281,3909975,4845399,1427094,5985319,16279479,18094680
91,000502,2017-09-01,0.004048582995951566,0.005668016194332104,0.3973326102830237,11205.0,60451.139017515714,966,15780547,13226576,1165699,781249,4613129,3465643,3517217,2630935,2022995,1938918,2116762,1727462,689675,1637653,0,421716,1655070,623000
92,000505,2017-09-01,0.0019646365422396617,-0.0019646365422396617,0.41883422017918426,7094.5,71115.84698102859,590,7908341,9124888,626038,360996,1852059,2005351,1357254,1474127,1433566,1777061,1133882,1126914,0,0,429174,0,1076368,2380439
93,000507,2017-09-01,-0.011638316920322356,-0.013428827215756556,0.20124942983454255,36729.0,174428.09317935669,3083,156704157,107359816,1109515,1336986,16329092,16042801,22486057,18309296,31249552,28300485,16030326,11024638,13258017,8384823,9393548,6245663,46848050,17715124
94,000510,2017-09-01,0.016877637130801704,0.0052742616033754075,0.26683377743423947,15216.0,67803.22977590098,1262,20174341,23674295,1306959,1554887,5326827,7419640,3311972,6760352,3713405,3217708,2100656,1882355,1304862,1103290,0,1736063,3109660,0
95,000513,2017-09-01,0.01118795768917824,0.0075264442636291395,1.0654246357302675,19768.0,119412.68288591898,2131,52978996,40465431,3083916,2195241,11870260,9836649,8635108,5384654,9641535,4598364,5008457,3632724,4427624,2616166,2194167,968150,8117929,11233483
96,000514,2017-09-01,-0.004938271604938205,-0.006172839506172756,0.2213818773752295,15238.0,87193.54864628617,1339,30845810,19859622,1109290,1229588,7808526,5447358,5535089,4398126,5834813,3012356,2258971,1504535,1020676,2010034,1374155,421574,5904290,1836051
97,000516,2017-09-01,-0.003809523809523707,0.0,0.1632344260283037,10520.0,88297.31647994148,1035,21540932,16112090,993654,741909,3614075,4869942,3296559,3194180,3389454,2562024,3118919,1774766,1350864,393668,922591,858432,4854816,1717169
98,000517,2017-09-01,-0.006802721088435382,-0.0113378684807256,0.102697406227235,8303.0,54395.58723308516,1853,34719976,14471854,1242849,1543962,10392516,4891693,10474502,4811251,4319867,1836174,1834614,732594,1783024,0,2523466,0,2149138,656180
99,000518,2017-09-01,-0.005063291139240533,-0.006329113924050778,0.2866799433196667,10962.0,38865.031096075625,759,11135967,7093070,777722,714946,4089272,3047069,2291208,2003085,2086007,1049372,1207223,278598,684535,0,0,0,0,0
100,000519,2017-09-01,-0.014171833480956408,-0.014171833480956408,0.2210698798920413,26592.0,140351.320449572,2610,93492650,89268956,1288288,1701057,12848235,12521697,12743257,15303000,19058146,18730850,13475452,13880894,7996264,8473761,4409667,3914282,21673341,14743415
101,000520,2017-09-01,-0.0017211703958691649,-0.0017211703958691649,0.1772374756338635,9264.0,92227.46273688198,1075,19238182,13115619,889976,843261,4392002,3914241,2749975,1928682,2976623,1941385,1230664,2534703,2050218,668140,1296129,0,3652595,1285207
102,000521,2017-09-01,0.005084745762711673,0.0016949152542371504,0.18957410985172088,8850.0,54302.882172052625,969,15028415,9689232,702038,1066468,2600351,4126845,3598338,1947765,5620949,1971720,547520,201620,0,374814,900759,0,1058460,0
103,000523,2017-09-01,-0.006079027355622935,-0.006079027355622935,0.3857249221872113,12798.5,134995.7491873449,654,16965998,10087092,645598,725852,3399508,2446752,2869423,1607293,3673432,1961885,487827,1449126,734135,683662,490000,472273,4666075,740249
104,000524,2017-09-01,-0.0023130300693909867,-0.0030840400925212785,0.5072800394927462,11664.0,36996.2228465977,653,7332027,6683805,458500,586035,2263263,4080554,1452088,955088,1795360,320444,648830,423606,713986,318078,0,0,0,0
105,000525,2017-09-01,0.030647553138902772,0.022244191794364765,0.5116140640081199,18580.5,135606.04210222737,1564,41509618,50180199,462374,1559127,7515128,7112835,5679968,7100707,7991820,10031170,4175195,6877024,1276679,3096396,2671673,2600391,11736781,11802549
106,000526,2017-09-01,-0.005253399258343672,-0.006180469715698522,1.7376009914206656,16110.0,56249.55127860738,346,6639072,4712411,294922,238154,1822752,1688520,1354317,963452,1960647,496260,658864,1002825,0,323200,0,0,547570,0
107,000528,2017-09-01,0.0,0.0010917030567685337,0.1857662542700293,9698.5,97817.24481493483,2434,35575355,56380360,1417735,3171175,6395720,12448392,6486310,9551459,6977083,10145288,2649889,4615014,2168090,2057569,2312919,3683091,7167609,10708372
108,000529,2017-09-01,-0.001129943502824804,0.002259887005649608,0.34645936984137493,13260.0,47518.69827806629,652,9996182,7907291,625485,725846,3540576,3047049,2041076,1871311,1576316,1785021,215600,478064,1063769,0,933360,0,0,0
109,000530,2017-09-01,-0.006720430107526987,-0.010752688172043001,0.2569551804583513,10332.0,96411.55453782048,838,18421369,8487621,919752,870083,3025593,3577512,2735660,1223927,2455705,1069905,3439133,1071480,369000,674714,418784,0,5057742,0
110,000531,2017-09-01,-0.0033296337402884957,-0.00221975582685896,0.2536618740286317,6307.0,45060.71916202751,1263,15992753,8885215,2919715,664541,2794725,4042361,3989028,1218984,3691999,1455426,1256001,488700,0,302736,1341285,0,0,712467
111,000532,2017-09-01,0.0097159940209266,0.014200298953662038,0.4235092753231194,16410.0,101409.46245483485,998,21760186,22323564,678173,838261,4941334,5314020,4962067,4525972,4784259,2978464,2976613,2099498,393040,1081866,932100,827020,2092600,4658463
112,000533,2017-09-01,0.0009718172983481654,-0.0038872691933915515,0.5238305723651899,12347.0,343760.7345809685,385,9943907,22566749,242404,326388,1029963,2226708,569422,1207293,1861979,997089,722100,1064630,770432,366680,890237,0,3857370,16377961
113,000534,2017-09-01,0.06618240516545604,0.06133979015334945,0.4220193608059007,14970.0,103543.86940256957,862,18489231,25130361,688173,540364,3554673,3742229,2525350,3630214,3727762,5655112,1509268,3873825,2406782,4714428,412830,1891886,3664393,1082303
114,000536,2017-09-01,-0.0017452006980803736,-0.005235602094240899,0.16989413097575135,8550.0,63791.87935932345,1138,18713954,10829851,1150655,959126,6154747,2931702,3315522,2799000,3054157,2311265,1602713,428449,365440,341400,0,440975,3070720,617934
115,000537,2017-09-01,0.006500541711809138,-0.007583965330444253,0.29023611132319416,11908.0,124873.05320594515,1011,33802057,11522074,855189,863953,6759295,3108105,3946713,2737992,4949964,2160593,3039102,1270936,2255613,307776,913204,471039,11082977,601680
116,000538,2017-09-01,-0.006323292710967987,-0.0075879512531618065,1.8788547350085927,34720.0,250685.8209556175,2143,132016397,65837880,1739968,1438343,10292382,9657270,16081390,14383964,22300577,11576878,11606233,3767110,6417590,2963257,12308242,2164094,51270015,19886964
117,000539,2017-09-01,0.0018552875695734272,0.0,0.24016703243997242,10780.0,58281.78882330571,503,7291409,5955546,399849,460032,1562748,2562651,1484434,1322035,1872494,1164788,566704,446040,0,0,0,0,1405180,0
118,000541,2017-09-01,0.0011001100110010764,-0.0011001100110010764,0.2274921865389113,9090.0,117848.12208795096,1598,32495718,23869895,2167917,1159872,6680863,3721059,8677788,4246630,11329656,4624179,2315656,1853138,361384,1090061,415854,0,546600,7174956
119,000543,2017-09-01,-0.006993006993006978,-0.0034965034965034336,0.16607320803057457,9673.0,106942.67116648037,1187,21575863,22828760,975493,1099628,4403080,4490281,2371219,5445838,3281962,4280022,2866732,2173069,1025919,769582,959219,0,5692239,4570340
120,000544,2017-09-01,0.006278538812785284,0.003424657534246478,0.5733231290742024,17530.0,89453.11887375607,933,16191859,19099624,511844,1175189,4138753,5151672,3961270,3920367,2837949,3715403,480956,1202260,1707155,635878,0,809559,2553932,2489296
121,000545,2017-09-01,0.014657980456026287,0.01791530944625408,0.12870026262013548,21455.0,173434.06884045646,2280,63984776,101831772,1359874,1722506,9916790,11898463,10112073,11464655,13126631,16864542,6252802,8787777,3550138,8507034,3115572,6685900,16550896,35900895
122,000546,2017-09-01,0.0008196721311477528,0.0,0.3155486140387642,36150.0,118687.76774453519,1496,53577823,39729858,653698,829296,3955434,7443639,17124055,10130794,11623676,7625662,3036591,4357243,3090553,2764189,905240,1366173,13188576,5212862
123,000547,2017-09-01,0.022471910112359605,0.006914433880726101,0.23069205246788213,26657.0,137365.694920352,2517,89003818,75100077,1244989,1259478,13944089,13133873,13159140,13296830,18783044,16502652,11483880,9577248,5631589,7693383,5226094,4369897,19530993,9266716
124,000548,2017-09-01,0.0024721878862792313,-0.0012360939431396156,0.26537364037062605,13702.0,48498.856982754885,929,17584484,11723788,1062601,902090,4598550,3747982,3822948,4782398,4139083,1843396,1798293,447922,1292804,0,870205,0,0,0
125,000550,2017-09-01,-0.0030030030030029353,-0.0025025025025025016,0.5634297359401458,13888.0,72862.70538564849,1257,18604162,23373709,577847,2380120,5124365,7261766,3778723,4456734,3451981,3854269,2505226,1073084,731264,1016471,457699,1301255,1977057,2030010
126,000551,2017-09-01,0.006355932203389925,0.006355932203389925,0.2995117103705961,15072.0,105642.3522284887,993,20987734,27337342,959048,703790,3794415,5102506,3243388,4822170,3183669,4972023,2659815,3227372,2028816,3050767,1451231,1887885,3667352,3570829
127,000552,2017-09-01,0.02444987775061147,0.03911980440097795,0.07019790812758754,31500.0,371353.4091526477,3421,108352694,245508952,876126,2973299,9092728,20779635,12548446,25294206,16235691,35585812,15458897,28107883,11040822,16657020,8398270,20228110,34701714,95882987
128,000553,2017-09-01,0.0021126760563381364,-0.0021126760563380254,0.47187440249089346,15686.0,86526.88495795184,905,23400344,14843598,658571,734967,4128414,4765695,4392575,3092949,5481055,3503098,1560793,721272,1099634,370098,479685,988601,5599617,666918
129,000554,2017-09-01,-0.006398537477148136,-0.009140767824497242,0.21332498042541534,37264.0,178039.5281880442,2633,127620995,124070676,1214222,1208671,11013043,11538344,16437121,15731095,24699907,24962183,16825745,19738858,13348172,10624032,7526002,5232055,36556783,35035438
130,000558,2017-09-01,-0.00868306801736618,-0.00723589001447178,0.18342258496072902,13015.0,70904.52209678155,1420,28481441,16815231,1343284,1185175,7112819,5315138,6801372,4270798,4986058,3153656,3944255,1881604,991564,0,867210,404235,2434879,604625
131,000559,2017-09-01,0.003780718336483746,-0.002835538752362865,0.25164902534180017,19044.0,159897.2688189044,1768,54284690,43230102,1227443,1374041,8267483,9029041,7877858,7302015,9524781,6911199,6970423,4302894,5396355,3455868,2166324,919031,12854023,9936013
132,000560,2017-09-01,0.020583190394511064,0.02658662092624353,0.2081384554667381,63612.0,1131315.6909617428,3153,324565397,378580282,906423,974890,11615155,12651351,16799884,19820912,29646074,34183977,22423604,21991722,22293208,21175663,19420479,19669016,201460570,248112751
133,000561,2017-09-01,-0.0009746588693957392,0.0009746588693957392,0.343983901410285,10240.0,60705.43273118122,889,11766904,12700899,826127,617170,4293357,3268852,2561257,1892865,3031542,2757794,726238,1321829,328383,999333,0,0,0,1843056
134,000563,2017-09-01,-0.0018050541516244634,-0.0036101083032491488,0.12585916839739933,14125.0,187046.44668282836,1942,60857593,46549304,1179648,1839617,7609103,10214730,6991871,6831470,8367847,6621010,3543571,4731039,3560004,2014133,3177804,494839,26427745,13802466
135,000564,2017-09-01,0.0030864197530864335,0.0015432098765431057,0.1511636865715177,652.0,30740.553550102617,1839,7092251,10332641,405767,2089456,1913556,4553818,1571858,1392538,940294,1833644,1164456,463185,300390,0,0,0,795930,0
136,000565,2017-09-01,-0.0031088082901555847,-0.004145077720207335,0.3522074461954993,15376.0,69325.0794414518,750,14831677,10439573,759426,759876,4289634,3816019,2673565,2288772,3602747,1636983,500820,215264,656212,710400,0,402659,2349273,609600
137,000566,2017-09-01,0.006901840490797673,0.0023006134969325576,0.4894505745021765,14289.0,260531.52008663907,709,25989703,29505085,436612,658042,2386133,4012481,2709209,1638385,5068787,2311613,3388660,1087649,1442296,1476117,2582139,0,7975867,18320798
138,000567,2017-09-01,0.0026505111700114714,0.006436955698599034,0.7580051871044143,18462.5,80722.81699847072,1214,18791131,23807233,1040911,769374,5518642,7814840,5966428,3051381,3354025,3449152,1153275,1461554,702250,398400,477900,931902,577700,5930630
139,000568,2017-09-01,0.006375227686703067,0.002003642987249643,1.0419086838302742,43952.0,316148.1314244427,2776,239856834,161935436,1687392,562125,14441802,8932664,15358898,12265676,30866194,18456945,27510491,16489803,22516355,11868477,12386809,8031787,115088893,85327959
140,000570,2017-09-01,-0.003963011889035695,-0.006605019815059565,0.3141378439759144,13590.0,67002.67001362696,580,13538275,8123688,472558,670576,2815407,2581116,1983860,990555,3364092,1334534,2213152,1203248,1313983,943063,1375223,400596,0,0
141,000571,2017-09-01,0.023192360163710735,0.02592087312414737,0.14729851933446902,25602.0,160060.9100169697,2480,73997893,106003172,1586488,1873895,11638369,13240938,10682401,14704688,13261941,19955173,9205534,13520874,8453277,10621787,5756255,6098248,13413628,25987569
142,000572,2017-09-01,0.00201207243460777,0.004024144869215318,0.15657988199090894,5489.0,109578.24389901994,1008,15196011,15860414,983340,1337186,3340683,3298913,2066768,1934110,2707933,1033156,1286830,973032,2150994,335000,494514,431405,2164949,6517612
143,000573,2017-09-01,-0.0033277870216305017,-0.008319467554076532,0.16819085315776686,9608.0,112886.40546680726,1280,32105882,18086655,685715,2110976,3651744,5271399,5146442,3782121,7614184,3646654,2547846,1756290,1315337,0,860735,923210,10283879,596005
144,000576,2017-09-01,-0.002409638554217053,-0.004216867469879482,0.9209954422228898,13288.0,57823.92743474664,324,5666389,3632805,378391,233260,1896069,1520509,1039252,286524,1092147,444119,781450,215150,0,0,479080,933243,0,0
145,000581,2017-09-01,0.0011895321173671647,-0.0011895321173670537,0.5120848482350653,25180.0,155593.1773512333,2426,83896413,79821901,1290869,1387515,8771640,15283685,11006270,14441178,13378698,16534672,9471621,11304938,9058018,6820667,2201915,3153680,28717382,10895566
146,000582,2017-09-01,-0.0008210180623973162,-0.003284072249589376,0.33219031245676306,16912.0,78452.2220229151,1344,27390118,24490693,1069572,970388,8079814,6925106,5445838,4511254,5724824,4994910,2138090,2464094,1695495,1345677,426897,459420,2809588,2819844
147,000584,2017-09-01,-0.006224066390041583,-0.004149377593360981,0.425618636262731,24463.0,99354.31378813487,1154,33323499,26736017,590868,865381,8246106,4143611,6872988,4847629,7224359,5394235,2928481,3503031,1767422,950159,1815524,1298700,3877751,5733271
148,000586,2017-09-01,-0.010648148148148184,-0.018055555555555602,1.0349589693184993,6462.0,86981.16057262113,435,10377611,4213323,420212,311096,1127397,1527332,930225,1172132,971829,400139,1999854,418848,2028284,383776,831600,0,2068210,0
149,000587,2017-09-01,0.002547770700636942,-0.010191082802547768,0.211473849731696,12416.0,123840.68018799633,1379,31841036,30824256,498458,1939043,3614032,7100716,3957818,4618199,7696278,9467228,2934275,1994087,723706,1378370,1402912,943800,11013557,3382813
150,000589,2017-09-01,-0.0202360876897133,-0.01686340640809436,0.15465865665362374,12000.0,70383.13923994206,1472,36595534,17167860,1266104,871254,6285947,6168648,7773380,3930171,7480367,2970102,4869395,1024687,2712065,1708350,3135669,494648,3072607,0
151,000590,2017-09-01,-0.0060864272671942166,-0.012172854534388322,0.8652093476597313,13036.0,131092.02764132354,360,13133358,2532382,314217,349327,1815250,1050452,1789221,644776,1063493,211512,1432045,276315,1593196,0,941328,0,4184608,0
152,000591,2017-09-01,0.0,0.006837606837606813,0.14938941806640774,8760.0,86599.09248727461,1535,14678371,34691644,616044,2279333,4010299,7523635,2496754,4248189,2425492,4522888,1156443,4410156,1387293,2646602,835764,1748082,1750282,7312759
153,000593,2017-09-01,-0.01459143968871579,-0.01459143968871579,0.37271080549699187,10260.0,70053.81967073088,761,13545526,12009637,396053,928212,2477731,3402420,2547781,2613868,3427603,2509652,484866,907720,329184,1647765,905833,0,2976475,0
154,000595,2017-09-01,-0.009469696969696906,-0.017045454545454475,0.13031018750369833,10400.0,60384.46872067618,1645,29170455,23259768,1329203,1368163,6606156,6563219,4889603,4841689,6600865,5992306,4425849,1869129,1983146,2225134,1727600,400128,1608033,0
155,000596,2017-09-01,0.0005812826971516305,-0.0005812826971517415,1.3945348335441945,15540.0,116323.55720732048,1369,32097889,30901657,465882,1234057,5752609,7945215,6353439,6094558,4084813,4798070,3838488,1642647,2129852,2432461,1791772,2118967,7681034,4635682
156,000597,2017-09-01,0.012237762237762295,0.015734265734265618,0.29265532999887345,23140.0,118301.77361577691,1528,35101300,48896357,1013996,705450,7662837,9767360,7120371,7138633,7404595,9191387,3651837,5248524,3281187,5791700,1799306,1329150,3167171,9724153
157,000598,2017-09-01,0.005300353356890497,0.005300353356890497,0.12760367876108752,10224.0,165017.96120445227,1972,37584525,58630127,1248537,2044703,5374485,8059178,4842785,6878345,5285252,7588446,2204994,7651262,3730126,2615988,1768355,5016366,13129991,18775839
158,000599,2017-09-01,0.004424778761061843,0.005899705014749346,0.21113954852761505,13580.0,71910.85809331048,1031,14621502,17883717,766838,1286595,4047757,5819872,2936231,3674033,2603859,2557278,1257382,860535,1388624,996078,498330,0,1122481,2689326
159,000600,2017-09-01,0.056542810985460434,0.03554119547657497,0.21485362593290527,76380.0,374510.2406060667,3324,297061411,339344926,845053,731634,13280534,11166579,23501968,20146336,44032429,36220620,36331666,36417762,29059047,21606017,21651301,24166060,128359413,188889918
160,000601,2017-09-01,0.023192360163710735,0.016371077762619368,0.1901345837874937,12699.0,86819.25215539061,1487,22915088,35926612,1254613,1623308,5686050,6741604,4939367,6733670,4573911,5228048,2111194,3105742,2192992,4830690,907052,1341072,1249909,6322478
161,000603,2017-09-01,0.051948051948051965,0.05331510594668476,0.2893170396544929,26146.0,227825.43975104243,2563,77311498,120581814,1573086,1480558,11829175,13636611,11680225,12553750,17097018,19743140,10784682,9478271,4424928,7265378,6244963,7581848,13677421,48842258
162,000605,2017-09-01,0.003338278931750649,0.0070474777448070736,0.5885079048755921,32808.0,170449.8319245072,2099,77743303,82273218,893856,835996,11640012,10774381,15255116,11874148,16900432,15271211,12950565,9875587,4850873,6324035,2276938,3587114,12975511,23730746
163,000607,2017-09-01,-0.009186351706036766,-0.01049868766404205,0.2673284766471022,11715.0,95369.53855496962,812,21663737,11684148,866761,801126,3028676,3602518,2520443,1745152,4760402,1748560,2044688,1188442,2511069,706775,929955,0,5001743,1891575
164,000608,2017-09-01,-0.014864864864864935,-0.010810810810810811,0.34456413788097473,7310.0,245011.25627026396,461,14599539,4126306,580533,496736,1162576,1260807,997820,1018471,1985971,575556,238306,774736,1071180,0,0,0,8563153,0
165,000610,2017-09-01,0.0025996533795495935,-0.0025996533795493715,0.47161460615761225,11510.0,46356.01695138358,598,9691252,6340691,710317,438828,2746727,2107738,1853408,1981139,2248259,1328308,721299,484678,1010950,0,400292,0,0,0
166,000611,2017-09-01,0.006134969325153339,0.014723926380368013,0.2640283103974372,13008.0,93526.93024836911,953,13008385,23731058,1160383,763300,3871680,4161789,2617065,4691713,2683406,5717657,1208864,2228777,640337,1324716,0,418967,826650,4424139
167,000612,2017-09-01,0.007881773399014858,0.010837438423645374,0.1999088000905817,28882.0,185658.5446593425,2582,95013403,108545105,1168389,1193124,12585735,12899935,14894217,16435283,15946778,19083819,9150770,9543524,7034429,8789254,4481956,9456938,29751129,31143228
168,000613,2017-09-01,-0.011144883485308954,-0.012158054711246091,0.2438203908091682,13748.0,77474.04411537609,1639,35033209,28704765,1159312,2248031,6685895,7636953,7851648,6027083,7289815,4163685,4160945,1888143,3531684,2707325,1873229,2381342,2480681,1652203
169,000615,2017-09-01,0.0040000000000000036,0.005333333333333412,0.2714349997103061,48224.0,155806.8601235656,3056,147383175,152806793,989658,1117374,14193197,15114794,21957312,23303987,28880408,31920177,23160005,20692613,16035212,15506258,9417465,12271131,32749918,32880459
170,000616,2017-09-01,-0.004385964912280604,0.002192982456140413,0.1304330305877418,9120.0,133631.79085984256,1224,26448200,25011009,1368755,1287129,5072073,4014838,3872805,3381523,3917246,3648143,3085341,1475295,733907,316464,4440655,1806116,3957418,9081501
171,000617,2017-09-01,0.0097254004576659,0.012585812356979309,0.46514879524790986,8805.0,74307.53765419632,1412,16886201,26103277,492264,2045655,4099078,7786326,2949107,5200177,3199511,3972780,2134476,969569,1425723,352152,1290262,0,1295780,5776618
172,000619,2017-09-01,-0.005060728744939347,-0.0030364372469636747,0.3409764065749051,11760.0,88057.9859636192,839,16984719,13968599,883938,1191654,4147024,3391636,2757544,2316440,2269657,2951939,954004,1051334,331587,375723,3282296,0,2358669,2689873
173,000620,2017-09-01,0.002797202797202747,0.002797202797202747,0.21517270529627935,5724.0,54586.509491063836,1106,7684834,12231673,899928,1941649,3109313,3256849,714161,2046384,233058,865999,938109,1040960,710500,1094235,401715,0,678050,1985597
174,000622,2017-09-01,-0.0033388981636061077,0.0016694490818029983,0.24631389563956285,5980.0,34654.74193834433,591,5813050,4270862,612912,356778,2321392,1944445,907503,1061969,1429373,505670,204000,0,337870,0,0,402000,0,0
175,000623,2017-09-01,0.006493506493506329,0.003030303030302939,0.4999012776190391,36976.0,243610.26010218644,2135,100728245,115627534,990083,1232584,12309075,9758257,12673259,9975354,15460113,17281572,15822257,13734302,7737500,8944258,11351768,6899081,24384190,47802126
176,000625,2017-09-01,0.0007267441860465684,0.0014534883720929148,0.28072329340746893,27460.0,276990.5047833077,2403,112664575,84055470,1513783,1978028,12704397,9338811,19351864,9812799,18168829,13648536,10688759,6716057,8219792,4615988,8267647,6696135,33749504,31249116
177,000626,2017-09-01,0.007182320441988965,0.00828729281767937,0.5733727628693222,18100.0,74046.57420508514,996,20636003,21207014,798045,822458,5177385,4751363,4034367,4996760,4497727,4497069,2757462,2350474,1416577,1756254,894600,0,1059840,2032636
178,000627,2017-09-01,-0.011458333333333237,-0.011458333333333237,0.18027462295649582,27738.5,154362.91554445724,2840,123238873,80550019,1944736,1763018,15750718,12343893,17101422,13402797,26697167,17166317,14096979,12508015,9869742,5513584,5366072,6146604,32412037,11705791
179,000628,2017-09-01,-0.006616257088846944,-0.008506616257088817,0.3262965787397262,12600.0,81178.42345293457,1051,19675566,13652851,878936,863026,5765238,4522837,3106421,3536649,4195102,2519403,1730444,1244751,1374425,355535,0,0,2625000,610650
180,000630,2017-09-01,0.025641025641025772,0.022435897435897356,0.053320101313111344,64000.0,758412.5091771146,3471,274230730,500194224,793353,1091745,12725157,17578499,20047418,26450440,33071348,42809524,21436483,38933647,22645258,24252722,14459540,20640547,149052173,328437100
181,000631,2017-09-01,-0.0024449877750610804,-0.007334963325183463,0.10529480708923313,6464.0,86197.01547745377,1514,22670410,24491386,879418,1392862,4563566,6011842,3246282,6108606,5339557,6062161,3427582,2256646,606566,335761,0,1438178,4607439,885330
182,000632,2017-09-01,-0.001547987616099089,-0.007739938080495334,0.20546613975147207,12840.0,62866.99750737641,989,18311640,13292961,898482,830248,4788149,3364814,3982181,2870574,4093758,5394200,728364,201259,1066380,631866,920765,0,1833561,0
183,000635,2017-09-01,-0.016362786348761205,-0.0042075736325385416,0.39039688054121463,55873.0,400584.3595445329,3005,201581262,230825303,833119,922938,14282097,12464807,21218617,17005902,32916739,30098795,24191773,27898484,16990971,16345594,13900983,11762534,77246963,114326249
184,000636,2017-09-01,0.009605122732123883,0.004268943436499528,0.19990201392344165,24310.0,135149.36294496327,2199,70102551,68719926,1341117,2059354,9667611,13085430,10640883,12965225,14339352,16095226,7896133,7114495,4068833,3938600,4604767,3169105,17543855,10292491
185,000637,2017-09-01,0.01109570041608876,0.00554785020804438,0.23767434527060544,11584.0,65268.45999420056,920,16216859,14261324,812082,699540,4439356,3769860,3163490,2771726,1447847,2592411,1928445,1883374,1996730,2120288,1296749,424125,1132160,0
186,000639,2017-09-01,0.024463305042436323,0.023464802795806206,0.634929536066644,16416.0,113368.83677036031,995,19209242,24796305,430096,924044,4556908,5213451,2845208,4317605,2518064,4509711,1359408,3522345,399319,1639374,0,1784630,7100239,2885145
187,000650,2017-09-01,0.0034188034188034067,0.0017094017094019254,0.17478205363977342,7032.0,68449.93122910295,1121,19778878,11997848,1119380,1114289,5468396,2874649,5704415,1760690,3056699,1418442,1494136,1318402,702028,658556,2233824,469600,0,2383220
188,000651,2017-09-01,-0.014481510214636728,-0.018360486164985756,0.6446675506061401,407198.5,1740692.3256284734,3598,1523677612,1661667759,8947,26796,1725183,2734627,5818289,9758637,32730089,51515772,46838314,68687345,47589163,76413680,51226990,79027614,1337740637,1373503288
189,000652,2017-09-01,0.00365630712979903,0.00365630712979903,0.14737599354501074,9299.0,111379.72817299205,1379,21401772,26367097,999325,1625907,4024509,5806178,3561084,3807139,4393019,2925238,3162130,3416314,751856,2132001,421412,464950,4088437,6189370
190,000655,2017-09-01,0.030803080308030806,0.037403740374037486,0.16717119545148296,44509.0,233421.88340112453,2965,139254513,179088359,1378573,1470373,11497271,15236386,16923828,19363928,30901191,33023840,16988327,22379216,15084250,15409645,12097598,12554352,34383475,59650619
191,000656,2017-09-01,-0.004008016032064243,-0.002004008016032066,0.11496005048445315,12400.0,146320.61878785962,1889,45688061,29682771,1270867,1910221,9299237,8565076,6018115,4512519,7627438,2767517,2730860,2803212,2623464,1048176,2448663,434754,13669417,7641296
192,000657,2017-09-01,0.014482758620689706,0.009655172413793212,0.2850387881818465,34097.5,243668.629318076,2592,106629197,121697519,956393,1285104,14025392,12937609,15002849,15678245,20875695,21248964,12613361,10485818,7122834,11222304,6236844,9091780,29795829,39747695
193,000659,2017-09-01,-0.011627906976744096,-0.006976744186046546,0.17285423270550473,8540.0,126491.2552299684,619,20169192,9051440,557052,670739,2734457,1875070,1772373,1105369,2387335,1446398,3882718,1603968,2020140,326316,1804975,0,5010142,2023580
194,000661,2017-09-01,-0.0019144392901847551,-0.002135336131359966,3.2521048685194724,27198.0,168331.48681610348,1746,72205965,62726253,4074,0,8325389,11383276,9692629,10850807,19758251,12488475,6615799,7179227,3854031,3137718,6388942,3986761,17566850,13699989
195,000663,2017-09-01,0.01231884057971011,0.014492753623188248,0.5725928157942324,13985.0,74309.5077861657,580,7806592,15074985,324758,499222,2367894,3347168,1349532,2654812,1318019,2493580,733678,1753648,305067,1947062,868553,1348430,539091,1031063
196,000665,2017-09-01,0.010647010647010458,0.009009009009008917,0.3903375437087921,7338.0,70306.8485336164,978,7602876,15349965,383444,1725236,2979087,4016522,2350749,2028390,949932,1709115,939664,497554,0,1072652,0,843858,0,3456638
197,000666,2017-09-01,-0.012351124834583227,-0.011027790030877838,0.5599679211548712,29224.0,191925.93677569675,1639,89882100,54263412,558765,1110716,6894127,9668876,6471042,7968441,14686385,10254060,13460336,7423504,12791793,2619633,12472724,3509901,22546928,11708281
198,000667,2017-09-01,0.008849557522123908,0.005899705014749346,0.08703662461492381,5763.0,109478.5956103376,1524,21043827,20726572,1611539,1715848,4525056,4590224,2588540,4322380,2719199,1786910,1569187,994279,695628,680000,897746,442000,6436932,6194931
199,000668,2017-09-01,-0.005081874647091977,-0.007340485601355362,1.0386478084109,10547.0,32131.401726016684,290,2769004,3122708,144243,405553,1145047,1122725,557923,504722,921791,1089708,0,0,0,0,0,0,0,0
200,000669,2017-09-01,-0.006638503319251643,-0.007242003621001913,0.4164332481189905,18183.0,127486.98439207315,1583,53537910,34609903,808604,1886946,6310274,8077390,7694875,8089201,11690743,8293291,5167060,3454642,3094557,2435580,4500671,464453,14271126,1908400
201,000670,2017-09-01,-0.0017064846416383617,-0.0068259385665528916,0.15180040452635996,12190.5,110284.1197992353,1492,31316491,19045520,1316987,1129956,8072971,5463171,6134616,4495785,6630006,3763750,1932120,1458065,330020,655148,927975,427476,5971796,1652169
202,000671,2017-09-01,0.02051282051282044,0.027350427350427475,0.1230749008943373,27922.0,317367.2373762061,2268,106490453,152386111,1390797,1132224,7880067,10173769,9378397,9804658,16552549,15503528,18697871,8945140,6756291,9776424,4737804,5162671,41096677,91887697
203,000672,2017-09-01,0.013108614232209881,0.015917602996254665,0.19456922709303537,42773.0,241758.37021668916,3016,122390605,163117504,1144951,1055524,14649225,14583498,20035498,20685584,30512000,31346094,19425527,23695281,13782064,13255152,6647237,10147502,16194103,48348869
204,000673,2017-09-01,0.0039215686274509665,0.01333333333333342,0.3156720678819145,32250.0,307831.3900039269,1633,86605752,90144130,934975,791332,6668761,6217802,8811786,9128261,14903829,15165317,8104394,8357959,7686178,5520304,6249131,3895461,33246698,41067694
205,000676,2017-09-01,0.008017492711370311,0.0,0.38420374704893717,13730.0,120119.50327475443,1275,24734082,24041434,1125544,1091206,5056423,6786373,3374426,5095042,3157436,4487744,1763500,1234766,616697,960149,881422,2676114,8758634,1710040
206,000677,2017-09-01,0.0,-0.004065040650406471,0.16868255020187697,9760.0,53441.720746730716,851,15975043,6940949,973174,678056,4083263,2932787,4240609,1070329,2295906,1242665,1961073,706452,0,310660,1282514,0,1138504,0
207,000678,2017-09-01,0.0022831050228309113,0.0,0.3598023473823991,8780.0,53759.214097157565,592,6703410,7490362,618519,1042158,1923428,1952136,1386699,1294058,1535838,1310122,707406,763816,0,390720,0,0,531520,737352
208,000679,2017-09-01,0.003236245954692629,0.0021574973031284195,0.3851923298450403,9350.0,64171.78092595687,579,8063438,7502519,856385,450570,2316507,2795429,1282146,988845,1057952,951312,273076,656094,1347520,374000,929852,430100,0,856169
209,000680,2017-09-01,0.013377926421404451,0.00836120401337781,0.13065338977423038,18210.0,168150.86873019455,2099,58659280,75405713,1338189,1814189,9501357,10162972,8789099,10055091,8721943,10378916,4795456,7619615,7821162,6358525,2620774,4855648,15071300,24160757
210,000681,2017-09-01,-0.0005649717514123465,0.015819209039548143,0.36745623123956417,26872.5,180001.39991387315,2326,73935988,95102334,991652,1692288,12592510,12611216,10446316,12074744,10754003,13221290,9829886,7915668,5703623,7188147,7617878,8122963,16000120,32276018
211,000682,2017-09-01,0.001865671641791078,-0.001865671641791189,0.16024853519619303,10780.0,145705.13703521361,1120,29519895,22209346,1003136,870989,4809144,3710889,5010608,3189594,4961264,3476764,3170233,3005014,1444170,1012486,1416200,896397,7705140,6047213
212,000683,2017-09-01,0.023738872403560762,0.029673590504451175,0.05995959319290424,39211.5,393377.23351936234,3192,193834007,254586954,1304077,1370826,15118174,15021042,19571612,19028480,31312408,28898738,16123195,20985339,13488080,17868994,8850240,10943598,88066221,140469937
213,000685,2017-09-01,-0.001808318264014619,-0.001808318264014619,0.26874874152369127,11025.0,119766.70060805729,1694,41337425,42275762,1967397,1656251,5312287,5733110,4929142,6272229,7036463,8692515,4866679,6662767,3601583,2771780,2293667,1786641,11330207,8700469
214,000686,2017-09-01,-0.0036429872495447047,-0.002732240437158584,0.21678961453841275,32970.0,325875.7471319704,2567,174346842,190292453,1529544,1341744,9597374,10168488,10605944,12979211,19549224,23927821,17120176,16427446,8962566,11770759,9461243,6440545,97520771,107236439
215,000687,2017-09-01,-0.009855951478392688,-0.006823351023502622,0.3657653643733205,18368.0,94577.81786284251,1300,37797870,22672119,829008,1002806,7079773,7249957,5678131,5139883,7218774,2956493,4112882,2804637,1777310,2155586,1804022,823114,9297970,539643
216,000688,2017-09-01,0.004541326067211582,0.0027247956403269047,0.19862938410123654,50085.0,222596.41413132136,3081,175999210,182519515,1173567,958962,13211928,13269717,20276769,19155321,34503921,33361052,24971828,19014103,18771842,17442010,9367033,14170184,53722322,65148166
217,000690,2017-09-01,0.017721518987341645,-0.0025316455696202667,0.1856834098123506,18936.0,212158.3119798333,1812,91384510,42678558,1956187,1040051,10623649,6840139,8587577,5945868,10950671,6281144,7441902,2978257,10519975,2077513,7801688,3022613,33502861,14492973
218,000691,2017-09-01,-0.009408602150537626,-0.009408602150537626,0.3874326720199717,14720.0,129427.42030837515,368,9718772,3886535,306720,357999,2001094,1882382,1231224,1052630,1330791,593524,973700,0,370000,0,0,0,3505243,0
219,000692,2017-09-01,0.011331444759206777,0.0056657223796034994,0.2737085753014812,11392.0,68043.20354272766,665,10787721,10194455,749155,532531,3267151,2661143,1898782,1302920,1665864,2078596,973641,1390995,356000,1702160,0,0,1877128,526110
220,000695,2017-09-01,0.010480349344978324,0.012227074235807933,0.5284484392684856,11440.0,92074.80192094271,469,5509701,8521931,419875,397947,2196898,2179994,1143207,794877,1180107,589269,229000,504777,340614,1071451,0,0,0,2983616
221,000697,2017-09-01,0.004259346900141958,0.012778040700425874,0.5254826000908843,30211.0,155375.0664695462,1617,54894064,75143678,1011303,800274,7575899,7839868,6889954,10017702,11315616,13390042,8214440,11430284,5279541,7240898,5284761,4788412,9322550,19636198
222,000698,2017-09-01,0.0028571428571428914,0.0,0.19411506501525297,13980.0,131301.18798249477,1301,33822722,33552094,1228293,1004859,5075515,5633399,4274344,5884463,5096557,6334167,2321274,4632287,3777821,2838449,1733439,892719,10315479,6331751
223,000700,2017-09-01,-0.005434782608695676,-0.0013586956521740579,0.2055777611632427,12109.5,69499.23826526337,1282,20688144,19502261,867578,1431811,6289887,5748143,4516780,3927490,4730735,2358316,756581,1923357,1014934,319424,471408,1435386,2040241,2358334
224,000701,2017-09-01,-0.006642066420664228,-0.009594095940959502,0.294739440241338,24300.0,126564.28945482174,2114,79503880,47754614,1090335,1529672,10735985,11155207,11900808,10498131,15502286,12451527,7854679,4272949,5846291,2790347,6631880,2285452,19941616,2771329
225,000702,2017-09-01,-0.004985044865403632,-0.02093718843469583,0.18036147664515476,28449.0,293526.5428167677,3099,133991654,85631410,3173807,838995,26938295,8699758,26662176,11285525,23400596,15395188,11489177,7271327,6623161,4687190,5437333,3002236,30267109,34451191
226,000703,2017-09-01,0.00905250452625217,0.006638503319251532,0.3555360373726061,13160.0,109764.11588656687,2173,30962710,61379240,700130,2677157,7270436,10132950,6027265,9768422,5767826,10786551,918483,5371052,2076940,6003179,1893478,2771467,6308152,13868462
227,000705,2017-09-01,-0.0009680542110358514,0.0019361084220717029,0.28227032380038436,4144.0,26409.63680143443,1340,8884788,7727022,2520695,653511,2702055,3677269,1550028,987672,1453962,1415935,658048,992635,0,0,0,0,0,0
228,000707,2017-09-01,0.019047619047619202,0.01632653061224487,0.19532791885969333,14202.5,132699.2800476378,1418,31878768,38803658,2231848,886349,6713005,5661827,5180943,4856367,5687814,4869955,2295868,4996489,1711898,3247402,2757863,989827,5299529,13295442
229,000708,2017-09-01,0.03609022556390973,0.043609022556390986,0.2631579307357064,36909.0,215795.39529770907,2559,102841921,136813738,1049990,1849332,10731250,11715071,13952972,16167427,26387266,24997972,11963644,14769663,6065385,10058153,5220232,8599857,27471182,48656263
230,000709,2017-09-01,0.043933054393305415,0.05020920502092041,0.0799249161230768,336159.0,1320432.9093558649,3598,986742563,1562639887,41917,64192,2456732,3197108,11429198,15118096,44771860,50137356,49152412,64888508,47952910,71477405,53864653,65840835,777072881,1291916387
231,000710,2017-09-01,-0.03865979381443296,-0.031894329896907214,1.2930194945448872,42224.0,317636.43705756235,2306,157693073,100723586,701462,974403,10727899,10914458,15126570,12724712,24479816,16242314,16537841,14226236,19069226,9625278,8424202,6265418,62626057,29750767
232,000711,2017-09-01,0.0006600660066007347,0.0006600660066007347,0.4859024461243794,15200.0,100159.1998350405,972,26324538,12896143,752119,817037,6714389,3748029,4124613,2364529,5061852,1339278,1934614,1430536,623308,625560,1316652,1357402,5796991,1213772
233,000712,2017-09-01,0.021220159151193574,0.016976127320954992,0.4219338217804412,28312.5,136616.47563944664,1996,60925933,81076222,1478231,1340291,8875800,10871112,9892950,10199784,14111718,14162988,7236825,7826558,5502977,10897954,4922724,5762272,8904708,20015263
234,000713,2017-09-01,0.0024420024420026554,0.0012210012210012167,0.3742594655869773,16360.0,67436.81930365265,478,9911392,8422391,496912,474426,2552212,2206655,2204225,2118731,1998361,1999405,1226080,906981,0,716193,0,0,1433602,0
235,000715,2017-09-01,-0.0036133694670280603,0.0,0.4239083191491215,7215.0,89329.07558153065,682,10258755,6315417,434380,751114,2078961,2453084,1622293,1187970,1662579,932874,1391392,0,385506,990375,0,0,2683644,0
236,000716,2017-09-01,-0.0058651026392961825,-0.0058651026392961825,0.18084150943695576,10215.0,93018.06879304795,1423,30370531,18988695,1866207,1140587,7184867,3845069,5048714,3242643,5892375,3495758,3078932,1179027,1005800,1004524,1323168,898194,4970468,4182893
237,000717,2017-09-01,0.09397590361445785,0.09397590361445785,0.14078337677098862,166164.0,1788963.2604239811,3499,955069289,872505267,808981,298763,10732302,6685414,18811409,14622938,50097576,36993750,46929970,37481043,43352564,33113107,34016153,34164794,750320334,709145458
238,000718,2017-09-01,-0.0018018018018017834,-0.009009009009009028,0.14168898429356794,16620.0,187086.04113532833,1538,49921016,29443261,1016385,1042135,6842994,4677693,14200520,6797319,8584465,4364037,3924671,1278323,2441351,631468,1809906,899051,11100724,9753235
239,000719,2017-09-01,0.0018365472910926162,0.0009182736455464191,0.3496746193973196,3282.0,46590.99710072775,971,8757241,9864541,608160,811765,2668701,3880566,1903329,3349667,1717419,764931,496358,200928,0,0,491654,856684,871620,0
240,000721,2017-09-01,-0.0013404825737265424,-0.008042895442359144,0.23472626184182174,11182.5,96440.50260117186,1010,20077785,11936317,982472,1072499,4922492,4104040,3466387,1916462,1787779,1765272,992373,202212,1463217,963368,475177,418784,5987888,1493680
241,000722,2017-09-01,0.0008230452674897748,0.0,0.5134673197003434,12170.0,96484.93875650238,559,8470121,12856699,376304,677607,2711601,2701124,1645743,928897,828678,2582739,770503,486600,1143016,621625,493696,447488,500580,4410619
242,000723,2017-09-01,0.0349726775956285,0.04808743169398899,0.16382050101724824,87724.0,537232.095298333,3145,372490294,387947110,968606,1067121,8063400,13304482,13025045,18831515,27379222,34703017,26967495,31273542,32173429,33332960,34629545,34778987,229283552,220655486
243,000725,2017-09-01,0.0026109660574411553,0.0026109660574411553,0.06476729902128694,61600.0,1164466.504494747,3535,423534900,346700859,1006811,802427,17930512,14416443,24068437,27908733,40275696,33580268,52561272,37867410,19135828,19123372,13478414,14176829,255077930,198825377
244,000726,2017-09-01,0.012562814070351758,0.01675041876046901,0.24243432626249506,14568.0,97478.60399084637,2427,36710532,66727902,1064198,2913158,8528824,13907994,8247799,14164438,9009028,17794800,3603995,5432431,1408818,4200733,427632,3044374,4420238,5269974
245,000727,2017-09-01,-0.0035211267605632646,-0.0035211267605632646,0.06448511263173144,8460.0,192768.48160159815,1958,61288916,31608128,2295381,1331706,7747900,6391551,5685315,2369731,6534605,4335301,5193036,1825695,2498636,2254619,1747836,1786747,29586207,11312778
246,000728,2017-09-01,0.006858710562414272,0.0,0.2572183294271107,85963.0,407367.7947035398,3215,346625186,346083820,658317,736246,12351584,11388392,19308182,21343283,41733899,40302240,34409767,29806459,31751938,25835455,27011664,26496274,179399835,190175471
247,000729,2017-09-01,-0.001519756838905706,-0.001519756838905706,0.15012791673418704,9212.0,66287.7503013471,1924,29802662,27103169,1646850,2653703,6715418,7972908,5315890,5259037,8173484,4737854,2413189,2312064,1311821,0,1282538,896120,2943472,3271483
248,000731,2017-09-01,0.001107419712070845,0.0044296788482836025,0.2009455566829367,23738.0,217510.8140035282,2021,72734187,74556561,1451538,1795081,10216327,9548707,10851345,11325592,12939231,11428993,7186391,6817260,5949667,5390452,6278643,5388167,17861045,22862309
249,000732,2017-09-01,0.01897184822521414,0.017135862913096656,0.3137771417545326,8290.0,55637.42214540607,2713,23892105,47150083,719742,6462705,7029284,13314089,5989319,12177147,4150717,6279211,1800084,3130022,1414972,2422988,869150,906483,1918837,2457438
250,000733,2017-09-01,0.027312228429546836,0.0266914959652389,0.33131496923511516,28016.0,138556.44478143816,2365,73514991,100470254,2191722,1030637,13474596,9680027,12178906,13022368,18356446,21647697,6589885,13391495,5810930,8749051,4921318,9260211,9991188,23688768
251,000735,2017-09-01,0.004304160688665792,0.0014347202295552641,0.1900281584790774,17387.5,122254.6650053238,1346,39562222,34009255,1178172,916369,7347475,5393234,5416512,4356298,8577718,4159212,7377039,4664031,2339948,4613863,1341673,1411113,5983685,8495135
252,000736,2017-09-01,0.00216294160057684,0.00216294160057684,0.5712128838194255,8399.0,65825.372719744,589,5458759,10109070,363326,934443,1707957,2192751,976748,1601070,1386504,1061488,1024224,1903274,0,393370,0,0,0,2022674
253,000737,2017-09-01,0.014469453376205754,0.019292604501607746,0.1534048159730475,14559.0,105660.29418515394,1646,31985926,38842082,1748051,1160761,7851358,6993754,6619326,7163476,6714393,7499089,1847444,4206028,3377389,2246278,2689666,405090,1138299,9167606
254,000738,2017-09-01,0.0010235414534287557,-0.0051177072671442225,0.49787587873120004,13579.0,120448.8835742564,1540,35876858,22189191,1179892,1504317,6406376,6414785,7161834,4903479,7161040,4605735,3058665,1519678,3867051,1343157,906528,466320,6135472,1431720
255,000739,2017-09-01,0.0,-0.00422535211267594,0.294109452275324,5676.0,87968.42904166048,582,13149080,4932340,975189,335884,2141693,1153669,1488975,765794,1553923,949868,1803328,505117,667908,712248,1435802,0,3082262,509760
256,000750,2017-09-01,0.0032102728731941976,-0.0016051364365972098,0.12453785457675356,22464.0,259264.073940331,2509,120395008,107114532,1663162,1988992,11591733,11043505,13567069,11655326,15456264,15514258,7630474,8070113,4813217,8326194,6169530,4134876,59503559,46381268
257,000751,2017-09-01,0.015974440894568787,0.022364217252396346,0.10631555433428977,99845.5,539907.8325798577,3480,320741802,411301360,702088,750637,11699958,10464689,28461603,20932092,50578689,52743225,46181924,40326679,39454022,32153449,23065228,29885623,120598290,224044966
258,000752,2017-09-01,-0.010869565217391353,-0.009420289855072483,0.47231443248451166,13670.0,96721.2579081011,853,18386471,14221798,755291,774089,4720092,3915617,3712638,1738128,3097419,877154,1282906,1046475,305325,1303812,911603,454878,3601197,4111645
259,000753,2017-09-01,-0.006211180124223614,-0.010351966873705987,0.13799465708774775,12428.0,96407.60976735404,1227,33922794,15916507,1066593,1255029,6305001,5842837,4757361,2821468,5507994,2932653,3232353,275198,3196546,310700,2801133,939319,7055813,1539303
260,000756,2017-09-01,0.030031948881789283,0.017252396166134165,0.4210279139521595,7888.5,80401.72717034194,1384,19047065,28594816,1730564,1210908,3610649,4550486,4775450,7467631,4330523,4685444,1603327,1526151,703250,2657485,0,825606,2293302,5671105
261,000757,2017-09-01,-0.004098360655737765,-0.004098360655737765,0.28183757761993,14550.0,60594.24193724681,674,12019928,7807686,738913,553516,3817911,2552261,2602999,1610278,1998933,1574958,0,219300,324850,761553,1360613,0,1175709,535820
262,000758,2017-09-01,0.01990049751243772,0.018656716417910557,0.14108357399996807,64053.0,399298.346424202,3254,250554662,287207901,1064911,1150921,12685461,14698664,21869443,21793026,45101775,39713671,24569303,30150627,18667482,22714104,18718437,16816938,107877850,140169950
263,000759,2017-09-01,0.008820286659316334,0.006615214994487362,0.26201626061431305,9140.0,48292.305263434755,1198,10493410,16394293,654422,2136298,3051808,7739255,2746849,2202168,706677,2448743,947188,485334,1089697,379224,0,442376,1296769,560895
264,000760,2017-09-01,-0.006396588486140775,-0.0031982942430704986,0.34999112930154225,14543.0,111198.02575458547,718,18980093,11487687,706568,645900,3033071,2707416,2920391,4894880,3442372,811176,1905684,271794,1309946,372386,1313922,467000,4348139,1317135
265,000761,2017-09-01,0.004608294930875667,0.01382488479262678,0.1153297270396059,52456.0,808543.3971920687,3212,243549704,280415786,1432478,873470,12924608,13168160,17955229,18937151,31363320,33899301,20769672,25946543,20871408,22443274,11957408,17764659,126275581,147383228
266,000762,2017-09-01,0.012084592145015005,0.010271903323262777,0.30124032555786956,49155.0,411852.06422994647,3021,163006699,205172705,1297260,1204107,13129538,13140600,18296283,21572552,30110062,34146851,20570748,22675680,15392302,21364564,9084906,14488199,55125600,76580152
267,000767,2017-09-01,0.005524861878453136,0.0027624309392264568,0.10974537293925256,10890.0,130728.26676732395,1090,25603290,23794000,840597,861737,4286129,4484588,1927067,4166127,9576617,2256269,1834347,1892814,347754,1730488,448668,1717129,6342111,6684848
268,000768,2017-09-01,-0.004226096143687186,-0.005810882197569978,0.3611754569564421,37420.0,303645.4877498744,2748,176405616,136722479,1176220,2003028,10269167,15205037,14328684,18634741,22751577,21907574,15178588,12579838,11302825,9667124,9766861,8939246,91631694,47785891
269,000776,2017-09-01,0.01572327044025168,0.014150943396226578,0.3254258642086247,173582.0,848535.010621082,3440,664981219,734562520,403103,390431,8010130,6631863,19188442,13896561,56293517,41811484,53360684,50329003,40098829,38681851,41165965,44074785,446460549,538746542
270,000777,2017-09-01,-0.0011092623405435376,0.0016638935108150843,0.48612620142891144,16263.0,117495.17409558325,1375,37166718,34329373,1565524,1134456,5805667,6440560,6047236,4286322,6441831,7411620,3997504,2924220,2125014,3993298,2256650,2099114,8927292,6039783
271,000778,2017-09-01,0.021865889212827838,0.026239067055393583,0.11789688911338567,78318.0,912118.7459161873,3395,364005628,560928104,756613,1138283,11581680,13466274,18991751,25091513,35639870,43185693,25938825,32736879,24329996,32999916,28405776,22552642,218361117,389756904
272,000779,2017-09-01,0.011716057891109521,-0.001378359751895264,0.5462715458273427,14450.0,85453.9915468866,705,13939261,13148466,471280,606031,3596170,3228293,2157846,2266482,3801489,1944428,727549,935668,1746555,1297404,0,841840,1438372,2028320
273,000780,2017-09-01,0.01284403669724754,0.022018348623853212,0.11967805339229748,23226.0,148986.69769187667,2079,52908713,87754180,1150090,1437642,6970279,11155712,8197011,13531109,12034811,14888126,6758032,9819600,5241753,8862154,2275151,5159917,10281586,22899920
274,000782,2017-09-01,0.01089324618736387,0.01089324618736387,0.3672925669235511,11534.0,89746.80559644382,624,9015680,13581174,797613,610706,2341436,3065736,2771941,2265913,1617091,1592295,581849,258540,0,0,905750,1858500,0,3929484
275,000783,2017-09-01,-0.006889763779527547,-0.006889763779527547,0.20104643008048356,24264.0,248448.98447101185,2556,128227794,118662873,1676155,1197220,13567502,8467613,10451972,10168590,22250750,18243556,10512522,11143134,9529211,10758183,5357204,4449102,54882478,54235475
276,000785,2017-09-01,-0.006369426751592355,-0.007279344858962755,0.5022411847030384,10950.0,69293.75251315997,478,11658130,4931366,264381,803170,2137182,1898298,1772014,573135,2390228,336838,2515388,220600,1076717,687575,411720,411750,1090500,0
277,000786,2017-09-01,0.02028639618138417,0.01610978520286399,0.29073310276499353,86496.0,387768.6135593212,3325,295956955,356163112,775393,667707,11818300,12248027,19767895,22081357,44163381,48244640,35722617,33668539,27237172,35277135,28751533,25010660,127720664,178965047
278,000788,2017-09-01,-0.008466603951082008,-0.009407337723424392,0.4410948878183163,15780.0,62332.21333291449,580,13633322,7039016,321962,380756,3310175,2068965,2684581,1687355,2440630,1394371,1847452,1147443,1274949,360126,1228073,0,525500,0
279,000789,2017-09-01,0.013546798029556717,0.017241379310344973,0.18860449300876994,18040.0,188629.03390886117,1855,60849425,68301696,1730316,1745443,6681163,10201526,7448915,9110618,5794199,11061540,5865734,3727863,4457181,3820446,4848369,5548661,24023548,23085599
280,000790,2017-09-01,-0.006276150627615107,-0.0010460251046024993,0.40587756363017785,9500.0,83356.25984830034,554,11537259,8212221,1085629,260053,2684273,1006127,3196262,1142351,1520228,2245905,1775357,493247,735150,686903,0,402273,540360,1975362
281,000791,2017-09-01,-0.0012062726176115257,-0.0012062726176115257,0.26653489455481455,11634.0,54620.37911419224,967,14979451,13499393,1237670,1055633,5440672,3939031,3183622,2018206,2748990,2535219,711909,1929895,1046913,984797,0,0,609675,1036612
282,000792,2017-09-01,0.008613264427218104,0.011197243755383335,0.2418939354524261,35640.0,297495.41937498265,2306,137916108,147806087,995807,1203331,10694929,9988451,11428960,12724927,20082446,20806278,14803564,16290222,11318081,13692842,11137345,8130070,57454976,64969966
283,000793,2017-09-01,0.0028142589118198558,0.0056285178236397115,0.31806918100880155,16035.0,126547.67788253004,1123,37482150,24108101,803807,1000341,4723822,4290488,5474692,4003273,6143561,4538063,7691068,3127449,4480084,2172971,2174154,896317,5990962,4079199
284,000795,2017-09-01,0.03292181069958855,0.028806584362139898,0.12533730064800597,58061.5,237714.66204977152,3392,168924068,234555841,985586,1005349,15196484,16949361,25608049,28895853,36195160,42032414,28485814,30020328,15042722,23824376,9943660,18418791,37466593,73409369
285,000796,2017-09-01,0.04790874524714828,0.04486692015209126,0.2915955133905027,27500.0,118068.96839483576,2037,58719927,66355361,1453421,1121384,9149079,12026677,11410703,10053564,13957057,12758257,6671123,10370915,3727764,4427192,2671998,4936072,9678782,10661300
286,000797,2017-09-01,-0.008021390374331583,-0.007130124777183555,0.30754860974840603,16890.0,128749.59658397856,1331,50642110,21110215,938958,575951,7273234,4713380,6793509,3947701,10266865,5166845,4451141,2372477,4563284,3007322,3992637,810757,12362482,515782
287,000798,2017-09-01,-0.007360672975814997,-0.008412197686645695,0.3802168226893702,14115.0,48268.76464077312,625,11723607,6113015,746894,605634,3876655,2420825,2560427,1266060,2232749,720394,1360728,475002,363998,625100,0,0,582156,0
288,000799,2017-09-01,0.035532994923857864,0.023818820773135574,0.4723442517039679,44149.0,202869.89832460645,2941,138401334,169534798,910270,886080,15015109,14375719,21506879,18889220,28221446,28536203,19393823,20154267,13403966,12939081,11031918,8579652,28917923,65174576
289,000800,2017-09-01,0.038160469667318786,0.039138943248532065,0.21096222437588524,38554.0,366284.85944588337,2349,131410355,176814011,1001908,957506,11144716,9727548,12827229,10402702,20596822,21284959,11202004,20083964,9712842,14411047,8509943,13695111,56414891,86251174
290,000801,2017-09-01,0.0024009603841537164,0.004801920768307211,0.21518405830323706,11717.0,73924.17871164267,1499,25867368,24002878,1272255,1756471,6265811,7145535,5146603,4453062,4163921,2756007,1709513,2366320,1088106,699284,1716975,3162294,4504184,1663905
291,000802,2017-09-01,0.0011494252873565092,0.0005747126436781436,0.3554553959990285,31248.0,125214.49443584241,2397,91377817,75533776,1264445,1304581,12512197,11506728,16289498,12630463,22671371,15714930,13465338,9211075,7910075,5843681,3599014,3557809,13665879,15764509
292,000807,2017-09-01,-0.01377810007251623,-0.0007251631617113397,0.23175571363079672,177927.0,830465.8809641184,3553,672195147,731405033,222157,398960,6613649,8606516,17222134,19830720,42387239,49231913,45947369,44125530,43390889,48785359,45660263,44677569,470751447,515748466
293,000809,2017-09-01,0.0,0.0,0.20867793271090732,15427.0,152180.67545946722,376,10493301,8833883,270317,247082,1603758,1977384,1335599,1595793,1691956,1008983,1497320,1179903,640542,381639,864809,413100,2589000,2029999
294,000810,2017-09-01,-0.00454545454545463,-0.0027272727272726893,0.3785055985663138,9850.5,52095.92431137519,844,11390207,8126680,638298,1111896,3225489,3104416,2365187,2300617,2354135,867754,482328,424386,0,317611,852160,0,1472610,0
295,000811,2017-09-01,0.0020000000000000018,0.0009999999999998899,0.2751219512087321,9980.0,107256.80877281215,1321,31391466,17173379,1739464,742031,6253567,3123166,7299372,2519520,2941437,2324318,1803161,3096884,718160,1442908,1642279,1844337,8994026,2080215
296,000812,2017-09-01,-0.0022805017103761926,0.0022805017103761926,0.36265667010939673,13192.0,59742.17743893137,584,10936368,7948721,567528,494817,3070240,2584575,2508507,1804112,1844966,1444865,505154,778236,1461765,0,437360,842116,540848,0
297,000813,2017-09-01,0.02168674698795181,0.01927710843373487,0.21324102298758651,8280.0,40057.70828437336,1517,11671337,19576600,979784,2614739,3062927,8168042,2942673,4688098,1888513,2073899,937558,836497,1398273,314608,461609,880717,0,0
298,000815,2017-09-01,0.008006405124099336,-0.0016012810248198228,0.5385543906720534,12370.0,41138.24857048142,537,9087564,3037875,883628,326765,3632416,1447151,1223005,810517,1845083,453442,278550,0,768798,0,456084,0,0,0
299,000816,2017-09-01,-0.004243281471004279,-0.004243281471004279,0.18969977069547295,6309.0,61823.86537148667,1390,17413616,12805978,1901478,1544564,4751170,2679890,1522349,1362097,2158862,1878200,2214186,2972000,2848594,693531,474577,457600,1542400,1218096
300,000818,2017-09-01,-0.018333333333333424,-0.015000000000000013,0.30776354552547913,17782.5,129556.21857578444,1522,50071708,28964369,1260984,1022394,8390002,6021329,7402644,4753910,10397869,6485880,6001140,1966499,4140740,1881672,3851126,951536,8627203,5881149
301,000819,2017-09-01,-0.009890109890109855,-0.0060439560439560225,0.517025448804252,12701.0,61112.969204279485,1240,21617993,15299140,1054873,1554164,6449713,4873274,3936130,3643436,3789730,3528655,2090639,613673,725000,0,430082,0,3141826,1085938
302,000821,2017-09-01,-0.01538461538461533,-0.01538461538461533,0.35217924904258535,12850.0,185121.9890650778,1363,38434075,20059218,835476,1150139,6304504,6764456,4842032,2898495,6299057,3902448,2484936,1212330,4196377,339891,435610,473229,13036083,3318230
303,000822,2017-09-01,0.04922279792746109,0.050086355785837755,0.19516313197866364,145548.0,736595.2819328959,3535,560765170,593061650,430236,332102,8035087,10195175,20124488,20575681,51866541,48095906,50426313,43239899,43107515,36001671,36482327,30323463,350292663,404297753
304,000823,2017-09-01,0.0006644518272425071,-0.003986710963455153,0.32937274589292925,22537.5,185545.50379532325,2090,106400514,66612509,2268115,840225,10138862,5983341,14686740,7069949,16216315,13958671,10763952,9647663,8835446,6124225,6351570,1855246,37139514,21133189
305,000825,2017-09-01,0.031021897810219023,0.05109489051094873,0.0924270796017773,129919.5,613789.0643281979,3536,462580825,626291175,507527,520202,9082836,9415082,25880309,20233647,46893436,48388352,44445073,46123981,39405575,44253223,28314115,37502524,268051954,419854164
306,000826,2017-09-01,-0.004750593824227933,-0.01098574821852727,0.7397197870635802,37114.0,361186.3533316743,2073,139177917,97551513,811913,941607,6870427,10572940,11573608,13889638,20219106,19409304,14250321,8292535,8159312,12985109,6659020,6286842,70634210,25173538
307,000828,2017-09-01,0.011857707509881354,0.011857707509881354,0.34658739239665953,25420.0,109659.98029630314,1332,27770380,51024665,576965,768906,4875765,9419592,5173843,10607427,6150929,10444516,3482381,4537396,3960728,1695767,410238,2763252,3139531,10787809
308,000829,2017-09-01,-0.0009345794392523477,0.004672897196261738,0.30046121536964887,14994.0,116613.30737531945,1268,27716173,35551850,772818,1231027,5569577,5067871,4152535,3959344,6385793,9292456,3086210,4583995,3373139,1746610,0,416619,4376101,9253928
309,000830,2017-09-01,0.040774719673802196,0.03465851172273182,0.16623879576733694,90573.5,378907.58353944303,3492,321251844,358039576,602140,747689,12261185,11688881,24517662,20193009,57488944,45898680,41540136,39154354,28184943,34139711,26491432,22571564,130165402,183645688
310,000831,2017-09-01,0.03116710875331563,0.036472148541114136,0.2584426800115853,92807.0,385486.0942661075,3409,290750078,380725981,768534,732427,11158211,11333512,25928857,22459793,47876387,45423077,42679085,42491411,30806953,38259758,21576443,29002635,109955608,191023368
311,000833,2017-09-01,0.006090133982947554,0.0036540803897684437,0.24430204701328356,16500.0,91383.85946169142,1129,21832949,28557135,1194134,1044234,5612011,5418968,4036780,4269115,3893170,5385115,2737123,4218401,1327526,1356396,478176,1729460,2554029,5135446
312,000835,2017-09-01,0.0010266940451744144,0.0010266940451744144,0.3406174543697841,10736.0,71032.65021190663,817,14129603,12515827,900633,1084648,3794308,4063038,2882594,2648155,1975737,2006356,420388,1740155,301940,316875,0,0,3854003,656600
313,000837,2017-09-01,-0.0025542784163474774,0.003831417624521105,0.22438984562175404,11775.0,75701.57957223403,1218,24598739,19161338,1277433,1254204,6216908,4866221,3705891,4052208,4701329,3433637,2577303,2235977,1713636,1723016,1276080,412125,3130159,1183950
314,000839,2017-09-01,0.007407407407407307,0.0009259259259259967,0.18402826283218798,114480.0,644576.5803559457,3449,592978254,439194212,626467,618138,11533731,9050286,21570247,19332887,51557472,41339910,44195759,34162356,38530919,26685895,31768755,34462989,393194904,273541751
315,000848,2017-09-01,-0.0021551724137930384,-0.0021551724137930384,0.2620539359327403,14824.0,131132.00113519697,1254,35283275,24211600,679616,1369462,6364621,6047584,5462515,4951215,3502739,2882473,3717249,965093,2435757,1097401,2345980,3053685,10774798,3844687
316,000850,2017-09-01,0.011173184357541777,0.007448789571694592,0.2157319026844544,5918.0,91952.46834217999,619,10114474,13981969,359503,595826,2036271,1757901,1481113,1246244,2017644,1462549,2333330,2253813,690748,2750221,431432,1405023,764433,2510392
317,000851,2017-09-01,0.006647673314339908,0.0047483380816715215,0.34666679621643415,16872.0,108910.96455754119,922,23941430,22671630,683198,633082,3887007,4458811,2502683,4096286,4317199,4373001,3468606,3971520,1297669,3217860,0,848096,7785068,1072974
318,000852,2017-09-01,0.012969283276450527,0.013651877133105783,0.2646944199637712,53244.0,277680.78842198016,3066,211640648,190447820,1098279,893389,13630680,14435615,21165556,18499463,38858659,29364222,23933406,20351408,19227291,16213850,15912497,13768748,77814280,76921125
319,000856,2017-09-01,0.0026613439787093185,0.00632069194943452,0.571186286140939,39533.0,161657.0540027474,2770,133178411,126557263,1276065,1148486,14113302,14363922,18099538,17606073,28992734,23912897,17444885,13567952,13112569,11987035,7534129,7631328,32605189,36339570
320,000858,2017-09-01,0.0027100271002709064,0.006323396567299078,0.9603132763326769,99891.0,474570.86322288075,3322,437413722,295852006,511207,333325,8389328,7015114,43175836,17984833,64503704,38784364,39311127,30152359,37858242,20333103,19477656,15981205,224186622,165267703
321,000859,2017-09-01,0.007766990291262044,0.007766990291262044,0.1723545409539075,14013.0,177702.26216387574,893,19070586,20770940,580117,779600,3909334,4018768,2373826,4022849,2941667,2641658,1906204,3862193,371520,1360023,902664,889452,6085254,3196397
322,000860,2017-09-01,0.004050632911392293,0.0030379746835442756,0.4504710904985021,29737.0,197675.2027875502,1922,74786029,61739462,1291421,1366369,14870020,10344675,8728922,8754831,11652424,8841579,5932757,4792692,6029741,4817307,3009053,3609459,23271691,19212550
323,000861,2017-09-01,0.005376344086021501,0.0026881720430107503,0.15299579589041695,6678.0,90177.64980605256,591,10194965,7947341,626237,560410,2427698,1244042,1620058,1013394,2341793,1697270,980537,756256,372000,775161,446400,406570,1380242,1494238
324,000863,2017-09-01,-0.0014204545454544748,-0.0014204545454544748,0.31397608199321253,10537.5,80122.96233335139,502,8282440,6610219,530797,308937,3100045,1283414,1462598,1107462,1385964,836796,210900,778609,351000,731495,0,929906,1241136,633600
325,000868,2017-09-01,0.0078125,0.009765625,0.20393849514242623,10310.0,87331.28531489802,630,8371375,12436980,520977,358843,2198141,2587736,1619610,1838705,2052791,4838402,799206,695559,337920,0,0,413600,842730,1704135
326,000869,2017-09-01,0.020293122886133164,0.018883878241262808,1.0243917510068319,24955.0,112171.27948765476,1199,30811859,39821923,726236,534335,6641566,5757705,5989034,6836765,6521339,10487248,3271961,5153795,1673915,4057968,0,1376366,5987808,5617741
327,000875,2017-09-01,0.0,0.0,0.16529406238779507,12800.0,129611.39990199421,971,20702862,22754383,725575,799182,4292563,3737003,4433216,2732414,3235706,3388935,3202080,1516066,1119935,667420,438784,0,3255003,9913363
328,000876,2017-09-01,0.0,-0.0026490066225165476,0.17297842308378358,15834.0,407004.3650779227,1907,82927020,52531500,1179351,2057769,8860643,8611231,10846711,6180364,8679721,7081425,3138492,2906363,5128728,2189749,3169462,2240847,41923912,21263752
329,000877,2017-09-01,0.005434782608695565,0.004658385093167627,0.24277510351303822,28512.0,144748.47433179148,2816,101461094,106148399,1394112,1244283,15307176,13854650,16270927,15435030,21562926,24160824,14000614,11005985,10741604,7900363,5031542,6227934,17152193,26319330
330,000878,2017-09-01,0.012491781722550943,0.005259697567389754,0.2669581162370833,81699.5,502732.49581245804,3250,304872996,358764403,720301,829153,11626072,11964678,23670935,19777440,43416372,35171712,36332368,37188153,28970430,33339061,21948303,21445520,138188215,199048686
331,000880,2017-09-01,-0.009353741496598622,-0.011904761904761973,0.46073938647996576,12760.0,48494.371961699755,651,12515093,6345602,589725,541589,3089543,2897238,3265794,1169947,3348498,1096028,966033,218268,0,0,1255500,422532,0,0
332,000881,2017-09-01,-0.004062681369704002,0.0,0.49980838667366984,17420.0,130888.39018444503,1188,38341273,31871527,971687,838705,5671996,5486193,4755671,4868971,7423465,7783009,1898071,4107824,3698475,3036634,2193906,468329,11728002,5281862
333,000882,2017-09-01,0.002732240437158362,0.0,0.11391505231267329,9685.5,107796.73313942015,1034,26202246,9566362,1338058,605751,5830965,3180320,3530009,1401158,4898165,1383789,1299092,1190598,730000,669414,1363065,443592,7212892,691740
334,000885,2017-09-01,0.013287401574803237,0.01624015748031482,0.3708111339521161,53794.0,180573.7633362244,3005,147576482,160314353,728842,772789,15289244,12761632,22700039,21963564,34520683,35335235,24509515,24562994,15716192,16677495,7524386,6596652,26587581,41643992
335,000886,2017-09-01,0.004761904761904745,0.0,0.17395399833912087,16510.0,210708.2780255205,1313,60546596,44128320,1098369,881811,5992408,4465896,5356832,4709824,9957770,5396284,4945905,5301509,4556435,5604076,1347194,1291821,27291683,16477099
336,000887,2017-09-01,-0.00880829015544049,-0.011917098445595853,0.44909498423717886,32385.0,356807.96712702786,1847,135982245,80200007,1071283,1020977,8522669,8176796,10901519,11078756,14153217,12837804,10071547,9530546,8880683,5758205,5845556,5774604,76535771,26022319
337,000888,2017-09-01,0.010344827586207028,0.011206896551724244,0.39982798575165324,8162.0,57689.79416978424,841,7717422,16466534,854423,855647,2301068,3028410,2292233,2499821,952314,3924317,970284,3591522,347100,347208,0,1699381,0,520228
338,000890,2017-09-01,0.011138613861386037,0.00990099009900991,0.2133625068514253,16389.5,89213.52864547161,1436,31967699,29897048,1220353,1063187,5892212,6025825,11740795,6917301,8532703,6323114,2882633,2428113,307708,1006172,0,1339618,1391295,4793718
339,000892,2017-09-01,-0.008567931456548328,-0.012239902080783294,0.2966269995143297,8119.0,76530.22077938657,758,16045392,8895142,1247549,685262,2628994,2432061,2774310,2159134,3038067,2123574,2722102,771898,318950,723213,926971,0,2388449,0
340,000893,2017-09-01,0.0024271844660193054,0.0024271844660193054,0.3146908984283239,10659.0,40142.483244995485,685,8203559,8494439,834991,663824,2862392,3152321,2313813,1913836,1440961,2025414,446811,268794,304591,0,0,470250,0,0
341,000895,2017-09-01,0.0031208203299153414,0.000891662951404415,0.4324325943035731,38080.0,197716.1413100673,2692,113488278,73183156,1428747,1021232,27183672,12828539,20787996,12771874,12269686,10029555,8470415,5947593,8435505,3844961,3612318,4455686,31299939,22283716
342,000897,2017-09-01,-0.01327433628318575,-0.011061946902654829,0.12595991404378104,8920.0,93617.40367663585,1290,24746747,15734743,1346160,1408917,4914721,4562921,3843416,1950654,3385075,2128483,2427863,1700399,1362196,1001123,2679314,820736,4788002,2161510
343,000898,2017-09-01,0.06675749318801083,0.0681198910081744,0.12665954772303034,83490.0,815418.1704832317,3377,475432145,446904371,1061755,874431,11537103,10740040,24806483,18339185,45134537,35044795,38404660,28739363,23197556,24122594,22928359,25769082,308361692,303274881
344,000899,2017-09-01,0.004037685060565233,0.006729475100942128,0.2717435889474569,13338.0,161219.36695770855,747,11681509,22311943,1026560,611758,4040738,3344315,2498490,1694698,1625438,2065563,1250858,1346308,744000,691804,495425,860850,0,11696647
345,000900,2017-09-01,-0.006369426751592355,-0.0015923566878981443,0.14636481002561993,7512.0,64822.46699231358,1844,30340398,21655833,3553352,854065,6426912,5802781,6431526,3399373,5368773,4819936,2173530,2606336,1674746,1257500,415664,446904,4295895,2468938
346,000901,2017-09-01,-0.005163511187607606,-0.002065404475043109,0.7190844433761128,23220.0,105751.42627660974,1632,52034434,33565874,1662213,912720,8837046,7730300,10583675,6976677,9494785,6793829,4368118,5132280,1418330,3696004,2736009,877622,12934258,1446442
347,000902,2017-09-01,0.0031678986272438703,0.0063357972544877406,0.22884738881829694,20889.0,111167.80491591414,1714,36890479,44504167,1606369,904696,9616079,11770287,6427428,5498540,6700432,6764816,2888965,2159648,3335614,1782065,3467942,3306879,2847650,12317236
348,000903,2017-09-01,-0.007263922518159882,-0.012106537530266248,0.09252371804029494,4926.0,87260.27523572701,2000,40548459,18174109,2988653,1310012,6868064,5389790,4373659,2564314,5477584,2482907,3154678,2770268,6688664,674449,2137970,874581,8859187,2107788
349,000905,2017-09-01,-0.018856447688564648,-0.03345498783454992,0.2898853357873361,60572.0,373332.4407004811,3219,260891299,188533292,831903,1138498,12109312,16881185,23718923,25601300,39604744,42861651,23748085,20904489,23214707,15517453,18055980,8987681,119607645,56641035
350,000906,2017-09-01,-0.014155712841253831,-0.009100101112234582,0.29009754042104424,13803.5,70955.36267787109,1162,26597715,13599397,1712060,923999,7175870,4226076,4977628,3910009,3682376,2833382,2392081,563051,1415976,740670,2673065,402210,2568659,0
351,000908,2017-09-01,-0.004005340453938633,-0.004005340453938633,0.32995362616432006,22410.0,161988.28900754103,515,12604627,10414703,382990,340137,3022797,3815284,3126026,794812,1534995,1157412,938555,224700,0,378006,1321356,451200,2277908,3253152
352,000909,2017-09-01,0.0046948356807512415,-0.00391236306729259,0.48418236770033374,12735.0,65859.33839941674,696,16652773,7962013,488446,636738,3734273,2743005,3199660,2326472,3977515,639950,1456744,1227888,1987141,387960,415290,0,1393704,0
353,000911,2017-09-01,0.0050167224080266415,0.004180602006688794,0.32925530460671637,12010.0,81129.70933911052,1319,25425703,20504946,1138876,1055768,5857038,5965367,5121660,4065077,5454314,3464805,2008880,1448594,1402000,1571773,491209,0,3951726,2933562
354,000912,2017-09-01,-0.003225806451613078,0.0021505376344086446,0.21420961724192455,13860.0,111394.14508186092,1886,43630512,34450120,1815871,1712056,10978335,7899142,6296920,5229542,6635758,5931904,5626971,2217462,2383349,1564114,2220685,901623,7672623,8994277
355,000913,2017-09-01,-0.005193306405077869,-0.006347374495095148,0.7502193069462669,17210.0,57571.02283886633,533,11047328,6975575,412235,379446,2870084,1922985,2980816,1351644,3508750,1242535,949316,261896,326127,344799,0,895735,0,576535
356,000917,2017-09-01,0.012987012987013102,0.016697588126159735,0.2436748898112639,21660.0,316517.56887134636,1958,67719193,110221719,1157989,1535588,7542830,8501221,8471575,8324913,11411550,14597383,7834888,13257581,8606024,7403753,5274976,5391126,17419361,51210154
357,000918,2017-09-01,-0.004081632653061162,-0.004081632653061162,0.20056158533242208,12755.0,94940.45214983076,1344,33928861,18690243,1510333,1049654,6275225,4855067,6298378,3197051,6665346,3656360,4866358,1513171,1801024,314760,1821384,0,4690813,4104180
358,000919,2017-09-01,0.0,-0.0018621973929235924,0.3200262825438305,4284.0,29744.434881565623,1126,9438904,4805113,2508418,609824,3004431,1666802,1499575,1513639,1289725,729959,213800,284889,0,0,421465,0,501490,0
359,000920,2017-09-01,-0.0025706940874035134,-0.001713796058269046,0.36663341158354773,17580.0,148579.5968445883,1013,37203299,25138931,399314,899271,3956834,4924339,3543502,4053461,9541871,7184678,3389966,2668659,3829469,1644722,1356038,499124,11186305,3264677
360,000921,2017-09-01,-0.0007616146230008392,-0.0030464584920031346,0.27539621176258877,26280.0,142380.15254316718,2274,89278695,46850651,2380099,812008,13081536,9585578,17703865,8533959,23281494,9474566,4984865,3108372,4136678,2694978,2168713,3991368,21541445,8649822
361,000922,2017-09-01,0.015550239234449759,0.013157894736842257,0.21112460418698534,19688.0,113960.91123224648,1569,39644197,43872646,1318474,1114377,8283137,7070231,8044792,7002750,7415436,10796324,2685744,4619851,3453762,2361243,2677273,1782326,5765579,9125544
362,000923,2017-09-01,0.030731190392087715,0.027905333804309596,0.6049921425834616,31064.0,208441.15020477123,2190,76826031,99053625,1311232,1048442,11510548,10625976,14420898,11374923,18396772,15373452,8528796,10269024,5502760,5540645,2785170,5897397,14369855,38923766
363,000925,2017-09-01,0.005649717514124353,0.011299435028248483,0.6622018344929902,12390.0,75632.81801174642,714,12304943,12696375,829229,517943,3132405,3347266,1723653,1952992,2080384,2373216,921714,1930256,685358,318620,1709590,408119,1222610,1847963
364,000926,2017-09-01,-0.013492063492063444,-0.01031746031746028,0.3265507168038133,16159.0,205426.43668755406,1489,57097393,37464753,1356152,1160652,7260840,5231681,5989658,4878878,9699077,7414309,3545890,2898591,3612455,716950,2700019,2326286,22933302,12837406
365,000927,2017-09-01,0.038181818181818095,0.040000000000000036,0.12415235934802399,21960.0,209466.55619820635,1968,63741159,79909056,1431103,1154818,8952383,7329211,9698441,10173943,11314349,14852128,11027224,8993022,4484699,5165668,2546692,3219259,14286268,29021007
366,000928,2017-09-01,0.016000000000000014,0.014857142857142902,0.19513746996167822,23962.0,190166.6056660234,2012,64964406,80891945,1686357,1494465,9349460,9886266,10692712,9593250,12273923,16894154,6188506,6416932,4949033,4258388,5364211,5762314,14460204,26586176
367,000929,2017-09-01,0.0029739776951673846,0.0029739776951673846,0.6334012240415106,14696.0,38365.48175788071,450,5761113,6185100,448248,277364,2263351,2752051,1571562,1216832,870176,1244538,282642,694315,325134,0,0,0,0,0
368,000930,2017-09-01,-0.010869565217391353,-0.010093167701863415,0.23404598091965648,38640.0,189364.39484211022,3031,171052523,109848624,1549853,861036,17358183,14049430,20743387,17274716,33118447,25337578,24466605,13096479,12116049,9874713,12962862,3954267,48737137,25400405
369,000931,2017-09-01,-0.0026041666666666297,-0.0026041666666666297,0.22310521391804444,9984.0,55541.836817115676,1185,17209459,15382091,1157007,1560609,5592079,4769801,3665153,3398104,2692707,1989724,1539935,1807193,990820,691604,862442,438528,709316,726528
370,000932,2017-09-01,0.021656050955414008,0.021656050955414008,0.2383938101258262,13634.0,1708556.2577677155,1084,217681134,65240415,2083800,0,6948355,62683,5581043,137503,8331895,1854147,6587668,911986,5856865,1336251,4865375,830823,177426133,60107022
371,000933,2017-09-01,0.020758768790264837,0.027201145311381403,0.2368261397986089,140778.0,834585.7679984207,3487,569012615,767263992,496215,540754,8968205,9332303,18477207,19485733,44180461,47777196,39451639,45392033,38085421,35358952,28474810,25803567,390878657,583573454
372,000936,2017-09-01,-0.003968253968253843,0.0,0.16647407797948627,12096.0,97106.38403677654,2066,48335307,29199769,3287111,1371957,10034662,7015111,6959580,6907675,9861584,7245091,4984825,2803126,1709643,733866,1855666,459330,9642236,2663613
373,000937,2017-09-01,0.020949720670391025,0.030726256983240274,0.12119259235167772,119479.0,584174.5053838335,3501,402419372,555424098,477832,569503,10575664,10426864,22705815,24447393,49312976,50702732,41734709,46393817,34772482,34224348,33302780,32561803,209537114,356097638
374,000938,2017-09-01,-0.002747724540614782,-0.0030911901081916993,1.3294955342513806,28797.5,131158.4371811803,1918,72250445,59151310,594966,1554005,9335230,8637821,12520472,9736749,16634937,13560038,7657188,9356886,5643010,5059061,1813541,2303498,18051101,8943252
375,000939,2017-09-01,-0.005725190839694694,-0.003816793893129833,0.17454149987407902,15094.5,101430.81872595735,902,18299047,17408121,444992,868378,2421092,5797213,2313582,5037370,4114479,2477297,2917589,2373863,658896,313200,0,0,5428417,540800
376,000948,2017-09-01,0.008333333333333304,0.006666666666666599,0.43145954151222166,13178.0,73330.22387542711,773,13028291,13983850,577265,532115,4324955,3070478,2579755,2673708,2659893,3853514,1099118,1428919,0,673536,458920,1751580,1328385,0
377,000949,2017-09-01,-0.002132196162047073,0.0,0.16603943112363403,11920.0,81876.40939512607,798,12861663,12110311,635983,945181,3183750,4113230,2410827,2030641,1543674,1438516,554540,823660,0,0,1379407,494553,3153482,2264530
378,000951,2017-09-01,0.004519774011299438,0.010734463276836248,0.39545786480479156,24367.0,115909.99901875579,2004,57859107,64261056,968379,1795957,8624778,10820074,8517334,12993286,12106193,17773912,6552565,6565314,6654843,3451353,2696080,2214025,11738935,8647135
379,000952,2017-09-01,-0.009732360097323589,-0.0036496350364965124,0.4207730537391403,18084.0,143064.60931193226,1527,49397656,40714673,1391102,1203837,8850612,6081887,7466038,5313440,10302218,6742652,5655882,3814051,3197227,3143997,1841444,3304517,10693133,11110292
380,000955,2017-09-01,0.025641025641025772,0.028846153846153744,0.1670310414567706,17239.5,185592.4501805459,1398,45593924,49442203,968568,992350,5150787,7719132,3790818,5903674,6064910,8864030,5130869,4642122,5814614,7871502,2332284,4494854,16341074,8954539
381,000957,2017-09-01,0.01619047619047609,0.011428571428571344,0.30850019404863654,14867.0,68384.88169553326,1158,22072306,17115399,895249,706829,8239295,3935752,3352834,3720262,2980308,2882418,2412926,1700749,1328005,754725,446681,2215404,2417008,1199260
382,000958,2017-09-01,0.007843137254901933,0.007843137254901933,0.1591249449371698,22417.0,139186.23153168615,2314,59199324,81173522,1567828,1717179,11799410,11490154,13084846,11154460,11038418,14647414,5074413,8113913,4997795,6094245,4515392,4085705,7121222,23870452
383,000959,2017-09-01,0.03392130257801895,0.04748982360922649,0.13318309923972652,35742.0,348448.5616152161,3071,129613991,194822688,1628135,1509289,15900559,14926954,19759116,19472416,20601229,26413065,12240576,19200700,7836966,12724760,6160663,10465590,45486747,90109914
384,000960,2017-09-01,0.01943699731903492,0.02680965147453085,0.2593393599041042,77175.0,511423.35059481504,3314,300048018,367219757,1060404,597034,14799361,10813246,24305267,22551210,39912772,38523719,32969207,33661311,30502430,26025831,21855534,24035281,134643043,211012125
385,000961,2017-09-01,0.0181818181818183,0.013223140495867813,0.1400221628772696,18360.0,299266.57659988676,1870,78287556,112626047,1150020,1605070,5764056,8345604,6697384,8710661,12512090,11197275,5776944,7617307,4317145,6507198,2209891,1828567,39860026,66814365
386,000962,2017-09-01,0.015243902439024515,0.014227642276422925,0.2260643696644446,19870.0,121858.30784028108,1896,43430641,47510561,1362834,1517780,9632922,9415980,8789657,9779619,10031423,11112731,3473722,4864300,2347469,4835181,0,3466073,7792614,2518897
387,000963,2017-09-01,-0.005077215993230411,-0.0031732599957691177,1.0977594692472419,14121.0,236090.22724296717,1854,85070683,46321845,4621619,1283611,7227673,5891745,9615865,4451911,8260834,5019468,4907511,7186783,3543826,4443374,2749051,5092810,44144304,12952143
388,000965,2017-09-01,-0.012953367875647603,-0.011658031088082832,0.16973434731789633,16896.0,128184.20197599959,2071,71273515,42713904,1579453,2168988,9928271,9897634,10830669,8254237,11621757,8052168,6423059,3661990,5767186,736958,5343760,2266105,19779360,7675824
389,000966,2017-09-01,-0.047368421052631615,-0.029824561403508754,0.10742978969782475,22796.0,564482.7016349988,2833,148714819,132113264,2171984,1658951,12471216,10810757,16030552,12903577,19613105,15377482,11721392,14911650,7581501,12252224,6945126,6870835,72179943,57327788
