,code,date,pchange_whole,pchange,change_std,amount_median,amount_std,length,sumsell,sumbuy,sell_vol_0,buy_vol_0,sell_vol_1,buy_vol_1,sell_vol_2,buy_vol_2,sell_vol_3,buy_vol_3,sell_vol_4,buy_vol_4,sell_vol_5,buy_vol_5,sell_vol_6,buy_vol_6,sell_vol_7,buy_vol_7
0,000001,2017-09-12,0.014059753954305698,0.0,0.20191940557831564,53298.0,609667.5020377873,3183,324356818,371560009,982116,1382490,9535666,12765934,12821594,22485148,23910498,32939320,23892430,22945279,32539201,27688919,17982831,14021136,202692482,237331783
1,000002,2017-09-12,0.009188973232121533,0.004794246903715438,0.4308704362290487,105630.0,620297.709939716,3377,528125069,397125853,747771,622474,12047147,7749651,24447321,16331527,50495858,35827443,45242557,34285801,39634006,28510994,35202948,27078186,320307461,246719777
2,000004,2017-09-12,-0.023706045041485546,-0.008692216515211348,0.7585060647977506,17535.0,103439.05447728107,1113,34938367,17764104,879133,708544,7059843,4184027,5475574,3142567,6327906,3229117,4828321,2885947,3743871,390375,2773340,927039,3850379,2296488
3,000005,2017-09-12,-0.027372262773722733,0.010948905109488871,0.09934266924226309,36660.0,196438.39059601817,3059,142357763,141218508,1421494,1368696,15418223,14220766,19675911,18356577,28237041,24154418,15668559,17304762,10330364,11422127,12742625,10311816,38863546,44079346
4,000007,2017-09-12,0.0235294117647058,0.015032679738562038,0.5832332025490646,14004.0,131363.3803139821,688,12891678,20822321,505114,649469,3101172,2620202,3367880,1655526,3904981,2828160,677693,1242214,1334838,989756,0,1335299,0,9501695
5,000008,2017-09-12,-0.0035629453681709222,-0.0035629453681709222,0.1911556981021221,3364.0,71971.92046514287,1942,31034475,11523973,4419078,847848,6104691,2459764,4604418,1843857,4040612,2021209,3625175,423759,1687973,304775,869663,870240,5682865,2752521
6,000009,2017-09-12,-0.002123142250530785,0.03290870488322728,0.15831990397183818,132211.5,741674.2439231524,3550,442691135,605114637,439112,570845,8736289,9158529,19273156,24838500,51867473,52966981,48755119,51597324,51346354,41516781,46297263,37801659,215976369,386664018
7,000010,2017-09-12,-0.019157088122605304,-0.011494252873563093,0.1730677981198269,10320.0,56998.58368098508,910,19153246,7796643,740275,735819,5173943,2561760,3509815,2115802,3450084,1330350,2315871,661512,1285843,391400,2163416,0,513999,0
8,000011,2017-09-12,0.009569377990430672,0.0062200956937801255,0.37184262415505054,50280.0,265516.12419083115,3161,207480212,153234505,1599167,749983,14257739,13847336,20905044,19760627,40769662,30185235,32726308,21570546,13519401,11151218,20326196,7801611,63376695,48167949
9,000012,2017-09-12,-0.004672897196261738,-0.003504672897196359,0.23228632562602924,17020.0,104269.62455887876,1358,49884619,20587216,1397501,1261554,7469502,4712702,7040861,3852020,8000944,3527906,7281563,3611458,6215586,1014815,5794283,1798213,6684379,808548
10,000014,2017-09-12,-0.01426126640045633,-0.00399315459212779,0.4080263639753093,12127.0,74720.7525693916,1846,41300032,25361390,1084193,3624362,8936522,6869633,8484576,4513199,8880069,3961633,4668123,1428073,1815884,2800588,1739490,935552,5691175,1228350
11,000016,2017-09-12,-0.032467532467532534,-0.032467532467532534,0.15320794433745447,15100.0,169952.34028374843,1619,67716484,32688511,1334984,1280323,7773068,4948829,7159457,6132117,9962352,6541422,9285021,2826965,5939759,3440080,2272114,1249895,23989729,6268880
12,000017,2017-09-12,0.008610086100860892,0.0,0.3518791441606389,8150.0,55625.38433922272,533,7825991,5919092,664875,632093,2327377,1865922,1327964,1373193,921348,825949,490029,510816,655278,711119,1439120,0,0,0
13,000018,2017-09-12,-0.0012658227848102444,-0.0012658227848102444,0.18590696549548139,15780.0,130638.51529300952,1807,49291881,36223979,1260022,1932295,8202782,9589160,6532047,7489336,9178863,7398421,4870955,3632805,1731131,1612848,2668518,1790342,14847563,2778772
14,000020,2017-09-12,-0.017587939698492372,-0.0170854271356784,0.6846932495853286,11940.0,76430.92740393712,844,17254015,10587054,893594,1245408,3898432,3958609,3057798,2313388,2941752,523716,2141677,1401883,1755218,737410,461214,406640,2104330,0
15,000021,2017-09-12,-0.01833872707659112,-0.011866235167205974,0.20104493320553563,14568.0,176637.64032483302,2128,67917617,47059122,1582333,2612584,8433124,10798893,7934672,7224255,7458515,10797490,6095746,4861366,4029167,3065201,2731808,2659564,29652252,5039769
16,000022,2017-09-12,-0.002565042139977991,0.006962257237083325,0.6916919221649492,27570.0,118650.71866311254,1556,49812705,54192713,856137,925267,7703610,7917355,8747321,8545314,10739810,10157078,6311216,9500765,3811058,4733258,3160567,3455730,8482986,8957946
17,000023,2017-09-12,-0.02941176470588236,-0.021568627450980427,0.7066624935466433,17668.0,81569.94537101791,1302,32135986,18831772,948220,967532,8442381,6232034,6351492,4192099,6457763,3512790,2715347,1924193,675875,318780,430519,871616,6114389,812728
18,000025,2017-09-12,0.005139186295503029,0.01027837259100628,0.9754598004235356,32914.0,149820.54766349075,2292,83126118,85440683,1556085,1852266,11125820,12105956,15028416,13735575,15733658,14443950,6058388,10086679,7766543,8280671,4459002,4844250,21398206,20091336
19,000026,2017-09-12,-0.010779436152570598,-0.009121061359867455,0.3075151581789984,5977.5,69771.78861715546,1538,24866444,12759750,3696468,671883,5144113,3597351,3905657,2316282,3354757,2838761,2485124,1113053,1356503,959687,1863910,0,3059912,1262733
20,000027,2017-09-12,-0.004538577912254205,-0.001512859304084846,0.1789920961002755,5272.0,71280.42347809917,1364,19326458,12501452,2621846,566493,5888083,2698343,3397818,1500169,2101098,2389174,2150983,1185953,1367517,1107018,441540,0,1357573,3054302
21,000028,2017-09-12,-0.00967261904761918,-0.007291666666666807,1.919652192987265,20010.0,140244.3537132435,1225,37571813,24997241,1042085,1423339,6847052,5771940,4158558,4280941,5331261,4753895,3244563,2739314,1745795,4169648,1408394,400320,13794105,1457844
22,000030,2017-09-12,-0.015856236786469413,-0.015856236786469413,0.20912912726237745,9320.0,123011.64600484559,2049,47843352,41453748,1925511,2204994,6238344,8329513,5228157,6959866,10152421,8073430,3838385,4759724,3225230,3851218,3647839,1296492,13587465,5978511
23,000032,2017-09-12,0.031936127744510934,0.041250831669993326,0.3247518909261533,35328.0,299927.76306071575,2153,87439553,110214887,759533,1357551,8919969,11052483,10841463,12326218,20304640,21084473,12419145,11085684,10545779,9939074,5858361,5730454,17790663,37638950
24,000034,2017-09-12,0.004672897196261738,0.0009345794392525697,0.5037152997189965,10745.0,134555.75692406125,1807,49030460,29986914,1215556,2681435,9780337,6608091,5237134,4134276,6931320,6737932,3386829,3039049,1470562,2471093,1284164,1328538,19724558,2986500
25,000036,2017-09-12,-0.012567324955116699,-0.0053859964093357915,0.20753308970336132,42471.0,280147.28792837786,2884,192454429,147583719,973314,1294983,11775777,15081752,15688312,17677262,28453357,28109262,25325497,17332688,13148640,11736159,11996477,5562523,85093055,50789090
26,000037,2017-09-12,-0.015384615384615219,-0.006593406593406681,0.3581219311758039,9090.0,49808.653901377045,645,8776254,6926093,683338,810154,2584950,2414055,1523947,2185093,1661865,1224543,697273,292248,0,0,483104,0,1141777,0
27,000039,2017-09-12,-0.0158311345646438,-0.010026385224274237,0.40206175007533135,15072.0,184106.0734315736,2222,67950511,39949365,2196583,3105542,9936661,8877904,14043325,6754793,11658679,7341184,5636301,1925311,5428530,2648048,1871033,1302838,17179399,7993745
28,000040,2017-09-12,-0.019333333333333313,-0.010666666666666713,0.3857534195632282,4470.0,146344.75573951646,1515,30512351,31343847,3857133,461742,3505881,3449578,3413824,2345918,3682739,2533745,4267851,1862077,3007729,2332086,2644573,416080,6132621,17942621
29,000042,2017-09-12,-0.013808975834292192,-0.005178365937859586,0.4653185099051836,3484.0,23328.555160413976,1396,6222285,7809742,530666,3059582,3100563,2673467,1575821,859715,398435,816314,258000,0,358800,0,0,400664,0,0
30,000043,2017-09-12,-0.0009276437847866026,0.0009276437847867136,0.34304840940812,21700.0,131030.19058795973,987,28229918,31217077,682816,602340,5678770,4135765,4464318,3517762,5470596,7515016,2544109,2026495,1025049,2084755,1315604,1828400,7048656,9506544
31,000045,2017-09-12,-0.013008130081300862,-0.008943089430894391,0.27921298049554927,21816.0,85678.54908204036,1941,62562950,33854407,1229087,1309610,11185781,9032302,12197197,7513607,13329101,7995666,8990409,2514591,7870703,1753966,2641374,846883,5119298,2887782
32,000046,2017-09-12,-0.0024390243902439046,-0.0024390243902439046,0.24667902054724777,9053.0,56574.017683736136,1105,12023879,11997986,932915,2979434,3384854,5308495,1334975,1956549,2864954,1235302,1190637,215626,395577,302580,480048,0,1439919,0
33,000048,2017-09-12,-0.014254385964912353,-0.012426900584795342,1.30615870791225,13557.5,71327.78249905563,438,7600755,6463446,297090,433332,2269937,1946322,1042276,1408065,1207262,969165,0,781762,667950,380800,1309840,0,806400,544000
34,000049,2017-09-12,0.003649000868809704,0.027280625543006032,1.0220378880564172,90120.0,388703.86597052246,3173,294222538,333553375,372990,434379,10691682,10766680,21846770,20948451,40412117,47313522,31005127,33312749,27258138,27334642,18437087,17317894,144198627,176125058
35,000050,2017-09-12,0.02633814783347499,0.0284621920135939,0.4097505535276068,118116.0,663860.2247988833,3302,399326049,572522222,688302,473910,10945875,8827351,20863730,19039344,42863941,45893297,37295036,38748762,31604812,36054277,27820441,33534749,227243912,389950532
36,000055,2017-09-12,-0.018750000000000044,-0.01375000000000004,0.14973818800608063,5523.0,102598.91864869828,2858,64150741,22404633,4310258,1346284,10432873,5811678,13855069,6330682,9028668,4466928,4758177,1911191,1937047,674062,2181098,406296,17647551,1457512
37,000056,2017-09-12,-0.01610305958132041,-0.01046698872785834,0.7763599584488245,11070.0,30273.52635530064,255,3644037,1624381,307060,161763,1537242,757298,415252,277775,1384483,227055,0,200490,0,0,0,0,0,0
38,000058,2017-09-12,0.0,-0.0036900369003691758,0.20180832696783296,14453.0,85286.2396464137,1624,39362839,23451908,1838625,1443138,8187396,7001846,6574684,5769683,7645235,4309466,5074958,1759047,2022871,392040,2832786,0,5186284,2776688
39,000059,2017-09-12,0.03430531732418518,0.036878216123499064,0.20608629355564867,60970.0,419022.2990364028,3204,263551369,308668825,1495848,825523,13423092,11343744,20728779,16394595,39381981,32905510,32649219,28513754,20234615,23340848,18115666,21972475,117522169,173372376
40,000060,2017-09-12,-0.006153846153846176,0.00846153846153852,0.22078814995866278,89624.0,470015.45799427765,3472,351248041,427451361,453484,834807,12111228,13486917,19170987,25327194,44590413,47696517,36568521,38217113,32444560,26883672,19676910,30698357,186231938,244306784
41,000062,2017-09-12,-0.00797968806673921,-0.00797968806673921,0.6308206510674947,27385.0,140123.82121460853,1910,80123383,59716800,751570,1195165,9314250,9865839,9455663,11319035,15549392,13529000,10786225,6947865,5678937,5498144,5688179,3504487,22899167,7857265
42,000063,2017-09-12,-0.009924573243350499,-0.010321556173084612,0.4315445960150084,129182.0,783878.0806376629,3409,630047916,556093338,416376,545908,10246785,9897306,18569071,18570197,44166178,39865407,42751345,40345820,39182032,34825712,31758034,30617172,442958095,381425816
43,000065,2017-09-12,-0.013992129427197186,-0.008745080891998214,0.5456296047155762,13638.0,185275.16661450145,1757,56784961,32207337,576936,2965223,8548977,8395132,6097042,6359809,7363835,6372495,4868777,2742888,2122659,2008995,1321395,1332976,25885340,2029819
44,000066,2017-09-12,0.016279069767441978,0.0255813953488373,0.1695189532657989,30525.0,289780.93859071634,2577,148699226,170260861,1244399,1783146,9659811,11707774,13741295,12643362,19484538,20206375,17997853,14891175,13541538,16104690,10740677,10662273,62289115,82262066
45,000068,2017-09-12,-0.006015037593984918,-0.009022556390977488,0.23012751034425882,7908.0,71862.40605309451,835,16040968,10576376,395540,1105861,2796386,2890650,2887996,2255273,3424105,2595819,951481,723839,1634524,1004934,1807016,0,2143920,0
46,000069,2017-09-12,0.0,0.006521739130434856,0.16672575843065557,27359.0,271161.7589331849,3052,150029238,154538753,1727030,1696886,13595707,14110966,14319977,12821551,22950395,23431219,16535779,16869483,12192294,15627371,9926072,8242911,58781984,61738366
47,000070,2017-09-12,-0.020522388059701524,-0.020522388059701524,0.2416152140964471,10540.0,176699.82496372247,1971,57571014,34979350,589007,3817230,4032133,8991320,3149209,4628146,17004242,10009270,4711465,2019959,2754708,1559890,1807753,879018,23522497,3074517
48,000078,2017-09-12,-0.0016420361247947435,-0.0016420361247947435,0.13888393568048257,6688.0,115633.3040740059,1927,41065639,25868056,2097567,1819740,6231689,5926965,4574971,3412542,6183697,3703212,1895419,3017909,3231142,1038345,884519,945884,15966635,6003459
49,000088,2017-09-12,-0.012779552715655007,-0.005324813631522929,0.19706473257413154,21413.0,102967.03885153311,2272,77620475,44449632,1880863,1769008,13625352,10013073,13917500,9055897,19338656,8433531,9660677,5569274,6291551,1966629,6212669,1790329,6693207,5851891
50,000089,2017-09-12,-0.022396416573348232,-0.015677491601343796,0.18127510060093213,12474.0,128484.12547115562,2432,80329807,33112749,1056385,3175826,7632245,10514211,14247049,4915695,20065024,5109575,8314423,2883025,6586683,1393866,4866763,1404034,17561235,3716517
51,000090,2017-09-12,-0.012345679012345734,-0.004938271604938316,0.2749421595869614,27818.5,226034.8012521192,1954,120664450,61554827,1239767,837991,10300185,8643242,10605552,8468832,16976025,13199126,9320424,6945529,6723340,4155683,8999905,2716032,56499252,16588392
52,000096,2017-09-12,-0.011683848797250818,-0.004810996563573866,0.5877318779051085,13148.0,38302.939684499404,612,10838477,4110759,592920,446651,3880621,2632843,2140902,450945,2182149,580320,1386189,0,655696,0,0,0,0,0
53,000150,2017-09-12,-0.008905380333951718,-0.011502782931354316,0.8890335125088386,13305.0,116427.11925309613,919,19517059,18352141,1144730,549571,4296594,2960895,4718776,2570382,4723446,2299279,2558965,1085540,0,0,408510,1377541,1666038,7508933
54,000151,2017-09-12,-0.011475409836065653,-0.006010928961748596,0.5618845922730217,21846.0,113903.47030296785,1060,39667793,20116765,696194,803510,5719437,5253430,7217715,4257141,7253453,5224695,5819306,2517647,2887434,2060342,2961729,0,7112525,0
55,000153,2017-09-12,-0.0038461538461539435,0.0,0.23660158878064655,9351.0,79203.97250338318,1935,32429571,24546343,2926447,2677616,7026401,7454633,4800694,3575398,5510087,4335049,3629924,1609434,2165951,671521,850269,837316,5519798,3385376
56,000156,2017-09-12,-0.010666666666666713,-0.007333333333333303,0.4401766671260181,14870.0,267133.6884370247,1161,46676433,27048324,701908,972014,4988394,4951594,3780481,3078736,6750762,4546780,3679791,2502549,3891917,3696842,1752101,3085786,21131079,4214023
57,000157,2017-09-12,0.002178649237472685,0.004357298474945592,0.08582931446415068,14688.0,232436.84798219858,2877,100224052,85048898,2706048,1866323,13102077,11789811,11084579,8647819,13570342,11562498,17051913,10884735,7613262,3067267,6951942,3322971,28143889,33907474
58,000159,2017-09-12,-0.011851851851851891,-0.008888888888888835,0.20215023494616383,14028.0,82509.65287375153,1115,29121680,15500761,992856,728444,6257063,4343790,4811345,3188149,3740510,3343017,6373768,1668959,2775236,1079650,489216,400587,3681686,748165
59,000166,2017-09-12,0.00670016750418756,0.01005025125628145,0.11993265346585057,23960.0,555191.9732394073,2484,119144533,177944736,1588176,1566899,10190806,10938895,11452800,13960357,12848048,17150086,7266444,11230750,10847868,10150287,3086806,8129124,61863585,104818338
60,000333,2017-09-12,-0.0012416190712690733,-0.00595977154209093,0.6805453797424355,107365.5,620147.3299540577,3502,534177332,464678740,382280,606732,11022750,14643519,21295378,22968674,42290306,46168324,41039151,37665554,31784467,28571702,43809513,38038152,342553487,276016083
61,000338,2017-09-12,0.001335113484646211,0.008010680907877044,0.12957741722295676,43955.0,213869.92731797966,3353,164832352,174567696,1106298,1297284,19408976,16371959,21491159,26225783,29133566,27842046,19076693,17577310,21936648,26399581,11827037,9049210,40851975,49804523
62,000400,2017-09-12,-0.006107717934481061,0.014436424208772891,0.3219343660455467,49059.0,326884.0565294834,3133,197201798,234376717,864817,1903349,17354191,13336992,17748453,18791397,27875665,33282855,22169849,25964928,24427840,19614608,14546438,13954717,72214545,107527871
63,000401,2017-09-12,0.004744958481613493,0.008303677342823335,0.2955295713024362,68966.0,392075.01389316627,3256,276653507,298982688,865772,881553,12962733,13907671,19830449,21070401,37093322,40980622,32976133,29576291,28281731,27542394,18509344,24110068,126134023,140913688
64,000402,2017-09-12,-0.010833333333333361,-0.00666666666666671,0.24532328377720009,21501.0,367036.9017965501,2396,112936905,68142674,1542566,1463037,10929739,14932283,8555184,9993273,9438531,12574339,9280839,6390731,6181275,2794176,3997008,3925437,63011763,16069398
65,000404,2017-09-12,0.0026350461133071157,0.0026350461133071157,0.19804812899687635,22830.0,178537.48685710938,1469,51798862,62895415,707874,1460694,5165387,8006167,6336986,7511448,9038251,10759819,5179562,9821373,4295434,6739473,2295448,4931697,18779920,13664744
66,000407,2017-09-12,-0.0024330900243311193,0.0,0.2516306229329132,12315.0,87115.35381754866,1067,20385496,20632236,552341,1391499,3899965,4740367,4068259,4601784,3192910,4135596,3869296,1584649,1689457,979880,881330,0,2231938,3198461
67,000408,2017-09-12,-0.05740181268882183,-0.021651560926485347,0.40078767273380966,57750.0,289840.9804499942,2461,171002905,206835924,1101097,1186471,10923347,8008442,14106579,13495402,26592425,28158560,18905826,23830293,10974888,19496639,13740225,19014953,74658518,93645164
68,000409,2017-09-12,-0.007741935483870921,-0.003870967741935516,0.2418465325944261,12352.0,87570.21622973116,1027,23834416,15169236,1092034,1041105,5238450,3953598,4215401,2333490,4730363,2953439,1177532,940402,3055919,1497500,918160,408576,3406557,2041126
69,000410,2017-09-12,-0.006514657980456029,-0.008686210640608039,0.26447069567332027,14528.0,168626.02890428613,1213,33476061,23227022,1051768,1325559,4794967,6645055,4905927,3809142,4448233,4196335,2285245,924045,3137847,2056590,2692394,0,10159680,4270296
70,000411,2017-09-12,-0.0004852013585636694,0.007278020378457262,1.0575167007628217,10365.0,62705.941536052516,379,6607725,4968862,260272,342816,1820795,1440519,1659697,369397,1475019,854009,747513,462671,644429,328482,0,0,0,1170968
71,000413,2017-09-12,-0.005469462169553352,0.021877848678213407,0.18306062882573204,406630.0,1070554.7827970034,3597,1160368569,1313497927,34368,47761,2414736,2672415,10468872,10236733,37239428,39766795,49584418,57752787,52692451,51140249,88395030,65383021,919539266,1086498166
72,000415,2017-09-12,0.00721500721500723,0.008658008658008809,0.14559096604905783,10410.0,121374.85235825587,2270,35555060,50698857,2430361,1829865,8397658,9630467,5354488,8410190,7531344,8295477,3660088,3273977,1997703,2102236,1379080,1785672,4804338,15370973
73,000416,2017-09-12,0.0,0.008631319358816336,0.2900923176647871,9768.0,51819.21533894402,781,11386233,10804221,875202,836650,3233002,3446945,2959315,2188103,2898043,2051103,565035,859790,341820,0,0,851130,513816,570500
74,000417,2017-09-12,-0.013808975834292192,-0.0069044879171460405,0.2813102616002545,11219.0,116369.65965085762,954,26439369,15502632,705318,870680,3748685,4159485,4305419,2993668,4682901,2321331,2454900,785054,1076109,347844,1300724,1731877,8165313,2292693
75,000418,2017-09-12,-0.008049678012879369,-0.0022999080036797404,1.175658455970047,12970.0,94492.37651925883,1368,22549762,20716833,1218650,2222554,7504379,6520382,2932773,2390340,2727544,1850443,1586972,1066310,1663674,920526,430800,1816069,4484970,3930209
76,000419,2017-09-12,-0.005617977528089901,0.001404494382022392,0.2739461587383863,9256.0,78246.65298496246,675,11167165,11590575,731150,883329,2663173,2628924,1682352,1848324,3457909,1786649,1238369,1453854,1394212,383412,0,0,0,2606083
77,000420,2017-09-12,0.0029239766081872176,0.0,0.07672044425290253,3410.0,60695.14271808251,2006,16702773,16464417,3599360,1966441,3490313,2927611,1978787,1429531,2048126,1992484,1247463,1705590,309628,2791088,880127,1281341,3148969,2370331
78,000421,2017-09-12,0.0055172413793103114,0.006896551724137945,0.1519315695152951,1450.0,48425.78354695435,2279,25084128,16950174,2080390,913952,7266314,4174938,4972734,2518308,4693090,3266716,3397382,2052273,1739380,2065382,412110,1348525,522728,610080
79,000422,2017-09-12,-0.006369426751592355,-0.0031847133757962887,0.15757708248651964,16902.0,166086.28301571513,1590,66435278,38509604,1385273,966292,9167821,4511707,7159495,5749606,10070640,6029756,7446750,2006742,7132346,2925418,2664240,1865955,21408713,14454128
80,000423,2017-09-12,-0.005764611689351495,-0.005604483586869491,1.244851215662626,37245.0,246196.2898347214,2516,138987657,105399298,1621755,852141,16450089,12790175,17465427,14101630,20452399,17701537,14706167,10952163,8741309,9872978,6690111,2674809,52860400,36453865
81,000425,2017-09-12,0.005221932114882533,0.007832898172323688,0.06694448891829724,14592.0,197773.95925839117,3309,72493801,101729233,3416040,2877707,15546043,17139889,9198957,12927999,11195981,13645001,5196332,6894997,5019096,6987617,3448584,2608874,19472768,38647149
82,000426,2017-09-12,-0.01864406779661021,0.004237288135593209,0.2251123661872749,30200.0,268434.62107052776,2757,144524438,142835366,2560121,1055199,14294161,9565013,17023971,11295020,25081072,15831822,16099341,12389180,10204015,11513950,6186460,7325054,53075297,73860128
83,000428,2017-09-12,0.00994035785288272,0.005964214711729587,0.18475810217814545,10120.0,111409.32821185615,741,12181267,15472382,641166,560332,3076033,2311720,2129436,2372060,2553845,1889070,1435435,911762,973741,1055494,865612,499395,505999,5872549
84,000429,2017-09-12,-0.008027522935779796,-0.0034403669724771824,0.25465407289909164,13904.0,47156.94346495689,1173,12198986,16515586,720564,1216949,5832345,9218673,2077266,1952740,1556812,1352520,209040,1495940,0,673956,411509,0,1391450,604808
85,000430,2017-09-12,-0.011173184357541999,-0.0065176908752327956,0.39462101239779196,10670.0,51710.106668855275,740,13256730,7090677,637663,643872,3653957,2934031,2715287,1833349,2913206,1679425,1744275,0,303810,0,450072,0,838460,0
86,000488,2017-09-12,0.019209039548022666,0.0361581920903955,0.302743969025926,107557.0,653799.9834627456,3423,478026693,565094449,655665,914503,11729422,10335033,20518078,19194000,39421471,35539364,37152337,40301635,37399892,35306657,24301373,23750856,306848455,399752401
87,000498,2017-09-12,0.006016847172081619,0.0072202166064980755,0.18287331268313892,9996.0,45497.12809380265,2069,14374725,27492418,2049541,2011046,5475599,10661528,2454572,5211520,2607947,4545703,664440,941198,321152,1054376,0,1356040,801474,1711007
88,000501,2017-09-12,-0.01025641025641022,-0.012535612535612639,0.3734650147882404,7150.0,177101.40950163914,2209,63320407,53296401,504277,4211058,4623132,10028424,3100199,5651395,7114196,8430459,6367312,4447855,4138357,3177665,2252345,816557,35220589,16532988
89,000502,2017-09-12,0.0,-0.009615384615384692,0.45221785406052156,12440.0,98140.05998605689,761,17837831,9345553,844822,562560,4063810,2734644,3121903,953712,2390764,2154920,1718147,1229573,2450307,332682,0,0,3248078,1377462
90,000505,2017-09-12,0.0038058991436726863,0.011417697431018281,0.3443854679379056,16020.0,262440.892708118,932,34651132,38181369,592391,597895,3543164,3979261,3306224,4113797,4910355,3555067,1787538,2597354,1638128,999644,890308,912084,17983024,21426267
91,000507,2017-09-12,-0.017272727272727217,-0.01272727272727281,0.1994906777395352,32850.0,207689.23681043877,3043,143449129,96242644,1398991,1406326,16750292,14750258,20908185,18766568,32900869,21916974,15702345,10455873,10244979,6874655,4436476,4399493,41106992,17672497
92,000510,2017-09-12,0.012345679012345734,0.02279202279202286,0.18997117894565702,41720.0,184388.17978777384,3077,135144997,144303178,1099737,1163696,14793550,15248880,18932082,19866372,30512077,32359695,21229040,17146291,13518597,15134515,8121236,8061315,26938678,35322414
93,000513,2017-09-12,-0.005407653910149746,-0.009359400998335987,1.2029547581274957,23800.0,196268.27582978588,1598,74594184,49316769,1498974,1693004,5203345,5384556,5378328,6131830,21738540,13860353,6413679,8436612,3845264,1805108,3268492,4603875,27247562,7401431
94,000514,2017-09-12,-0.007566204287515754,-0.0025220680958385477,0.17193940043010775,4740.0,61407.49026207941,2130,29551441,17542079,3396665,2106755,6556267,4722977,4642898,3525718,4054957,3348109,3865116,2131156,1582643,355950,957301,0,4495594,1351414
95,000516,2017-09-12,-0.003724394785847407,0.0,0.12166900143418115,5896.0,110367.22959526362,1953,34073552,41275586,855428,3744613,4586907,6884961,4742837,5923089,5927564,6383603,2488171,4485840,1630043,1682519,1331773,1396554,12510829,10774407
96,000517,2017-09-12,0.0,0.004555808656036442,0.11265216824450688,6146.0,54242.501576560135,1524,12776270,15353067,1342939,2835358,3871472,3854492,2116248,1867349,1763017,2009727,863736,2419123,0,0,874365,916314,1944493,1450704
97,000518,2017-09-12,-0.011612903225806437,-0.014193548387096855,0.2268690497361656,11445.0,67458.83756280171,1167,23265978,13496484,1114105,1478010,7271216,4067735,3484756,2678787,4066674,1819631,1339350,1418302,1803184,707120,443700,1326899,3742993,0
98,000519,2017-09-12,-0.009734513274336387,-0.0017699115044248481,0.2616118028296302,16890.0,79846.93244861053,1866,44508814,32081016,1275058,1465958,10473196,8163608,9012874,6399082,10827092,6835692,4371466,3270274,2350423,1942975,893760,872168,5304945,3131259
99,000520,2017-09-12,-0.009124087591241059,-0.0036496350364964014,0.14939290198056088,10336.0,64518.71934678155,1347,25404034,17500365,1153669,1102119,5559966,4615356,5199962,2846625,5456637,4803096,4115277,1673183,1563197,709886,0,0,2355326,1750100
100,000521,2017-09-12,0.0,0.005050505050504972,0.1670769990662729,2960.0,98087.63984498146,1265,16752455,15325026,1012276,822732,3406181,2757326,2889506,2121944,2333802,2302306,2023985,1588789,1106586,734002,903871,0,3076248,4997927
101,000523,2017-09-12,-0.0030737704918032405,0.0010245901639343025,0.3309585370439759,9800.0,49731.50306919163,869,13011241,12250690,1026073,688250,4172435,2817740,3769017,3026135,1905797,3088944,1416199,1472178,721720,716621,0,440822,0,0
102,000524,2017-09-12,-0.02209550962223794,-0.005702066999287214,0.34603634980265197,13940.0,65358.89135659605,1645,33811842,25290745,1229752,2332090,7694445,6607019,8161826,5029041,7806124,5772713,2799782,2619547,2233944,1063008,2243793,1270197,1642176,597130
103,000525,2017-09-12,-0.008936550491510209,0.006255585344057124,0.5000566875533345,29236.0,204758.97251640962,2008,70730733,81890931,1285253,609077,10340621,11884741,8970018,10317353,10872243,20190774,7697296,10054435,5543585,4333276,3511462,4437070,22510255,20064205
104,000526,2017-09-12,-0.009895391574780699,-0.012439920836867291,1.4616001362505666,17425.0,61354.17386805311,585,12239155,8322918,473387,329776,3364059,2353080,3191910,2077574,2681400,1329023,1501135,579350,0,1115115,402500,0,624764,539000
105,000528,2017-09-12,-0.012987012987013102,0.0010822510822510178,0.18134510020007494,10142.0,91836.64379626019,2601,47858371,48815664,1537575,3579560,10708127,9928579,6924049,7830676,11465825,8447732,5633709,4737822,4557954,1059560,3143933,1314359,3887199,11917376
106,000529,2017-09-12,-0.010238907849829282,-0.0022753128555176305,0.3105109938152214,5262.0,70433.50019399774,801,11472400,10702337,783345,1049951,1864292,2775520,2364816,2936591,707577,1107477,1991916,1089430,708579,328372,438113,897855,2613762,517141
107,000530,2017-09-12,0.01797175866495504,0.025673940949935803,0.16218511094872973,11235.0,164874.37457851955,2310,51719488,56848372,3819236,677856,12484039,6030916,9516310,4860238,9471294,9660914,7092810,6672367,3031316,4956870,2193390,4053307,4111093,19935904
108,000531,2017-09-12,-0.00222717149220486,0.0,0.2743826029471722,4520.0,47399.586083377784,1071,12478488,8578709,853490,1521911,4325161,2518644,2093093,1971342,1445050,1117994,932888,910020,1406847,0,921773,0,500186,538798
109,000532,2017-09-12,0.01172161172161168,0.01831501831501825,0.4462726898184886,15290.0,73036.55757600396,935,16577583,20012215,641132,945324,4338502,4622458,3173007,4609396,3709597,2864250,1452265,858671,1654290,3391403,412830,417300,1195960,2303413
110,000533,2017-09-12,0.01762977473065619,0.008814887365328206,0.42816884468816147,18504.0,122713.28621132403,568,13372728,20980955,322142,384347,2744318,1931722,1733349,2075464,2021796,4640724,825084,3203884,1684299,2744566,879328,2587996,3162412,3412252
111,000534,2017-09-12,-0.016233766233766267,-0.014935064935064912,0.49790431335347707,15090.0,192724.98710673844,957,24057924,23632417,630938,1032671,4455240,3829710,4292225,2677619,4917352,2094694,1446133,2300367,2888154,2335089,2714687,449700,2713195,8912567
112,000536,2017-09-12,0.0,0.006908462867012188,0.20531781367470123,9594.0,102622.61478047648,795,16384306,15580996,671428,828644,3387289,2597357,2489617,1356927,2796976,2301831,2672995,1943368,1710139,754239,1332318,1270734,1323544,4527896
113,000537,2017-09-12,0.0,0.0033407572383072903,0.1999827777709888,5358.0,90793.8516410071,2019,35667168,24452795,3792290,2819579,3713311,3973026,4138006,2755225,7500676,4341434,3998156,3129606,3195355,2038218,1369540,2701602,7959834,2694105
114,000538,2017-09-12,-0.005457501161170497,-0.007663725034835256,1.881740813477337,34416.0,282675.15122253663,2095,122641057,107037658,1183960,2222103,11590807,9156483,14457686,12655065,18466556,14124024,9251504,6476243,12303393,7897670,9523885,3966932,45863266,50539138
115,000539,2017-09-12,0.0018761726078799779,0.0018761726078799779,0.18606335029466048,6954.0,52575.83396804211,821,9552443,6800439,448835,2076476,3437239,1998097,1701382,1001821,1586985,391969,439369,428641,0,0,892848,0,1045785,903435
116,000541,2017-09-12,-0.005399568034557101,-0.001079913606911398,0.21016238080998628,9220.0,80597.67052849912,1943,35301736,29298102,2334878,1842708,7991731,6668645,7142258,5126095,6526726,6072094,3306957,2216906,2426340,2159391,4075661,462500,1497185,4749763
117,000543,2017-09-12,-0.0035211267605632646,-0.0035211267605632646,0.18696901520903703,9072.0,112825.77569534996,923,25712706,13259514,1134606,708844,5083199,2172119,2904629,2332514,3838090,1524337,3088970,1726491,1348976,686083,0,0,8314236,4109126
118,000544,2017-09-12,-0.006285714285714228,-0.0017142857142857792,0.49370472109799357,8765.0,67774.2776636619,1256,18750924,19280244,623727,3149444,4895993,5346996,4811020,2916577,3404746,3823284,2251251,958579,357725,1047809,821202,0,1585260,2037555
119,000545,2017-09-12,-0.0030487804878047697,0.009146341463414753,0.12377013919854893,29452.5,170041.36178458703,2816,117327167,117912831,1877507,1621232,14073479,11052024,17708220,14627311,24154746,20054352,13960802,15430194,11681622,8789287,7358920,8969561,26511871,37368870
120,000546,2017-09-12,0.03629032258064502,0.049193548387096664,0.33125595561257326,18757.5,196071.9361953554,1402,29832989,67865604,725722,1224505,6053837,6099714,4732936,6715498,6208108,10776980,4436367,7611092,3523767,2322145,1738774,3205217,2413478,29910453
121,000547,2017-09-12,-0.006866952789699621,-0.0025751072961374133,0.23997117427728773,22002.0,150936.17665578742,2359,73631662,56990447,1583773,1323547,13240754,12291968,13159670,9180353,14081996,10928102,6834076,6867819,3329367,1439714,2355462,1297705,19046564,13661239
122,000548,2017-09-12,-0.007444168734491385,-0.004962779156327701,0.2030197104163317,3224.0,51817.03680426561,1577,18630321,10764236,2980391,876602,3583266,4314781,3465937,2346969,2534955,1857797,1688616,450515,1343544,0,1627761,0,1405851,917572
123,000550,2017-09-12,0.020177165354330784,0.02952755905511828,0.42772589750860684,20340.0,165144.04403036498,2257,54179422,108809412,797490,2305369,8294672,11231710,7993952,10841372,9227788,18410604,8170897,10361909,3778245,7194784,2166126,9670457,13750252,38793207
124,000551,2017-09-12,-0.009394572025052228,0.0,0.22550301341142787,959.0,61757.18317629302,1805,14760060,18064074,494846,2270521,2467158,4738407,2357002,3752743,2788889,2924669,1342134,1808311,642243,1718231,436968,851192,4230820,0
125,000552,2017-09-12,-0.02314814814814825,-0.01388888888888895,0.0880513351666283,12900.0,205020.41915399706,2421,88665474,87924377,1465456,1649330,8620342,9396881,8050588,8803418,8947577,12656369,10778721,7926384,4553795,4517868,6733580,8024552,39515415,34949575
126,000553,2017-09-12,-0.00717360114777621,0.0028694404591105283,0.3365810090259854,2796.0,67283.12678134038,1716,17323711,24431522,643806,2233275,4239512,4566889,3225344,3872972,2905160,7135933,1735419,2113985,732825,1650490,469144,2297978,3372501,560000
127,000554,2017-09-12,-0.019662921348314488,-0.016853932584269593,0.20804073734238696,34914.0,267240.83841779863,2639,139158685,117496257,889763,1401034,11410025,14557173,12426891,16883770,21704870,20627849,20837312,13857822,12783056,9593292,4428219,5830856,54678549,34744461
128,000557,2017-09-12,-0.008445945945945943,0.0033783783783785104,0.1140924247766414,23000.0,128141.3816826121,2701,83620858,73859449,1700394,1817643,13513754,13115674,14755230,14522364,17367135,14303708,10729455,8845065,6351725,4354788,5157855,1820499,14045310,15079708
129,000558,2017-09-12,-0.007363770250368162,-0.004418262150220897,0.16638862677041835,13480.0,77912.19973674085,1667,33153911,24818747,1185915,1695668,7063293,7377356,9771632,5465382,6569636,3017711,3021239,2001374,2666880,3228156,1329246,0,1546070,2033100
130,000559,2017-09-12,0.011648745519713177,0.032258064516129004,0.18983898628518278,121632.0,511944.46434032253,3462,434062236,543809163,504909,482068,9436300,11422847,18131960,20784048,39848948,50615977,42326042,51015413,31238116,38962300,31254501,29554823,261321460,340971687
131,000560,2017-09-12,0.030575539568345578,0.02517985611510798,0.20830687289965355,44000.0,198508.85943290815,2854,149748232,155730548,1116898,939256,14455611,11969364,16357444,16540964,31007892,27002616,19192657,24774160,14779700,18263665,9444454,6924489,43393576,49316034
132,000561,2017-09-12,-0.007850834151128527,-0.0058881256133462845,0.3416355000089487,10130.0,57417.28150283016,889,16593272,8735106,786830,584688,4768075,2886934,2706394,1655200,2740389,1828394,1986000,1779890,2329452,0,0,0,1276132,0
133,000563,2017-09-12,0.016544117647058876,0.022058823529411686,0.12820711455644637,18034.5,296391.6828741811,1804,64345063,122718470,1422770,1223887,6645912,6316875,7106562,7312119,8051077,10381506,7077187,9564101,5054193,7755694,4060308,9472305,24927054,70691983
134,000564,2017-09-12,0.027734976887519247,0.036979969183358996,0.12859697975263912,9226.0,123553.42442160344,2554,41701804,57253311,3495053,1569365,9488601,9231138,6832362,8689619,7047954,9430906,5070714,4186801,2827953,3350005,1705388,2616484,5233779,18178993
135,000565,2017-09-12,0.03898840885142252,0.03477344573234986,0.2203419204346393,21845.0,187729.08923381096,1856,48280143,74644686,1679575,1591825,7230287,9871604,8646737,12029598,10532450,12030994,5675652,6016594,1408415,4750108,3713841,3993199,9393186,24360764
136,000566,2017-09-12,0.010802469135802406,-0.00462962962962965,0.453789518992166,21913.0,205075.77288216978,815,34604505,28282068,458819,583326,3498497,3347189,3550019,3791169,4954865,7010150,3217509,3018159,2449914,1420048,1767264,856566,14707618,8255461
137,000567,2017-09-12,-0.002970664686223534,0.0074266617155587245,0.7786165398729271,21392.0,114139.62443487713,1196,36567964,29505202,656230,766799,5818775,6125844,6042247,5247672,7134575,6122801,4656427,3208167,1664307,2426207,481689,845820,10113714,4761892
138,000568,2017-09-12,0.015307111024995157,0.00465026157721371,0.9852570949110226,57321.0,363126.67251666385,2744,203392485,207719442,588444,657321,10448198,11053940,16136574,27830299,26017032,29356025,18467929,23589346,22751557,19253477,8318419,8341207,100664332,87637827
139,000570,2017-09-12,-0.025469168900804307,-0.014745308310991967,0.2884971071420981,14800.0,94003.57285728761,668,20308938,10697856,409959,772471,2467373,3593662,3546840,2018857,2988431,1761433,3449296,1960359,2817418,0,903866,0,3725755,591074
140,000571,2017-09-12,0.014925373134328401,0.020352781546811416,0.16191675786561247,21070.0,145481.32420572493,2074,50064578,77395460,1280931,1706993,9422201,11103912,7390205,12882031,7274369,13827087,6512875,5609525,4257673,4726442,4011843,4845138,9914481,22694332
141,000572,2017-09-12,0.017964071856287456,0.03592814371257491,0.0953668282616135,26208.0,225699.38276284354,2771,93122328,162106370,1083269,2544600,10031868,15217591,9907407,16357169,16833834,24713804,8439056,16468816,8267748,10824626,4599914,7947906,33959232,68031858
142,000573,2017-09-12,-0.006493506493506551,0.006493506493506551,0.1696357032260576,9270.0,69256.74017533317,1320,18418815,20463873,803088,3538751,3574758,4813710,3201101,2699267,3485050,3225158,3556255,2287528,1659995,1292031,0,483916,2138568,2123512
143,000576,2017-09-12,-0.003586371787208553,-0.005379557680812885,0.833480116277583,9978.0,37267.14191096735,402,4744743,4342608,287968,644931,1675183,1898043,1392864,490321,788540,1309313,267188,0,333000,0,0,0,0,0
144,000581,2017-09-12,-0.022394136807817433,-0.014250814332247508,0.4402116315890306,53229.0,392827.390338618,3114,245346096,219748264,716518,2286051,7675597,16567447,13489412,23626520,26225132,36784406,29443435,28742204,19131289,19974226,11869346,14350954,136795367,77416456
145,000582,2017-09-12,-0.01074380165289246,-0.01074380165289246,0.3312819733979123,15561.0,111059.59229576706,1334,34368879,24064918,1059127,1049866,7032995,5925917,6323836,4293623,8280301,4225942,2885949,1494466,724821,1353040,0,2303798,8061850,3418266
146,000584,2017-09-12,0.004187020237264472,0.0006978367062107083,0.38756378205679193,21450.0,106317.03588974204,1367,40585792,36118479,1156330,867235,6842271,5935860,8677159,4860317,9502261,8057474,5081607,4354230,2670772,2056176,2171738,1708548,4483654,8278639
147,000586,2017-09-12,0.006043700604370095,0.003719200371919973,1.1813465331722925,10725.0,62388.85711098715,331,6182092,3509772,383941,161706,1530329,1038501,793555,215470,1476511,1176005,696076,478890,352600,0,425700,439200,523380,0
148,000587,2017-09-12,-0.006337135614702172,-0.0076045627376425395,0.22838107775642946,15680.0,258489.46687143217,1194,48552910,53544814,825462,1201002,5991284,5605263,4144715,3633569,4017643,2785761,2260167,1925188,3143914,2417563,3658461,2781736,24511264,33194732
149,000589,2017-09-12,-0.0035087719298246833,0.0035087719298245723,0.19021136191243762,11440.0,93048.14135441116,898,23757244,13484957,620425,929324,3043134,3349817,4192182,2923063,5021531,2532609,3539375,1228434,778262,928999,1860683,476081,4701652,1116630
150,000590,2017-09-12,0.005491153142159755,-0.0006101281269067504,0.9496152298627412,11515.0,74775.23348049086,297,7346009,3056674,371976,203293,1089736,849362,1468207,1003601,2045925,680618,208896,0,0,319800,1439670,0,721599,0
151,000591,2017-09-12,0.03547297297297303,0.04729729729729737,0.11073307560064449,28179.5,229406.46891998244,2870,106028973,148177704,896958,3460752,9473038,16228834,11599808,16722753,16540861,29229204,11129652,14769949,11580813,12040491,5365494,9224205,39442349,46501516
152,000593,2017-09-12,0.009149130832570851,0.0027447392497714773,0.32821247813492405,13308.0,78569.26775406912,1109,26794779,17785080,1209700,487343,6545987,3083116,4585740,3995816,5499938,3702459,3072318,2418260,2299386,988031,1291083,1314459,2290627,1795596
153,000595,2017-09-12,-0.012411347517730431,-0.00886524822695034,0.14519304019487156,11802.0,71410.57539122622,1511,28335037,26130588,1061131,1235733,6820734,5896587,4538231,5926680,10411686,4427627,2707276,3658771,735012,967171,409360,838232,1651607,3179787
154,000596,2017-09-12,0.026470588235294246,0.009803921568627416,1.2033269226129306,25337.5,166504.14731243756,1796,45263777,63448621,923135,955860,8161087,11411163,7001001,9273865,8893440,9937609,6337546,5589861,1364099,2106971,3146855,2274502,9436614,21898790
155,000597,2017-09-12,0.03354487760652769,0.03263825929283781,0.22663621646083765,22360.0,222726.168251121,2371,82582594,107071256,2815017,1070124,12914940,9449507,11993699,10482339,13014990,12504632,9011923,8795288,5170944,5095834,3079267,4936017,24581814,54737515
156,000598,2017-09-12,-0.007005253940455369,-0.005253940455341555,0.13820387749279678,7952.0,215464.50863820492,1710,49317287,35390134,1770725,1591623,6694406,5238761,5488422,4522960,6749313,4328188,4471458,4347268,1304159,1040272,3178032,1331377,19660772,12989685
157,000599,2017-09-12,0.0014792899408284654,0.00591715976331364,0.18744296208367395,12844.0,78055.88510010701,1301,18776316,33265704,656231,3101236,4172978,6028724,4079014,5775347,3717170,6267549,1972067,3878647,2096563,3312594,835749,823558,1246544,4078049
158,000600,2017-09-12,0.002446982055464897,0.0016313213703098572,0.23008493653960782,30850.0,204530.9835420223,2841,115374284,113242978,1523364,1770510,15736967,13454927,16152307,14888241,24858092,21273701,13335557,16417060,10324205,9960370,5858014,6305383,27585778,29172786
159,000601,2017-09-12,0.018494055482166427,0.029062087186261465,0.18011681794735723,15590.0,88111.43060301554,1768,32623408,47813575,1354819,1918194,7739676,8854732,4892506,9753910,6399136,12096240,4410308,5692846,1777983,2008192,1876662,2752343,4172318,4737118
160,000603,2017-09-12,-0.009765624999999889,0.0,0.34834068617143954,24704.0,109051.5273545439,1945,51509095,58126025,937845,1347656,9177254,13802252,9246833,9925366,11133464,10956256,5446957,5391447,5620260,5182264,5395673,3231550,4550809,8289234
161,000605,2017-09-12,-0.016949152542372836,-0.007909604519774072,0.5932327732002644,29018.0,173630.8878206356,2003,72254737,76973738,793795,918004,10132393,9905734,13456913,12547965,12939803,15785842,10389762,8894796,6150406,5507540,5694578,4429713,12697087,18984144
162,000607,2017-09-12,-0.007751937984496138,0.0025839793281652312,0.22629594866244487,15600.0,83274.08291259239,1170,24739247,24794939,963745,1054932,5453236,5945840,4990150,4698845,4764938,5601502,1924878,1958221,2829072,2130738,1767766,471000,2045462,2933861
163,000608,2017-09-12,-0.00835654596100277,-0.012534818941504211,0.2541507737177046,10087.0,81237.14938632032,798,15470529,11518342,462750,789675,2442448,3700804,2234282,2509374,1992143,2381302,1181467,909567,3116564,729920,424235,497700,3616640,0
164,000609,2017-09-12,0.009210526315789558,0.010526315789473717,0.4746301510372541,18312.0,73779.92819084256,1025,23175236,22100161,690625,801523,5555385,5190238,3334003,5075968,6137359,4639775,2636347,2343473,1419931,2119464,2183174,1307010,1218412,622710
165,000610,2017-09-12,0.028594771241829964,0.03431372549019618,0.2975155348129485,13607.0,91538.49581053914,1693,26894031,40151873,1763294,1225620,8580854,7429009,6604394,7104092,6368578,7470956,1957701,4065683,1619210,1365395,0,918604,0,10572514
166,000611,2017-09-12,-0.01274623406720754,-0.002317497103128785,0.24088001421001032,8620.0,52795.388268887706,1284,21493734,12810372,3078138,746791,6557962,4553764,4104747,1772982,3338800,3260499,2708786,1159881,351135,0,1354166,410875,0,905580
167,000612,2017-09-12,0.0263876251137396,0.04003639672429471,0.19439399965615084,62104.0,445406.20087224664,3209,263796018,313975521,995814,811002,13842452,11587889,19117227,19514181,31781862,31813788,29072658,35765916,26714620,22263865,14266795,17296746,128004590,174922134
168,000613,2017-09-12,0.01030927835051565,0.006185567010309256,0.2796423565353877,12649.0,77789.38176416379,1203,21258402,22738338,1566013,1149970,5793750,5581475,5145022,4473697,3068254,4189065,577662,2641385,1434874,1727858,465608,1928616,3207219,1046272
169,000616,2017-09-12,0.0,0.004444444444444251,0.14454456642306454,8980.0,123507.4703884025,970,17085374,23143985,739508,875604,3590223,3652323,2513116,3133807,2535426,3445799,1166496,1183389,1433328,2050106,903119,2242167,4204158,6560790
170,000617,2017-09-12,0.005714285714285783,0.017142857142857126,0.4472536488943728,8840.0,59966.96794448456,1531,21242723,23950608,688678,3504601,5233208,4977081,3940375,5019065,4583956,5135969,2654393,2942812,1744128,656320,1304474,0,1093511,1714760
171,000619,2017-09-12,-0.002051282051282022,-0.0010256410256409554,0.3296920687905413,16507.0,104914.0690971263,874,24394890,15469543,865599,905811,4482364,4176614,3707587,2267196,4709908,2590358,3106363,743115,614219,2036487,1818658,0,5090192,2749962
172,000620,2017-09-12,-0.006518904823989535,-0.0026075619295957697,0.23288564906622483,6939.0,59465.23534636602,1085,13853688,11632684,893799,1339243,3832463,2845081,1325119,2809962,2108752,2295984,2578542,556679,720260,1785735,905913,0,1488840,0
173,000622,2017-09-12,-0.015974440894568676,-0.0015974440894568342,0.20153818014807395,5048.0,44020.66687242485,965,10880991,5741903,1046531,566961,3326253,2846694,1671818,1206854,2510706,605712,240240,203182,0,312500,865403,0,1220040,0
174,000623,2017-09-12,0.006986899563318882,0.010043668122270866,0.4840411362308793,41373.0,282647.61833297607,2238,130299411,140853530,902588,1043632,10296066,9610511,14263313,10990964,20884718,22454940,15303773,15304001,11482828,7975381,11520596,8515067,45645529,64959034
175,000625,2017-09-12,0.012256669069935056,0.019466474405191114,0.23667959851205825,98187.0,380972.76482503995,3436,318982072,438750028,641364,710358,11534288,12696281,23990913,24722681,45707084,50333579,38809061,45241189,28369467,36732033,27565580,35032630,142364315,233281277
176,000626,2017-09-12,0.02011494252873569,0.022509578544061437,0.4392972715593793,41097.0,294226.13662259886,2263,119623478,165699240,963434,749047,12050690,9586484,12329575,11360459,19300675,17098673,16435586,15806234,7510588,11900607,5934347,11442703,45098583,87755033
177,000627,2017-09-12,0.023280423280423346,0.022222222222222365,0.16839803751628837,40785.5,250949.5596177404,3154,168566413,197421835,2035760,1431214,13640186,12014014,20942037,15175382,31878330,27993153,20300080,23006624,17049096,16851273,14489167,18606811,48231757,82343364
178,000628,2017-09-12,-0.02434456928838946,-0.017790262172284632,0.3015824144915095,15712.5,69750.71333224143,1254,28078030,16424880,1026003,956031,7397886,5718499,5595155,3505771,4515633,2947697,2812395,969123,1745686,621920,1278361,954093,3706911,751746
179,000630,2017-09-12,-0.00940438871473348,-0.0031347962382444194,0.0566960082446003,32320.0,466839.43535099947,3203,190991706,233687368,1464804,1948942,11235723,19569558,13148790,20135951,15899202,30148092,13941314,18807983,19442915,20052789,7257002,12013169,108601956,111010884
180,000631,2017-09-12,0.0024691358024691024,0.0,0.10942383170675572,4050.0,115974.32145474218,1372,15164660,14680684,2439516,517743,6068356,2148602,1454146,1287915,2060757,1766751,495343,872491,0,1808523,851994,405999,1794548,5872660
181,000632,2017-09-12,-0.026194144838212585,-0.02003081664098616,0.2029558211080653,12920.0,127218.52155955054,1023,35029385,12509365,818304,882424,5708569,3864217,3704835,2800579,5661100,2257836,4255455,983949,2734044,705404,1377188,409596,10769890,605360
182,000635,2017-09-12,-0.016072325464590698,-0.010547463586137673,0.4136747032836197,13762.0,70508.18433974926,2317,55791766,29697067,3565315,1521363,11234794,7806731,12991510,7058151,11276197,7119568,6048846,2574356,3798716,2182633,2761131,932533,4115257,501732
183,000636,2017-09-12,-0.027750247770069292,0.0009910802775023875,0.1755355906526224,55082.5,224299.84932645512,3310,211629898,200736138,1176184,623263,15631063,14060872,21729881,21662457,38289887,40769946,26559850,30242973,19770774,16651868,15911427,10672695,72560832,66052064
184,000637,2017-09-12,-0.0027700831024930483,0.0027700831024930483,0.22123083264099366,13832.0,91503.89287163073,1065,20716871,20735924,599265,987460,3855015,5056931,4148009,3914110,5215603,2996189,2818299,781270,2499695,639902,917610,0,663375,6360062
185,000639,2017-09-12,-0.027531083481349916,-0.031971580817051426,0.6108628511203614,17808.0,85885.88853996173,1359,32805950,26566120,886770,972836,6743951,7666312,6220828,3960607,5635387,3510138,4495427,3128245,3171682,351463,3078445,3609105,2573460,3367414
186,000650,2017-09-12,-0.006745362563237767,-0.003372681281618828,0.19636164732523922,9472.0,160909.80162864912,912,26203468,15355633,1061881,670267,4173472,2676020,1730837,1961434,3453570,2531151,1458096,1761976,703919,680240,0,457581,13621693,4616964
187,000652,2017-09-12,-0.005597014925373234,-0.001865671641791189,0.1539178704966359,9621.0,120157.85286507834,1214,29355795,20860644,1027050,899890,4119224,4318482,3789848,2103639,4137017,4824913,1904695,1298934,3006430,1379775,888576,1839262,10482955,4195749
188,000655,2017-09-12,-0.009463722397476282,0.004206098843323014,0.18750336594212894,37674.0,173291.3975132197,2577,107070120,121771425,1650587,1399026,12289634,11272099,14119056,15466328,26289734,26174396,12729091,11306089,12011529,9536056,5467901,7536792,22512588,39080639
189,000656,2017-09-12,-0.007968127490039723,-0.003984063745019806,0.10553531839690913,11952.0,121626.01141530782,2270,42925936,38501051,1565413,3835311,8490739,13715797,5869554,6173330,5281787,5169762,2619257,3325461,2144063,1361178,4051479,1269927,12903644,3650285
190,000657,2017-09-12,-0.01383399209486158,-0.007905138339920903,0.28540554577475696,43862.5,162788.8539215631,2832,134914951,122115206,960419,1207385,13183849,13504453,20027254,18830641,30622909,30002139,14549001,15693902,12770883,9874450,8547338,4957876,34253298,28044360
191,000659,2017-09-12,0.012820512820512997,0.01025641025641022,0.14188576026167873,9480.0,78791.85179466454,756,12608011,14772905,494666,843108,2671807,3084773,1687764,2523853,3379193,3926823,1340445,2397950,981638,972932,475580,0,1576918,1023466
192,000661,2017-09-12,0.025822426600636827,0.028510788822072808,3.230721898937479,42592.5,265289.4360534693,1918,81817495,141909379,27456,16574,5704722,24726905,6504930,10745675,11421420,14480652,8204469,7366365,4491781,11801071,6305690,11645411,39157027,61126726
193,000663,2017-09-12,-0.011980267794221233,-0.015503875968992165,0.33783367370575146,2828.0,62142.427372912265,1766,22878795,11070050,3584270,629847,3539565,2542245,3181256,2492056,3214479,1930899,2613072,1559327,1045646,674800,1760816,0,3939691,1240876
194,000665,2017-09-12,-0.008000000000000007,-0.006399999999999961,0.41470003236896924,7458.0,79831.12227156573,908,18285941,8714238,928856,1047113,4882180,2825917,3096635,2234072,949369,1862357,2571080,744779,714852,0,400520,0,4742449,0
195,000666,2017-09-12,-0.04106498194945851,-0.01805054151624541,0.48415997022314844,28314.0,229653.24479934317,2095,121077534,64971323,1078509,1336089,9329713,9786621,11500327,8283460,25038993,14184533,11855456,7435744,8739991,3743041,5327902,3144137,48206643,17057698
196,000667,2017-09-12,-0.00877192982456132,-0.005847953216374324,0.08413186067252125,6156.0,130904.70652180041,1661,41000451,15943350,1917679,888827,7162817,4219570,4847307,2538413,6096023,2524489,2899427,1223580,3350008,699411,0,893520,14727190,2955540
197,000668,2017-09-12,-0.005740528128587941,-0.0011481056257177658,0.8413718448824025,10464.0,34109.81666840913,428,5812996,3213306,486769,264080,2124908,1321103,1634912,767361,977494,860762,240513,0,348400,0,0,0,0,0
198,000669,2017-09-12,-0.023679417122040136,-0.017607771706132258,0.42198924488288364,17853.0,204014.47709585997,1523,68192816,33948559,1019720,1415207,7195412,7199371,8973730,4465990,9997482,8023884,7336477,1817498,2737387,2843965,2245842,453600,28686766,7729044
199,000670,2017-09-12,0.12893081761006275,0.06289308176100628,0.1148239524771565,41088.0,332539.1347218668,3081,180602308,218431244,1489753,1469903,13165582,12982230,16867431,18551560,26151952,28440163,19953683,22089131,15414097,19643766,12729929,17232948,74829881,98021543
200,000671,2017-09-12,-0.020289855072463836,-0.011594202898550732,0.13697032879174323,33320.0,217147.87501995463,2547,148769236,106888111,1399169,1285849,11966681,10755210,13727675,10011738,20002482,17193055,16010638,13609098,23653962,10797488,7591262,9545017,54417367,33690656
201,000672,2017-09-12,0.02791145332050049,0.02983638113570719,0.1869970044756569,43747.0,175033.5969474121,3090,126977285,176590068,1239730,1158204,14500215,13590266,19340391,20225780,30383266,37967228,17214312,24794689,11414330,15778762,9308997,14801047,23576044,48274092
202,000673,2017-09-12,-0.040530007794232215,-0.023382696804364778,0.2756819630718467,36900.0,242678.21670493143,2171,114420430,111273384,551077,1591685,6562250,11705431,11902188,14601375,17865490,21395509,12377829,13327555,6281940,11127965,7071315,5251586,51808341,32272278
203,000676,2017-09-12,0.009776536312849249,0.018156424581005526,0.3162131295592144,11696.0,64138.412873366055,2052,30772370,36590916,1112653,2529845,11174176,9493404,5858986,6168305,6337551,5963325,2788277,3901033,2063962,2439181,895542,2728572,541223,3367251
204,000677,2017-09-12,0.0,0.0,0.1871755057011104,10290.0,95266.59047935733,685,17878427,9110337,746998,634415,3015303,2949418,2383601,1667052,2418351,2610674,2982346,503230,1024770,334965,1787893,410583,3519165,0
205,000678,2017-09-12,-0.010204081632653073,-0.009070294784580546,0.30460084869208814,9636.0,57434.93567733394,838,15466610,5834981,1359226,888934,3842767,2798802,2940059,1219586,2852017,592151,2041072,0,307300,335508,499320,0,1624849,0
206,000679,2017-09-12,0.007284079084287187,0.003121748178980255,0.24666360451897174,19300.0,141616.1926243704,1521,41996030,45250254,878633,1840898,6124135,8103300,6339310,7655708,5895531,7795538,4499243,5808333,3157828,3885223,4967667,432630,10133683,9728624
207,000680,2017-09-12,-0.0033333333333332993,0.006666666666666599,0.14308057872953883,17850.0,132745.39847976583,1761,48750280,42920740,1419598,1275318,8274765,7199390,9769670,7106346,8682541,7632711,6126656,3837409,4021240,1796465,481599,4035669,9974211,10037432
208,000681,2017-09-12,-0.0032467532467531646,0.0037878787878788955,0.4304545043911387,30923.0,204061.29226655336,1850,86371029,49046433,842077,1038692,8736041,13388375,11895048,7228564,18497682,7082085,5582901,5016118,1407925,3778966,2236565,2697547,37172790,8816086
209,000682,2017-09-12,-0.010928961748634003,-0.0036429872495447047,0.11939625315682618,11060.0,105954.2490202679,2120,38335986,50844447,1152231,2510561,7288305,9430331,7558522,7838207,8160990,10463259,4242969,7318261,1981580,2430616,3091788,479719,4859601,10373493
210,000683,2017-09-12,0.012232415902140747,0.021406727828746197,0.06411133649842714,23760.0,283197.47461218375,2626,99033696,145875419,1618951,1774555,11920780,12239320,10907009,12585684,14019007,19967889,9907685,15218768,5910375,15358896,2500951,6409999,42248938,62320308
211,000685,2017-09-12,-0.0027272727272726893,0.0036363636363636598,0.2970498024474619,11000.0,109587.7321621171,1371,27666541,38323495,768770,1650207,4611026,5871656,4218967,4297037,4727649,6540331,2949897,4856329,3531322,2683325,3079940,2676702,3778970,9747908
212,000686,2017-09-12,0.0,0.00746268656716409,0.23183181125047866,26850.0,249593.786300793,2139,116642276,117406062,1127752,1191371,9664959,9222058,10771097,8531151,12965234,14157947,13463797,12647502,8048118,10822638,7180206,7968855,53421113,52864540
213,000687,2017-09-12,-0.011094674556213047,-0.008136094674556116,0.3455033927830028,18788.0,112964.72167740755,1531,45297036,30794066,1161909,1104534,8116292,7175643,7706536,6184897,10260895,6611569,6204601,2842114,1849097,1037735,1793588,840700,8204118,4996874
214,000690,2017-09-12,0.04380475594493105,0.04881101376720909,0.17060113057654547,29452.5,258079.52411058615,2196,91504227,138317256,1262409,1789141,7403010,11236307,9461549,11343081,15905848,19937115,7409121,19811867,8454040,12606693,9247235,8708241,32361015,52884811
215,000691,2017-09-12,0.042362002567394086,0.025673940949935803,0.30570420139192306,15420.0,79239.81243066271,649,11695876,11772612,511093,509706,3024113,3067135,1814743,4008952,2422008,1501729,2038830,737720,0,963550,873232,983820,1011857,0
216,000692,2017-09-12,-0.019746121297602226,-0.01128349788434413,0.2673174239832138,7100.0,114046.18943852058,703,16835493,8168342,1040720,566594,2373019,1960370,2365424,1818606,1748235,1368740,875208,487846,1355682,664248,1316244,0,5760961,1301938
217,000695,2017-09-12,-0.003281378178835004,0.0024610336341264194,0.43476005309101473,12070.0,56580.63470447935,786,12508509,7327770,885940,492772,3782159,2945498,2432758,1445380,3046607,1311712,474719,446120,365715,686288,914111,0,606500,0
218,000697,2017-09-12,-0.049709724238026,-0.02576197387518131,0.49655397036553,64680.0,397130.4887730874,3087,347907290,224875719,781822,821916,12695764,11928196,17690298,17517232,33562336,31918908,30647172,24233147,27575269,20283377,27746517,17268778,197208112,100904165
219,000698,2017-09-12,-0.001434720229555153,0.007173601147776099,0.19954868387764874,19670.0,116447.03372913407,1220,32480481,34586056,849481,956768,5375949,6194866,6097761,6102655,5514565,5387963,2166539,5353396,2162930,2397968,3626690,461378,6686566,7731062
220,000700,2017-09-12,-0.008264462809917328,0.0,0.18362208822524984,13077.0,90730.79341810821,1564,26756997,40321670,694219,3505269,5109305,8363683,3614301,6864853,6061233,5370175,3164266,5391200,1396511,3232767,2768350,1402024,3948812,6191699
221,000701,2017-09-12,-0.016591251885369585,-0.005279034690799378,0.3489146387924049,19732.5,80263.39101625342,1444,36319662,25580215,791940,996963,8506535,7830699,7090764,4694465,8333365,4425869,4623225,3143018,1030155,2358028,1349909,479846,4593769,1651327
222,000702,2017-09-12,-0.043704474505723234,-0.037460978147762725,0.19967907399477053,26940.5,138829.1991712656,2320,88222513,59084317,1565008,1582842,11049926,10454198,14177229,11692167,20609756,15022736,9341077,6182207,4443806,3922117,6364530,3502710,20671181,6725340
223,000703,2017-09-12,-0.004863221884498392,0.0018237082066869803,0.3498107749199276,11466.0,89786.89927652138,2215,29540504,56084765,1330108,3579944,4525564,12960963,4692531,8579454,6133940,9749439,2935423,7043217,3134647,3341898,1365999,463088,5422292,10366762
224,000705,2017-09-12,0.018251681075888593,0.004803073967339255,0.2689475079335983,7322.0,34944.65297042814,1499,11037876,11069485,1324560,4464246,3123723,3717383,1984513,1459801,2426409,1009255,893851,418800,398860,0,0,0,885960,0
225,000707,2017-09-12,-0.0013586956521740579,0.005434782608695565,0.2396505276624954,21438.0,108220.40602356236,943,23537367,26633940,710997,741669,6553337,3554701,3224502,3360662,5182153,5591597,1658097,2976013,3261464,1001051,816035,1372675,2130782,8035572
226,000708,2017-09-12,0.0,0.013013698630137016,0.2885338606871786,44445.0,213990.70349911693,2564,131841121,132858935,905638,953574,12465100,12248240,17794377,15109678,23634763,23314108,17351879,14994694,11134998,11359442,6306970,11739839,42247396,43139360
227,000709,2017-09-12,-0.008350730688935326,-0.0041753653444677186,0.08170606056378767,65348.0,576420.7428678575,3457,288964038,442679979,875479,1198715,11364721,16179039,18326407,26664384,32895904,51552439,27438458,39100643,19543521,27091680,11300219,21918923,167219329,258974156
228,000710,2017-09-12,0.1024077046548959,0.1024077046548959,1.3399583726804765,68680.0,1384962.8613831738,2165,340468891,212058887,1027094,476428,10588282,5351883,14388654,8650441,27337925,20061241,17379984,19488190,19312293,16646826,9729264,11674416,240705395,129709462
229,000711,2017-09-12,-0.02203856749311295,-0.02754820936639124,0.3800506835267698,12906.0,72746.59022275163,1460,37001427,16771206,2048505,1331589,6402943,5672852,5585902,3828942,8544342,2864259,8528574,1513114,2739664,313376,0,489900,3151497,757174
230,000712,2017-09-12,0.04029304029304037,0.04133961276818421,0.38714429951348306,43769.0,298956.65029328613,2438,115571557,196061647,1247561,1301037,11291065,10778479,12912814,14487893,21986475,25583939,14008385,22091300,10465400,12437703,11487212,14348161,32172645,95033135
231,000713,2017-09-12,-0.0023809523809523725,-0.0023809523809523725,0.307013205642531,12128.5,51751.49549624,748,13176053,8220963,889197,579166,4335726,2416371,2804012,1704867,2486606,1191654,1981851,1030116,678661,386605,0,409985,0,502199
232,000715,2017-09-12,-0.0018264840182647957,0.0018264840182649067,0.3794107283145905,5490.0,24371.89669810187,833,5573273,4999072,816660,1588851,2017855,1761394,1653216,659874,735142,988953,0,0,350400,0,0,0,0,0
233,000716,2017-09-12,-0.005997001499250421,-0.004497751124437843,0.16272900701507548,10306.5,88048.55923273218,1682,34980805,26948087,1331537,3531946,7494191,6028170,6085195,3164280,7405953,4302297,3105483,2848935,2422993,986966,478023,1367775,6657430,4717718
234,000717,2017-09-12,-0.059855521155830815,-0.04643962848297212,0.1628570372145907,157084.0,1291216.5319311495,3555,823096548,865691430,277643,552574,7715350,9130455,18084583,20360670,41890069,54405294,34533479,42574459,31713587,46351825,30139728,34326586,658742109,657989567
235,000718,2017-09-12,-0.007168458781361964,-0.007168458781361964,0.13745988963293307,8295.0,118285.14172542791,1651,47516900,23683229,1170848,1944353,5177325,4633619,10152208,3122835,8843189,4593535,2810600,1924051,2056594,1051000,1731526,879139,15574610,5534697
236,000719,2017-09-12,-0.0009090909090908594,0.0018181818181817189,0.3763341577302646,8840.0,77504.63439758428,854,13914687,12450856,359525,1699433,2389801,5299568,1299036,2623292,1728175,1184181,2637526,474607,384302,0,917418,462575,4198904,707200
237,000721,2017-09-12,0.011857707509881354,0.0026350461133071157,0.21469340058790815,12144.0,87923.88052985125,1250,25133680,21976517,1394410,1101891,6402869,4775476,4490110,3777947,4778796,3158217,2496023,2165112,1430179,2408910,1309623,871804,2831670,3717160
238,000722,2017-09-12,-0.0032948929159802853,-0.0032948929159802853,0.458585157782909,17010.0,106544.09903683879,700,19942679,12726124,379706,626378,4442901,3305642,2932925,1896708,2074333,2823695,2932722,2298867,661611,1371362,965513,403472,5552968,0
239,000723,2017-09-12,-0.01711229946524062,-0.0064171122994652885,0.18664049417816614,51853.0,498268.318784697,2514,209027817,242706385,890562,1788533,7563978,10496004,12357430,14691213,26138204,22711460,18048617,20242163,16835781,16409613,21085007,14578846,106108238,141788553
240,000725,2017-09-12,-0.015075376884422176,-0.015075376884422176,0.06698684976988536,70952.0,987864.6058359949,3566,595512399,454555830,919717,1087690,15522212,13660763,23446659,22970780,39924390,40883860,34125231,35010048,21326911,27051241,26018688,26744687,434228591,287146761
241,000726,2017-09-12,-0.00656275635767023,0.001640689089417613,0.2943233529702323,12170.0,51774.68157275652,1716,19695445,19352676,1232787,1413303,7637482,9591824,2940207,3007365,3853833,2385713,1685451,752233,326835,336168,1392942,0,625908,1866070
242,000727,2017-09-12,-0.0035087719298246833,0.0,0.06731886862048496,5964.0,245576.11798947278,1810,41321342,36334036,1415560,1555866,5301024,6276911,3853653,3548020,5948016,5390455,4617409,5322412,1104760,1424225,0,1837395,19080920,10978752
243,000728,2017-09-12,0.0020661157024794985,0.012396694214876103,0.25986418511830867,89324.5,481411.275237653,3124,313107727,425973797,648138,697190,10844570,11533929,20248616,17452827,36299802,38186013,32791937,30725167,27646668,26833676,29859346,28647159,154768650,271897836
244,000729,2017-09-12,-0.006134969325153228,-0.006134969325153228,0.16001644197401171,5850.0,97948.73279477075,1663,27894786,16580913,1739931,1792932,6757811,4161502,5011086,3869770,2404902,2765910,1631414,1021699,718300,347100,453600,0,9177742,2622000
245,000731,2017-09-12,0.01598173515981749,0.0182648401826484,0.18164840618028588,19459.0,136059.4149177258,2328,61380208,89203362,1351509,2089516,9131100,12480677,8680463,10590520,12119460,15250963,7422805,10400427,5904291,5186500,4072605,7989256,12697975,25215503
246,000732,2017-09-12,-0.005621135469364713,0.001686340640809414,0.4417725612684913,14216.0,127177.04754424583,1623,41457965,39093564,2356943,786690,7847491,5123324,6386460,6705573,6694073,8550725,6137213,4098988,2792748,4338040,1351866,1801941,7891171,7688283
247,000733,2017-09-12,-0.006395348837209269,0.005813953488372103,0.34721474811530073,39744.0,145645.65430103455,2455,112398083,95021211,1269370,1096401,11204779,12417814,14123337,18814043,24478117,23240231,14676533,14573760,11440959,9512116,9576590,5828373,25628398,9538473
248,000735,2017-09-12,-0.005747126436781658,-0.004310344827586188,0.20029808971077992,11184.0,145304.73549929218,1208,32509271,29118616,1194539,1110578,5495614,3786175,4518358,2943983,5664160,5557850,3152189,3183191,2780319,1808922,1330898,405880,8373194,10322037
249,000736,2017-09-12,-0.024861878453038777,-0.014502762430939287,0.4962413524700437,8586.0,61603.01508501384,851,13993216,7925561,1158794,652649,3559585,2997691,2051615,1594394,2274843,1461435,1045833,257760,1684421,347733,1289925,0,928200,613899
250,000737,2017-09-12,-0.001577287066246047,0.006309148264984188,0.1457617330582882,14662.5,87627.37001004966,1896,44862958,37562678,1872446,1201489,8459778,7332905,9150247,7272183,10743620,9443650,5391775,4657062,3061548,1880039,1319742,920320,4863802,4855030
251,000738,2017-09-12,-0.009495252373813101,-0.005497251374313006,0.4924083506945662,19880.0,111747.8251034439,1651,53987406,31412376,1481848,1555243,8708842,6830389,8396747,6978097,10342318,8287697,5360315,2084646,4743542,2144507,1351755,840319,13602039,2691478
252,000739,2017-09-12,0.030261348005502064,0.0453920220082531,0.16772971826084368,22920.0,189157.71427843874,1883,62968863,73205551,1512457,1280721,8254196,7717015,9224466,10057331,12206352,13745264,7219622,7008434,6747449,5895777,2735836,5953419,15068485,21547590
253,000750,2017-09-12,0.0016339869281045694,0.009803921568627416,0.12475808376956904,15300.0,183625.60594888133,2412,61107370,96955671,1439811,2122871,8424695,10464279,10115242,10450678,9462457,14711743,4339070,7103279,8215171,9208153,5075547,4957629,14035377,37937039
254,000751,2017-09-12,-0.007462686567164201,0.016417910447761086,0.11313045532745704,102076.0,395756.21858626034,3519,389522951,417083280,561873,559839,12407524,12140992,22592458,23604783,46963678,47768516,42415550,44169076,30960576,37172191,32266955,31397400,201354337,220270483
255,000752,2017-09-12,0.020714285714285685,0.02285714285714291,0.29747270512767515,17298.0,109000.97653638785,2216,47811033,56792444,1350954,1980845,10093367,11118129,9348169,10606325,12406378,12861536,3275307,5562026,1350731,2467310,864770,2236226,9121357,9960047
256,000753,2017-09-12,-0.004237288135593098,-0.0021186440677966045,0.1563143738583339,9420.0,68088.64949568313,912,18107743,8723878,1259500,699325,4958631,3180061,2903772,1178791,2780787,1867917,1729928,1009353,354239,354663,1862276,433768,2258610,0
257,000756,2017-09-12,0.005639097744360999,0.011904761904761862,0.5339468557043764,15870.0,76664.44609496795,893,15816651,16625865,642945,910537,4461201,5384176,2040105,2025172,4133203,2572272,1404375,1837576,1809160,1020360,1325662,0,0,2875772
258,000757,2017-09-12,-0.019204389574759895,-0.010973936899862813,0.2525839908033376,12223.0,143828.79659696508,833,20553612,13673195,672669,725411,3895511,3111917,1827215,2101910,3025807,3333547,1245191,1205921,0,334800,1291293,1280273,8595926,1579416
259,000758,2017-09-12,0.006009615384615197,0.02163461538461542,0.1422463840610462,94365.0,448710.33608447824,3430,342324883,425649843,715762,777598,12629442,10747686,22379803,22036743,46819447,43320101,38175706,37983941,33832093,32222841,19046677,35886621,168725953,242674312
260,000759,2017-09-12,-0.00440528634361248,-0.005506607929515517,0.2917538578446025,3617.5,53555.0494292547,968,15106492,5894898,1817574,519250,3538510,1820288,2637842,1403264,2238974,503748,1322584,239184,1692413,1005981,1858595,403183,0,0
261,000760,2017-09-12,0.030487804878048808,0.0315040650406504,0.2075063304909691,20160.0,132433.8986277838,2251,50957060,76288425,1753222,1317821,11635467,10191667,9429198,10495006,11862620,13932353,4565036,9208852,2174423,7514669,1275094,6879542,8262000,16748515
262,000761,2017-09-12,-0.02401129943502822,-0.019774011299435013,0.13448734676198726,32853.0,419273.16027897183,2783,216326999,182063769,2545654,1025412,13950184,9467604,15762371,11457725,24206064,18494908,9772348,15301806,13152701,16618081,13238358,9073988,123699319,100624245
263,000762,2017-09-12,0.04604651162790696,0.05255813953488375,0.47197857090262224,151524.0,4675594.310047595,2081,1169644603,979139490,1466446,8844,10969636,285047,9195355,1999366,15529659,6069716,16716396,9896467,15527120,13010111,13900764,9884684,1086339227,937985255
264,000767,2017-09-12,-0.0027855153203342198,0.0027855153203342198,0.11789072641752192,10770.0,96483.40327278955,929,18537478,16693846,679048,644879,4600033,3743019,2164049,2175909,3422854,2828437,1850064,1817894,1752306,2056320,902300,880659,3166824,2546729
265,000768,2017-09-12,-0.008025682182985716,-0.0037453183520599342,0.378609821923127,26096.0,178700.01120635145,2437,107229450,73568373,1705938,1595917,12761810,11701401,14481885,12593781,18210795,14414578,11774711,6906890,6645559,8244846,7027157,3684628,34621595,14426332
266,000776,2017-09-12,0.027055702917771818,0.03076923076923066,0.3286711574893312,131784.0,931736.3199884774,3291,524156992,703703386,732478,805351,7741251,10077511,18304449,15770477,39354424,40609880,39916173,34512004,32741176,29468670,30589300,28651186,354777741,543808307
267,000777,2017-09-12,0.013989927252378243,0.015109121432568484,0.39759568199435324,23464.5,155925.79673506867,2020,53248446,88101156,1123262,1558381,9339340,11325293,9391294,11593324,12918511,15015952,4351926,10439619,2540466,7267272,3059299,6748680,10524348,24152635
268,000778,2017-09-12,-0.01777777777777778,-0.008888888888888835,0.12324810392512749,34736.0,183339.6593215701,3007,157456763,104085385,1438008,1528226,16171750,12049246,25668531,16142750,33799448,18742299,19619667,6493881,16198885,4570932,7101534,6788881,37458940,37769170
269,000779,2017-09-12,-0.0006618133686300265,0.007279947054930513,0.5552087039069932,13675.5,65833.09818657264,740,12335842,10557828,748977,626931,3558701,3456551,3001849,1343886,1195821,2375259,1160138,1108725,928456,303600,0,469084,1741900,873792
270,000780,2017-09-12,-0.009140767824497242,0.00365630712979903,0.17720540619145786,15892.0,80121.41909425423,953,19152611,21165345,818486,673572,4618441,3166658,5358159,4398619,3408671,4825684,3352394,2591196,321816,1352454,451000,1294841,823644,2862321
271,000782,2017-09-12,0.0010706638115631772,0.0010706638115631772,0.3633481544099699,12076.0,191036.7432449864,660,17596784,8989996,894120,351033,3582328,2009372,3170030,2434168,1800317,2244221,1998968,735953,0,0,851870,419400,5299151,795849
272,000783,2017-09-12,0.010101010101010166,0.016161616161616266,0.19641257934287829,36667.0,517863.43500125565,2543,128875340,188378559,1157055,1720671,12423184,12799720,14715724,12954956,21564217,17914855,13621954,14967169,11423083,10468635,8193268,9374340,45776855,108178213
273,000785,2017-09-12,0.0,-0.002712477396021762,0.49127217173056725,11045.0,74120.07893488866,506,10650019,6047729,502466,375713,2664462,1425136,1856619,875564,1933837,2068861,751035,937475,330000,364980,467500,0,2144100,0
274,000786,2017-09-12,-0.0113924050632912,-0.001898734177215311,0.2809755328606527,55370.0,293752.65198861,3164,219386987,178848694,922858,1297388,13812015,14151608,22565729,24275809,39800117,37457803,26932457,19682177,18473440,15857697,12623792,10402219,84256579,55723993
275,000788,2017-09-12,-0.003842459173871382,-0.0019212295869356355,0.250486257328852,1040.0,48011.59536393729,1727,11793451,11241580,377378,1891930,2568130,3306248,2261080,2375300,2464698,2901981,416037,766121,388874,0,907593,0,2409661,0
276,000789,2017-09-12,0.011138613861386037,0.011138613861386037,0.1894148985700832,16219.0,164898.5287105412,1821,48316629,72993870,1694999,1843438,7083938,7548787,8246516,10875805,6828479,9206321,4853328,6027557,4636153,3049445,4844710,4838500,10128506,29604017
277,000790,2017-09-12,-0.006930693069306937,0.0,0.36898338501319544,15225.0,115263.08626339058,749,20376428,17036747,466227,448750,3422431,2730560,3080391,3204725,4756675,2880008,1972546,1769317,1253175,646735,0,1295755,5424983,4060897
278,000791,2017-09-12,-0.004819277108433884,-0.002409638554217053,0.17639459912432712,4956.0,65650.08325747945,2217,34063311,22476237,3236083,2290407,7051226,5586931,5155456,4056905,5550992,3469350,3710134,2226633,1804348,2132909,4771620,975703,2783452,1737399
279,000792,2017-09-12,-0.01631205673758873,0.01134751773049647,0.23829614144134872,230459.0,2488713.4307320854,3512,1083453492,1369411698,264492,368183,6201947,8497272,14052576,16815680,36075987,41580312,33610894,34340748,33555143,39857279,34808982,46440235,924883471,1181511989
280,000793,2017-09-12,-0.016037735849056545,-0.012264150943396168,0.2847426225013485,28871.5,197041.75899596646,1386,78262452,47305786,607308,918080,7094133,4583740,8307828,3628193,14903179,7296622,9747322,3559567,8155350,5861356,5292100,6086485,24155232,15371743
281,000795,2017-09-12,0.042630937880633324,0.11084043848964664,0.14884641628523254,106232.0,1248697.9282236332,3050,464989790,459751002,2292876,11250,14590820,2104027,19191615,7639224,38018646,25861020,39248158,33648410,40542523,26698076,36344451,29638941,274760701,334150054
282,000796,2017-09-12,0.03900928792569669,0.0006191950464398133,0.31813712901609303,30903.5,186046.08834957852,2580,109670811,82231255,1568633,1472805,13097163,11460992,16707096,11690093,25121961,20055937,15313371,11949773,11043685,6037819,1349541,3031273,25469361,16532563
283,000797,2017-09-12,-0.01990950226244348,-0.01538461538461533,0.3313208634686914,19737.0,247016.13330954555,1112,53835190,23404139,673936,805094,4784987,4613136,5667812,3626829,7970341,5532417,7933059,2337367,2595073,1756270,860060,1742530,23349922,2990496
284,000798,2017-09-12,-0.010298661174047541,-0.005149330587023715,0.2923292496134955,10604.0,69045.56552341387,1103,20487044,11003399,1782743,979272,5586863,4281933,3684764,1977422,3834535,796304,506079,937319,2051522,348480,419472,487368,2621066,1195301
285,000799,2017-09-12,0.11035856573705183,0.04661354581673294,0.44235990640382417,60444.0,307870.1754158788,3221,202849022,269829881,780463,716225,13653677,14168954,22515714,23398835,33913299,40192135,27169878,27807045,18638481,18073700,12874957,20791175,73302553,124681812
286,000800,2017-09-12,-0.014925373134328401,-0.0026338893766463256,0.21690270595611566,53130.0,313359.5297185299,2764,200721757,166813437,1118182,838237,9865276,10922906,26150412,14960102,30813129,24331666,16907638,17280846,29691184,13714499,10752781,6807126,75423155,77958055
287,000801,2017-09-12,-0.013317191283292895,-0.018159806295399594,0.2031626223048808,12991.0,123799.15955133355,1654,46837580,25300981,1341612,1821982,7273889,6843046,6369457,5477610,7709583,3855977,2660939,2963984,1626229,1020743,3020023,2129033,16835848,1188606
288,000802,2017-09-12,-0.010495626822157433,-0.0034985422740524408,0.35699117783584905,23898.0,132044.77931720178,2308,88842835,50465406,1148345,1082710,15840278,10090271,14819327,8949112,17033433,12307226,12050802,2949371,7412416,4857075,4450643,2238279,16087591,7991362
289,000807,2017-09-12,0.006756756756756799,-0.006756756756756799,0.24853087936685211,210863.0,1856746.2682077494,3563,1022594222,1200529711,156807,228166,5740106,8209970,16373126,19970993,40115281,47277206,38216651,51832708,38344581,40100728,34178316,44253216,849469354,988656724
290,000809,2017-09-12,-0.002457002457002644,-0.002457002457002644,0.21196164291472114,14412.0,126981.11135577099,368,13969109,3549161,323473,181623,2373229,1093009,1497461,600132,2852029,902230,1776213,294756,395120,0,826614,477411,3924970,0
291,000810,2017-09-12,0.09843606255749782,-0.006439742410303428,0.4222161476031756,10805.0,57068.88986885078,662,12377279,4670358,606695,744365,3271310,2129617,1772934,1117167,2424262,679209,649725,0,710874,0,1349370,0,1592109,0
292,000811,2017-09-12,0.010945273631840724,0.017910447761193993,0.26144763651881703,20160.0,148713.9856526805,1478,32739456,55425550,743684,966954,7499807,6870106,5782353,7337659,5164287,10871785,3907979,7622804,960387,3070722,499712,3003368,8181247,15682152
293,000812,2017-09-12,-0.003436426116838587,-0.002290950744558984,0.3120558984214858,10898.5,99830.6583528181,782,17915683,11776418,701606,1033103,3392507,3317533,3676121,2555461,2499108,1330332,911041,1196622,348000,0,2648466,906574,3738834,1436793
294,000813,2017-09-12,-0.00952380952380949,-0.005952380952381042,0.3129391651797439,4195.0,61594.54614408572,720,8404378,5927721,549425,847442,1930524,2752384,1396405,1220652,1224460,1107243,493506,0,0,0,409640,0,2400418,0
295,000815,2017-09-12,-0.01406649616368294,-0.0038363171355498826,0.33927975111502384,21644.0,205345.4823631322,2129,92953729,56808394,1560711,1450209,10402328,9785415,8564138,9696342,15166440,11868672,7953853,5857934,7181549,5634859,6271173,2316764,35853537,10198199
296,000816,2017-09-12,0.01878612716762995,0.026011560693641522,0.19262456661515553,20940.0,174423.20112275155,1291,28768238,69228253,1015048,1004567,7630635,5317897,4461445,4419322,3926875,6585265,2010842,7190324,2733051,8726705,2279713,4127497,4710629,31856676
297,000818,2017-09-12,-0.018018018018018056,-0.01064701064701068,0.25614628310125415,26697.0,298166.730704037,2274,106226212,122903235,1105458,1445479,9634357,12387893,10898322,11747239,12847924,14709135,10152037,13780333,7497979,8948822,6739941,8382715,47350194,51501619
298,000819,2017-09-12,0.008796041781198527,0.014843320505772306,0.5254300643978734,20157.5,85748.47208627813,1198,24088216,30104368,917921,934134,6223329,6671369,6622653,6680330,6180937,5007836,1768861,2637119,1031213,644039,484437,2183551,858865,5345990
299,000821,2017-09-12,0.040000000000000036,0.03384615384615386,0.27218947984943104,22661.0,151509.692818049,2283,66967925,79882687,1176210,2278707,11353314,10167827,13859542,11053745,12282696,15102297,5884007,8945712,4318545,5169181,3924405,6435143,14169206,20730075
300,000822,2017-09-12,0.042483660130719025,0.06862745098039214,0.21241686873741017,75396.0,604483.1869488287,3337,299444606,406189747,927615,776445,11962887,12892011,21535115,20700942,44361764,44047311,30902965,32727731,19820996,27795392,16878862,16370042,153054402,250879873
301,000823,2017-09-12,0.008891928864569243,0.019835841313269542,0.32871376451362094,27502.5,227799.9254906981,1980,76644511,101074528,831576,1380570,7556265,9423955,7696324,12960953,12896642,14228809,11834533,12040218,3975564,6064297,5884124,3984544,25969483,40991182
302,000825,2017-09-12,-0.021621621621621623,-0.012612612612612484,0.09577639480978034,43371.0,490303.167491018,3374,231042286,305735692,1179441,1712979,11202851,15168582,14886762,23287671,24671491,36601594,23525881,29580483,21052956,22634578,13100178,19236908,121422726,157512897
303,000826,2017-09-12,-0.014571428571428569,-0.00657142857142845,0.7875946963598693,27736.0,269373.1288041559,1976,116589052,67796216,1369469,586665,12229491,7536031,9435973,7004602,17804667,12294810,10028521,4888849,11563746,6678906,3906187,1336089,50250998,27470264
304,000828,2017-09-12,0.012718600953895098,0.01748807631160587,0.3605421074336267,25540.0,125552.0822627677,1217,31852028,47291250,560964,578173,6109054,6514214,6225022,5894182,6124336,10799926,5529045,5993741,3464060,4482711,1361225,1858376,2478322,11169927
305,000829,2017-09-12,-0.014732965009208066,-0.014732965009208066,0.305688901296511,18249.5,147092.32873080877,1262,46328267,20630953,973424,847326,7915813,5104299,5869103,3288397,7247304,4224481,3941805,1413484,3741814,997183,1393229,897737,15245775,3858046
306,000830,2017-09-12,0.012158054711246313,0.042553191489361764,0.16918492145032032,71497.0,425740.8020928285,3409,292423203,385547679,975050,961742,12676857,13171271,21482577,20958213,34972749,39226780,33027334,37665232,25065423,31468669,19902773,17681733,144320440,224414039
307,000831,2017-09-12,0.010526315789473717,0.02724458204334379,0.27333795766762664,165130.0,571030.5418779056,3497,526293105,620650624,396448,420589,7201554,8392460,17101506,20299880,43340405,51068498,39887974,61490556,40604585,51347827,32224202,41673913,345536431,385956901
308,000833,2017-09-12,-0.017751479289940697,-0.014201183431952535,0.17415725774888074,8335.0,93766.55053319561,2356,51319397,22696487,2370360,1315563,10781714,5999143,9660410,5287027,8734045,3485203,3605534,2976313,3411565,1358088,2129547,454981,10626222,1820169
309,000835,2017-09-12,-0.0180541624874625,-0.011033099297893756,0.2772620679314738,16728.0,103171.79213902111,1293,38551619,18228862,1405283,1249692,6241145,5943722,6552271,5573801,6909127,3314280,3975835,895240,3192362,730696,454480,0,9821116,521431
310,000837,2017-09-12,-0.00903225806451613,-0.00903225806451613,0.22297650350988743,14573.0,62811.112055150625,1208,23972304,18690495,1022002,1244310,5119300,4824862,5775394,5085882,6533156,3849283,1698135,2087942,2427577,300690,0,0,1396740,1297526
311,000839,2017-09-12,-0.05285961871750433,-0.017331022530329254,0.1950540440951355,182413.0,993067.4349160423,3505,923375664,725191262,267487,236946,8284904,7956107,15461435,17849250,49605437,48334503,46258520,47836749,38902743,45236278,41437463,42078768,723157675,515662661
312,000848,2017-09-12,-0.005336179295624244,-0.004268943436499417,0.25996311658772087,16812.0,205410.9831467626,1299,43453906,31981427,1136989,1476313,6405683,6322749,4733463,4151232,7099807,4663605,3345095,2920950,2507700,2763768,1405830,885498,16819339,8797312
313,000850,2017-09-12,-0.0018382352941177516,0.003676470588235281,0.2054127494845401,13056.0,133109.33197376592,701,16394553,20862727,579522,461226,2712607,2775840,3276290,2508439,1608067,3851343,2573217,1737852,763818,1319918,1264664,1274874,3616368,6933235
314,000851,2017-09-12,0.021543985637342944,0.026929982046678624,0.24423963095778545,33525.0,213260.21057193805,2082,91194284,106741337,976752,803244,11162717,8730935,12619108,10849982,17386240,17034575,9868029,12459382,11164223,8125980,5937086,5687530,22080129,43049709
315,000852,2017-09-12,-0.0236768802228412,-0.00974930362116988,0.26748098441128065,36894.0,130547.62712464912,2884,127950485,88314439,1411240,1379681,17080819,13579542,21602868,16883252,32634340,24794549,15146736,13570225,10398099,3600866,5300409,5313114,24375974,9193210
316,000856,2017-09-12,-0.015384615384615441,-0.010839160839160922,0.5438074963601242,34314.0,149773.07435320542,2766,110785172,84202514,1085110,1551413,15383013,14832257,19912626,17985198,25976072,20521579,10684934,10632615,5837586,4706738,5431041,5738205,26474790,8234509
317,000858,2017-09-12,0.020563594821020548,0.015232292460015229,0.8858599946347915,128472.0,533599.101685867,3515,514758971,474670948,277088,124758,11709154,8431429,23214253,19839317,54375563,51398371,50246430,46301321,46214245,39053277,29606671,24391409,299115567,285131066
318,000859,2017-09-12,-0.015037593984962405,-0.007518796992481258,0.14430078248288486,13225.0,103590.80173133327,1361,41237568,19618807,1588779,539107,8215623,3273062,6640877,4037378,7829854,3930462,4006343,3339871,1072047,2243913,1734222,907558,10149823,1347456
319,000860,2017-09-12,0.0030211480362538623,-0.0030211480362537513,0.5714676773839554,19890.0,115872.45992922815,1207,38436070,25230985,1050967,1089472,7215535,6199589,5647023,4913673,6570790,5480114,2829875,3143928,2871722,1811860,1387920,889109,10862238,1703240
320,000861,2017-09-12,-0.002645502645502562,0.005291005291005346,0.12540804550373946,6822.0,60850.4114037011,910,11428941,10284106,941345,791585,3298852,3158542,1800818,1604639,2230451,1304591,904336,1049342,379000,1385080,435834,478677,1438305,511650
321,000863,2017-09-12,-0.0027662517289074318,0.0013831258644536604,0.25672960054368743,2888.0,40657.18939674952,793,7592077,7434906,492773,539945,2049106,1927653,1798209,2844354,2059932,1236248,722686,222992,0,663714,469371,0,0,0
322,000868,2017-09-12,0.0,0.0,0.13622409087212572,1250.0,440965.91070092726,2104,39406105,0,2718750,0,3654375,0,1861250,0,2086250,0,767500,0,314375,0,423125,0,27580480,0
323,000869,2017-09-12,-0.0008498583569402918,0.0011331444759208331,1.2231554497404833,17682.5,67652.36677333893,832,18508099,14068918,541217,556930,4500305,5115769,3644448,3537685,3806686,3029117,1308596,951817,1881717,386931,935524,490669,1889606,0
324,000875,2017-09-12,-0.0019762845849802257,0.001976284584980448,0.15916223170536506,10605.0,190133.22257560396,1011,30969717,20286969,775493,704984,4887110,2778197,3872438,3339573,3701400,2612158,2089521,1937602,1269010,723115,1242503,1256032,13132242,6935308
325,000876,2017-09-12,-0.0066225165562913135,-0.0026490066225165476,0.17769370675010057,14326.0,159880.1667821259,1807,54916592,43034296,1349589,2043088,6762905,7886805,7028673,5168660,9869792,6508207,13343263,2926397,3695737,3507501,841296,906308,12025337,14087330
326,000877,2017-09-12,-0.008600469116497256,-0.0031274433150898506,0.2367149700641114,33124.0,119180.28087383937,2921,107387266,97280672,1403047,1325691,16500799,14602081,20070283,16472497,30155756,22358945,14916586,14232280,6788323,7338965,3436819,4548042,14115653,16402171
327,000878,2017-09-12,-0.011650485436893177,-0.0012944983818770073,0.277555609843262,65982.0,435237.1136231444,3103,241597945,311502100,739408,1070396,10824885,14625665,17690270,20931990,34552791,41253853,22985243,33549174,20236394,26235434,17446273,19197102,117122681,154638486
328,000880,2017-09-12,-0.016450216450216604,-0.0051948051948051965,0.44240239536043413,5750.0,42611.46906588448,681,6731034,6856100,548945,1085777,2283110,1910645,1538594,969845,1275591,1701695,267018,518297,360576,669841,457200,0,0,0
329,000881,2017-09-12,-0.012597480503899305,-0.007798440311937771,0.5215739902136096,11620.0,97814.26468216808,1021,21982947,14231962,520932,1607729,3747794,4746826,4981730,3216384,3533226,2202775,1496017,965902,1997862,660686,1310011,0,4395375,831660
330,000882,2017-09-12,-0.0027173913043478937,-0.0027173913043478937,0.11951534678167273,9175.0,123355.68214809796,950,20598111,16852178,798848,941435,3900582,3403843,2894826,2090419,4394127,1926909,2592243,1287716,1115680,368000,885765,0,4016040,6833856
331,000883,2017-09-12,-0.0019607843137254832,0.0019607843137257053,0.13614309290336396,6682.0,113582.51208598187,1406,29536081,19910791,1184958,1277131,4961653,3299003,4955687,3147847,4225849,3658832,2938279,1650311,1771667,1362085,408000,1251283,9089988,4264299
332,000885,2017-09-12,0.07829181494661919,0.04422979156075235,0.357745866531685,63116.0,253446.75679477412,3024,171882613,246650651,846538,744525,12647581,12869728,19830190,17808784,34821396,33626109,24352106,34481610,19839482,33407593,14374470,21417233,45170850,92295069
333,000886,2017-09-12,-0.004739336492891044,0.0,0.18654320221417264,13816.0,116890.69808054103,1152,27307850,23449663,955020,446967,7730559,3335878,3257538,3412695,3570373,3708764,3662629,2921683,677490,1334670,2237004,884672,5217237,7404334
334,000887,2017-09-12,-0.0023832221163012646,0.009532888465204836,0.3818328542435585,52925.0,336225.58834458544,3021,191339570,213532628,729515,620010,10615063,19115994,19411989,23577279,31490087,34661354,18765222,21349473,15094660,17799222,13136457,12457410,82096577,83951886
335,000888,2017-09-12,0.002553191489361728,0.0034042553191488967,0.2716869386202397,10575.0,68781.22596665204,1871,23447277,30706921,766644,4865531,4982448,8850770,6869094,3901916,3285055,2801812,1402316,2317963,966828,1449404,871059,2333740,4303833,4185785
336,000890,2017-09-12,-0.012406947890818976,-0.003722084367245748,0.28258207550575937,9647.0,73989.68461730068,813,15326402,9139413,916116,855497,3943507,3126036,2196234,1655755,2233731,1963563,982283,482804,680800,0,869065,412741,3504666,643017
337,000892,2017-09-12,-0.013205282112845107,-0.010804321728691502,0.261962163718273,9097.0,57078.83215051357,1011,12679856,11400575,757696,3146568,2931376,2376565,2730088,1561827,2607192,1407881,1875661,450715,302775,671556,835597,412000,639471,1373463
338,000893,2017-09-12,-0.02898550724637683,-0.012263099219621099,0.25824364238232034,13245.0,57350.39502810436,1207,22504968,15982422,1158471,1219978,5699264,5153304,5805808,3780414,4825228,2538896,1780436,1282269,1445945,377068,1789816,438500,0,1191993
339,000895,2017-09-12,0.011047282368537248,0.014582412726469318,0.4287757993027341,36560.0,179890.63259925714,2789,97802899,118535629,825550,1234416,17831903,13002953,15328177,21815676,19941933,31148897,11317042,10459562,6243743,8883155,4940377,4021004,21374174,27969966
340,000897,2017-09-12,-0.006772009029345272,0.0,0.12602551187937128,8880.0,80671.07932175016,1238,22224229,18125257,1394351,1105336,5331957,4725078,2705619,2143055,3852749,2769003,2395664,1370987,1082583,2112721,412747,864024,5048559,3035053
341,000898,2017-09-12,-0.009459459459459474,-0.01216216216216226,0.13869513688205232,37536.0,289975.84524810367,2856,179897095,175770244,2280452,1206093,11842232,12871227,17103997,15373119,27348009,21125220,17709935,13973392,16336223,15060526,10031715,13540005,77244532,82620662
342,000899,2017-09-12,-0.005376344086021501,-0.0013440860215054862,0.3657134456940326,11145.0,83520.19028025174,413,7323064,5666487,515017,345015,1627394,2009104,1173334,672616,1404834,510845,1212062,536003,712408,372000,0,0,678015,1220904
343,000900,2017-09-12,-0.009615384615384692,-0.0064102564102563875,0.14653379990614226,9345.0,94845.42781872074,1816,35558312,26384774,784043,3972036,5804871,6965456,6725612,5192006,7314642,4689924,2402025,1700004,2617888,1612300,1814877,805490,8094354,1447558
344,000901,2017-09-12,-0.009384775808133461,-0.005561348627042051,0.7125951591033985,20034.0,109802.11863617795,1630,50400332,34873966,2060188,1170831,6691555,8937377,6755344,6494016,10210825,7883128,6024673,5025842,6772241,1954584,5158990,400042,6726516,3008146
345,000902,2017-09-12,-0.0031152647975078995,-0.0031152647975078995,0.24534708979388967,22011.0,73781.174303965,1541,29741739,33064305,699236,2494827,5852148,11309402,5088203,6163824,4632332,7020196,5811299,1418011,2441479,1733155,2595832,0,2621210,2924890
346,000903,2017-09-12,-0.007299270072992803,-0.0048661800486619056,0.09522192501907203,9407.0,78263.80496007802,1871,27453439,32704291,1290864,4246087,4907458,7611129,4905559,4955414,6121746,4962271,3816677,2396900,2119100,1341551,2147763,446628,2144272,6744311
347,000905,2017-09-12,-0.02808219178082194,-0.02671232876712315,0.2708065685617639,31801.0,183772.8971098787,2908,122799536,92671853,977066,1779949,14930014,17177361,18018922,20133293,24219988,21998749,17365731,10113091,5987229,5019597,4479943,4041218,36820643,12408595
348,000908,2017-09-12,-0.007915567282322011,-0.00659630606860151,0.27819228668843643,7530.0,46840.67904294149,742,9702386,4943138,776903,849366,2614645,2419641,2038674,901657,2213682,357184,0,415290,0,0,871221,0,1187261,0
349,000909,2017-09-12,0.012849584278155746,0.02645502645502651,0.29703920562593905,22729.0,100923.09882627075,1985,44827423,54093786,1317996,1068622,11042855,10996132,10460542,10782461,11254110,10350536,3121829,6807287,1127008,4465763,2679405,2283456,3823678,7339529
350,000910,2017-09-12,0.0014150943396227245,0.0014150943396227245,0.5444513041605712,14899.5,52172.52086472486,1520,29196708,20214072,571880,2333538,8348000,6929675,3899887,2901725,9923191,3999081,5923000,2447653,0,0,0,434300,530750,1168100
351,000911,2017-09-12,-0.012468827930174453,-0.009975062344139585,0.37637084656583775,11960.0,60299.18028986016,1021,19148598,13235064,989971,766156,6245336,4084342,3796483,2069776,3893244,2873979,2646030,971452,974204,0,0,0,603330,2469359
352,000912,2017-09-12,0.10276243093922655,0.10165745856353592,0.16007649387199432,44721.0,542774.2325644376,3206,207309233,276802216,1549212,1609210,12847184,15521980,17117428,20770225,24340523,35841057,15884331,32859741,14117431,19771265,8807880,16247669,112645244,134181069
353,000913,2017-09-12,0.06493506493506485,0.04573687182382824,0.4410686656498582,24920.0,132065.379659869,1614,36556247,56818852,1165646,1265157,8245807,8456692,7514337,9542867,8733171,11504902,4171710,6178547,372600,4230974,1752170,3618798,4600806,12020915
354,000915,2017-09-12,-0.007242003621001913,0.007543753771876993,0.7969946428053069,49800.0,138923.73731921316,1732,58910938,80400584,733494,1230285,5772175,11635074,9478945,16780293,12637602,21333952,5439669,7132502,6227181,4695275,3141406,4109212,15480466,13483991
355,000917,2017-09-12,-0.015232974910394215,-0.007168458781361964,0.2649902646988569,22140.0,200063.02109031577,1774,72933159,53671380,1177337,1171043,10758381,7838351,6259896,6892861,12581912,7243374,5938035,7866119,5129456,3332467,4948396,2710698,26139746,16616467
356,000918,2017-09-12,-0.00966850828729282,-0.0055248618784530246,0.22310459271041422,10136.0,68522.1340582499,1053,24118047,10565324,1036000,892279,4850245,3591862,4034514,1592941,4099254,1832368,3772883,1514804,3062795,707870,918210,433200,2344146,0
357,000919,2017-09-12,-0.0027700831024930483,-0.006463527239150557,0.32572567628499083,10760.0,78108.79336891475,1105,23666458,11881394,1695401,614662,5228839,3307873,3913647,2016534,4746052,2421228,2356255,1011639,689008,689123,447370,470880,4589886,1349455
358,000920,2017-09-12,-0.024451939291736835,-0.02276559865092742,0.3243695112339901,25850.0,116341.1906697139,1337,56764857,22768742,540097,861583,6535725,6676484,14915391,4086025,9515600,4282041,7230656,3073161,3404891,1037327,2693340,496306,11929157,2255815
359,000921,2017-09-12,0.019682059046177036,0.017411052233156532,0.24985559938846516,17173.0,208286.92457282078,2798,68971189,119688870,2700740,2077261,10315960,13795247,8800550,13724083,11945701,18678372,9579106,13001381,4816407,8036596,3418251,5920060,17394474,44455870
360,000922,2017-09-12,-0.016470588235294237,-0.012941176470588123,0.22852292205697766,13440.0,123811.83518894312,1385,40857586,25217735,1276105,1311985,6296693,5436099,5894061,3847760,10065730,4399399,3657082,1729980,2387654,1114122,429930,0,10850331,7378390
361,000923,2017-09-12,-0.02315935015554782,-0.010024196335983393,0.6789220047206143,22964.0,106427.02501988331,1816,55043863,37683342,1175114,1341944,10289257,9159463,11678709,8073476,10333179,6663986,7358378,2885981,4112532,1983602,3121494,844880,6975200,6730010
362,000925,2017-09-12,-0.030634573304157642,-0.016411378555798772,0.5327356711582045,18090.0,170623.52866732932,1179,55328735,26976747,755358,1109380,4505538,5783927,5651822,5244049,8845208,5359639,2730648,2675290,4487273,1861299,2273909,2154139,26078979,2789024
363,000926,2017-09-12,-0.010375099760574491,-0.007980845969672745,0.2732026091488722,7431.0,148545.77305114808,2106,46354957,30970784,1591529,3282965,7038022,7541655,4694811,4443209,5588926,3709633,3580934,3667634,2099264,1706596,1341209,0,20420262,6619092
364,000929,2017-09-12,-0.008727272727272695,-0.0058181818181818334,0.5923348044097989,10964.0,32812.92536753718,538,7649207,3517443,714204,349425,2728535,2331092,1589170,443742,1601947,393184,1015351,0,0,0,0,0,0,0
365,000930,2017-09-12,-0.03543307086614167,-0.021259842519685046,0.22786025804854196,43365.0,227632.5887868417,3109,193864237,128851330,1112520,1608522,17555310,15114537,24540808,20786813,27609569,22541751,22938880,17417098,13176231,9647816,11951993,6987775,74978926,34747018
366,000931,2017-09-12,-0.00652741514360311,-0.003916449086161955,0.2395938676801053,10661.0,57019.270781198255,1022,15961813,13431320,1253210,999240,4781999,3414433,4442851,3007021,1772686,3276607,1382398,1852507,344250,351440,0,0,1984419,530072
367,000932,2017-09-12,-0.013569937369519947,-0.02087682672233815,0.17988230831602786,40162.0,1183876.4774731093,2853,262957361,320927062,2093471,1412009,11405812,9509641,13802262,12891086,26760191,24278739,20379048,23324181,13617566,16824821,16541008,18116572,158358003,214570013
368,000933,2017-09-12,0.020451339915373845,0.019746121297602448,0.2388464035690175,178097.0,1138948.3215029319,3534,713238736,890787902,300979,304070,7356356,6988014,16795070,18815729,52082274,49421814,39690736,45478119,42641847,41431977,41087902,49338789,513283572,679009390
369,000935,2017-09-12,0.10304347826086957,0.10304347826086957,0.7319830279792479,20296.0,3862599.171320747,990,257561504,253915418,1282749,0,7121532,0,5683285,0,9348945,0,5945154,0,3142074,379610,3121499,486787,221916266,253049021
370,000936,2017-09-12,0.016282225237449044,0.016282225237449044,0.18728640545724265,13491.0,134652.22009676084,1550,37513802,36583996,963334,1134123,8496623,5793127,9622023,4658122,6377492,5136639,3140477,3154891,3103034,4190384,955555,0,4855264,12516710
371,000937,2017-09-12,-0.04308093994778073,-0.031331592689295085,0.137335991636471,54859.5,581044.3903063025,3118,314293598,304008478,1350140,1239429,11684246,12423898,17088060,18405796,30919199,33713469,21536241,21066126,21001979,20991548,11514491,22023858,199199242,174144354
372,000938,2017-09-12,0.009897610921501654,0.013651877133105783,1.2856353107600507,23538.0,187672.30171084765,2078,72562143,80791123,635848,1668557,8016425,11159786,10821096,10865932,14784035,15496946,9436584,10936906,5780205,6646961,5013760,3992330,18074190,20023705
373,000939,2017-09-12,-0.001831501831501825,-0.0073260073260073,0.13867202964684114,14248.0,143901.59740477288,1553,55887104,41503690,1445422,1040504,7266157,4378891,5991259,4402174,9883090,7124318,9486518,6425808,4773277,2676520,3983759,2169608,13057622,13285867
374,000948,2017-09-12,-0.01212611156022625,-0.0056588520614387905,0.39328620845341067,12320.0,73256.1992809809,989,19299731,15403711,826925,879116,4149290,4079813,3418899,3265388,5098251,2674236,1686864,1524056,1019348,1022921,0,0,3100154,1958181
375,000949,2017-09-12,-0.01948051948051943,-0.012987012987013102,0.12201089953781992,10098.0,173343.70920600506,1437,45478240,17257610,1587651,1363885,6363141,4808608,9970793,3187390,4198113,2573253,5152316,2052739,1695898,330058,887095,1857314,15623233,1084363
376,000951,2017-09-12,0.0033632286995515237,0.011210762331838486,0.41002929913997144,14344.0,88461.12946235831,1896,44070974,43836001,1185619,3067317,6130034,9022879,6103593,7001566,14563999,9714947,6855487,4210977,4485039,4245668,933233,847048,3813970,5725599
377,000952,2017-09-12,-0.021964612568639352,-0.011592434411226482,0.46707692183702765,19380.0,123101.09942339527,1231,43708589,20434746,902230,1031511,6740481,6182931,5404603,3885353,10162348,5758749,4215596,1879113,1937755,707095,2259233,486174,12086343,503820
378,000955,2017-09-12,0.0060606060606061,0.0181818181818183,0.2339288330277916,13490.0,184083.35500063808,796,25505328,28651397,664512,523988,3501236,2978332,3102223,1512251,3990347,2025849,1825410,3447277,1065118,1597488,891113,1311638,10465369,15254574
379,000957,2017-09-12,0.04239999999999999,0.0464,0.24597037778778677,61664.0,875008.5818727819,2588,324681727,305040946,1770944,250719,14637779,4144779,16682472,8414319,33833069,21477874,23501636,18107857,19381937,14830422,18970959,15118081,195902931,222696895
380,000958,2017-09-12,-0.008860759493670933,-0.0075949367088608,0.15057031662113732,26690.0,174554.72574574433,2757,94924607,86849793,1614670,1859638,15749903,14036400,18026563,14011766,20842568,15416479,10841053,9123414,8358907,5509609,5232762,6664603,14258181,20227884
381,000959,2017-09-12,0.0,0.00136986301369868,0.14672252273761024,12461.0,92840.73872231488,2483,46233134,44152515,2063819,2731957,8535842,14319608,8027942,9371196,7015148,5619371,4532001,2598555,2188012,2818700,2258817,1817107,11611553,4876021
382,000960,2017-09-12,-0.02423469387755095,-0.008290816326530503,0.2756488807010065,70740.0,312131.0585318983,3240,266316650,274398197,716753,1314565,8921274,14491809,17745230,21719336,38779281,41917178,34194825,32050828,22281924,26002705,16712653,22018549,126964710,114883227
383,000961,2017-09-12,-0.01092043681747279,-0.004680187207488307,0.1441192727092611,17850.0,138575.15019899068,1982,61881310,40416386,1265838,2335112,11756301,8151635,9078492,8028391,13796931,6950342,5630273,3391115,3322083,2076787,3584626,1924155,13446766,7558849
384,000962,2017-09-12,-0.013220018885741314,0.0028328611898016387,0.2087335293367793,21820.0,122580.70658221697,2578,76124111,73525366,957206,2118923,10686634,14629848,11915428,13649907,16259855,14877556,12745366,7966147,5670433,7153276,2182327,3157150,15706862,9972559
