,code,date,pchange_whole,pchange,change_std,amount_median,amount_std,length,sumsell,sumbuy,sell_vol_0,buy_vol_0,sell_vol_1,buy_vol_1,sell_vol_2,buy_vol_2,sell_vol_3,buy_vol_3,sell_vol_4,buy_vol_4,sell_vol_5,buy_vol_5,sell_vol_6,buy_vol_6,sell_vol_7,buy_vol_7
0,000001,2017-11-14,0.0,0.0,0.21909670728437966,192705.5,1136779.5863930755,3500,979457925,905921121,473325,519721,8697328,7336875,16961358,14703511,40906291,33377749,47310855,32786480,44457054,40605661,40941246,36335941,779710468,740255183
1,000002,2017-11-14,0.05360443622920519,0.03327171903881698,0.4559441762438211,149660.0,967381.7709909754,3522,559908377,828627095,302816,408364,7282979,9830119,17261294,25574118,45635989,49778512,37361027,47222147,35256585,43322676,33327562,41424973,383480125,611066186
2,000004,2017-11-14,-0.013854930725346382,0.007334963325183352,0.787289927901156,12460.0,58947.374643703246,972,15659365,12098935,978216,1006973,4786548,5049698,3150356,2986119,3210321,1913217,1051692,465624,1078102,0,903730,0,500400,677304
3,000005,2017-11-14,0.010845986984815648,-0.010845986984815759,0.17847691944820648,6870.0,33572.28807017366,667,8284519,4176178,763313,517222,3124393,1778565,2000036,875333,1446300,531908,950477,473150,0,0,0,0,0,0
4,000008,2017-11-14,-0.0022346368715083775,-0.00893854748603351,0.2864342798173355,5376.0,179514.4743702322,977,25773540,16907706,1052230,1526347,3013396,2247276,1861785,1432038,2399940,820375,2312711,1653606,695458,0,876354,896911,13561666,8331153
5,000009,2017-11-14,-0.027431421446383997,-0.01995012468827917,0.17182766726787566,15740.0,168805.38510979858,2181,79459664,51136421,1549942,1884858,9755588,8023183,8552116,8093598,15521547,8692823,8567740,4142305,6539620,4919443,2662926,1315997,26310185,14064214
6,000010,2017-11-14,0.011945392491467421,0.008532423208191142,0.1339669604239821,13046.0,77301.16014214884,1917,34973684,40704795,1624726,1372721,7841073,8804392,8282993,7112106,9163358,7333306,3786294,5746771,1986812,2074325,0,0,2288428,8261174
7,000011,2017-11-14,-0.016498137307078165,-0.013304949441192093,0.46211582098152804,20339.0,109588.88377932632,1653,55691358,31563727,1233419,1305339,8136283,8832613,9941858,6953842,10785866,7352690,6154539,2596982,3520032,3162345,2234295,845616,13685066,514300
8,000012,2017-11-14,0.005555555555555536,0.010000000000000009,0.15758370549054157,81990.0,614499.0599442568,3268,326681553,432645257,1180408,1094005,11237196,11797336,16525029,20262212,32641494,45349391,24636219,40073017,24428060,28087310,18511653,25333858,197521494,260648128
9,000014,2017-11-14,-0.004981320049813109,-0.004358655043586457,0.8010919819254227,11193.0,86775.41174371967,401,6361014,5943375,425740,348120,2654943,1225506,1746505,496688,739836,578531,475990,440305,318000,676875,0,0,0,2177350
10,000016,2017-11-14,-0.06854838709677424,-0.06989247311827962,0.13573867642350093,66465.0,503574.90351365117,3024,335617790,320229954,1111045,1211135,9998977,10504160,17290463,15006850,28244795,30796757,24786976,25646606,30904156,24791087,20859725,20754615,202421653,191518744
11,000017,2017-11-14,-0.025991792065663377,-0.017783857729138153,0.31913294256927394,7225.0,36075.129426485095,524,7397512,2930422,642055,602962,2389450,1207664,1675031,673333,1907609,107163,783367,0,0,339300,0,0,0,0
12,000018,2017-11-14,-0.012448132780083054,-0.009681881051175734,0.2221624994536293,10785.0,69721.2150218015,1059,21122120,14210339,1003270,783802,5529389,3307489,4008401,3014554,3599731,3335727,2717398,913570,723672,1650065,1374163,0,2166096,1205132
13,000020,2017-11-14,-0.021387283236994237,-0.0138728323699423,0.541854467641224,11949.0,61461.49544792145,1019,15137819,11504099,1033922,914623,5800468,3957679,3567213,2060537,2935734,1860373,215460,560165,331351,341599,0,956124,1253671,852999
14,000021,2017-11-14,-0.01717557251908397,-0.02385496183206104,0.19026735435254455,30839.0,254544.51365753985,3039,166926206,118641200,1881732,861227,14302430,12072702,19935904,13415490,28671041,23209989,19382519,13209246,15790400,9074457,7553422,7946670,59408758,38851419
15,000022,2017-11-14,-0.00808407437348424,-0.004042037186742009,0.8428821023285102,22005.0,91966.95554353828,861,19290872,16465904,632789,727481,5148513,5353360,3365840,2843633,3615303,2457550,1205168,1947760,1418657,646312,1370094,494000,2534508,1995808
16,000023,2017-11-14,0.004401408450704247,0.008362676056338003,1.109021404726796,6945.0,76573.10170339551,419,7425508,3681851,464980,380136,1831569,1045702,1175457,450412,501827,800381,520175,273720,342000,731500,412920,0,2176580,0
17,000025,2017-11-14,-0.009195402298850519,-0.006206896551724239,1.2048144168327841,17280.0,55366.888593222946,1303,23659780,18173820,1367223,1459077,7625306,6186413,6050942,4112211,4099902,2813602,2946931,1948150,0,345520,929820,434900,639656,873947
18,000026,2017-11-14,-0.017559262510974616,-0.005267778753292429,0.46048114664640016,11390.0,57172.314109915365,611,12089885,7550667,436784,536395,2913274,2666251,1781242,2172026,2848372,1441990,1529714,0,2128499,734005,452000,0,0,0
19,000027,2017-11-14,-0.00783699059561127,-0.004702194357366851,0.22525746579410688,6350.0,63824.146766827675,802,12446487,7204741,764602,583914,3243833,1278536,1385535,1603811,2187196,1268508,2052306,500913,966470,996091,447675,972968,1398870,0
20,000028,2017-11-14,-0.017638036809816016,-0.016871165644171904,1.457355621625751,12878.0,77040.07422580445,2003,46558189,16407899,4214897,377211,12340781,6138826,10018716,3541239,8456609,2795396,2680189,1259921,643150,743197,874781,476189,7329066,1075920
21,000030,2017-11-14,-0.007067137809187329,-0.010600706713780883,0.2249221061433231,2523.0,84952.59972030955,1425,17155606,5094998,2105542,512300,4376730,1718704,1826620,712861,3637766,1275667,1401672,257040,0,618426,884776,0,2922500,0
22,000032,2017-11-14,-0.02487135506003435,-0.018010291595197292,0.3265999382519516,2294.0,43657.15020493151,1276,14695176,9402691,733665,1364463,3323735,2720272,3216182,2000223,4166863,2201569,1828609,232435,1011939,352352,414183,0,0,531377
23,000036,2017-11-14,0.00734522560335793,0.0020986358866736943,0.20450441732652694,14370.0,115461.73948718309,2173,62966167,50602084,2090864,1167839,11400919,8153985,9539911,7063782,11405166,8496342,8678676,5318487,3188208,5087551,4168012,5447854,12494411,9866244
24,000037,2017-11-14,0.011695906432748426,0.005847953216374213,0.4578155003589034,8705.0,39921.52129899641,348,4535875,3617487,380772,354729,1384116,1406507,1331603,793636,751384,1062615,258000,0,0,0,430000,0,0,0
25,000038,2017-11-14,-0.03945111492281306,-0.04116638078902235,0.4946737816141734,26058.5,493098.2873333725,2232,98561650,104855599,1013004,1625644,8771357,10480198,11065251,11346401,15824383,16796784,10535610,9640824,7089973,4363380,8098350,6818524,36163722,43783844
26,000039,2017-11-14,-0.013461538461538525,-0.006249999999999978,0.39945485239973527,26975.0,242365.69494024504,2713,145911648,95979472,984719,969967,20556682,10398459,15341595,10767349,18815331,13339728,16129661,13120328,9105837,7005964,6361671,5278546,58616152,35099131
27,000040,2017-11-14,-0.001913265306122458,-0.014668367346938771,0.4507989465974804,22064.0,118119.70911012984,1210,42234331,31855378,874577,655039,5679614,4532626,5227859,6430958,10649533,7757892,6891446,1877397,4327621,2716531,1323630,2299864,7260051,5585071
28,000042,2017-11-14,0.006301197227473354,-0.001890359168241873,0.8401197229233716,6348.0,34246.22642873725,356,2804642,2238376,319942,488550,1544167,904472,299949,131754,185094,0,455490,0,0,713600,0,0,0,0
29,000043,2017-11-14,-0.0009250693802035359,-0.005550416281221104,0.44193374795210877,19476.0,327705.60683199257,598,21879292,26618540,457647,304814,2828584,2738250,2086992,2368364,2978532,3235064,2811285,908290,2056325,366392,1269105,444992,7390822,16252374
30,000045,2017-11-14,-0.013698630136986356,-0.008561643835616417,0.2904562734772231,10404.0,54425.498417879135,1618,23943366,19797229,1003925,1329631,6084442,6862894,4276647,4044270,6678769,3914246,3380672,901872,1046485,1001656,935351,0,537075,1742660
31,000046,2017-11-14,-0.007702182284980652,-0.0038510911424903815,0.3460294056519488,15660.0,70253.98452098311,506,9923331,5615629,468090,365013,3522147,1520520,1105756,730761,1316085,1410764,1506823,462199,310400,391500,899640,0,794390,734872
32,000048,2017-11-14,0.004653130287648022,-0.0033840947546531774,1.6602345517388712,11832.5,32088.659354241627,202,2551530,1460434,213049,208594,1216123,598413,579909,191563,293599,247574,248850,214290,0,0,0,0,0,0
33,000049,2017-11-14,-0.028906955736224038,-0.020596205962059577,1.3494327008435163,16497.0,155740.69427232948,1683,71733202,35180630,1859803,637727,8883996,5956729,9758057,5128672,10053141,8146818,7392303,4683059,3749833,3858469,2683525,899448,27352544,5869708
34,000050,2017-11-14,-0.019444444444444375,-0.026587301587301493,0.43644683440629617,93758.0,491234.9374198288,3335,457498428,345904664,678513,808884,11058569,12031889,19568238,23383780,41097546,41010026,36956404,37695462,35141484,28790446,24985323,18261963,288012351,183922214
35,000055,2017-11-14,-0.01849217638691325,-0.012802275960170695,0.21501875216243496,9730.0,66068.64467170916,1069,21163856,9562934,1598432,774519,5401223,3013621,3305378,1915633,3237149,1686019,2637481,987921,1318721,761621,979955,423600,2685517,0
36,000059,2017-11-14,-0.01585820895522383,-0.014925373134328401,0.25925803643323575,22480.5,159229.26589789958,1710,77441160,52028981,1444723,613067,7452289,6415884,9397564,7966276,14651067,10271459,10461689,7774103,8281951,5907635,5391453,2957852,20360424,10122705
37,000060,2017-11-14,-0.0018298261665141702,0.0045745654162854255,0.20869625656574134,21960.0,165632.55723891105,2745,103741918,93752110,2715752,1448925,16147062,9190197,15053333,10729010,16146330,13311522,10533428,9486444,8219608,11414799,4506119,5379496,30420286,32791717
38,000061,2017-11-14,-0.013349514563106735,-0.01456310679611661,0.32558931546313064,8170.0,105927.94248107448,640,17737641,5034500,775404,605263,3319121,1377158,1371505,827002,1976652,707917,2017769,299208,339040,313621,2228648,904331,5709502,0
39,000062,2017-11-14,-0.004773269689737458,0.0031821797931581575,0.7931992344645511,15162.0,67081.26484288102,1004,22609845,16138944,743791,509232,4536505,4543459,5212221,4716526,4699199,2942240,2847548,1215344,3096381,1711203,0,0,1474200,500940
40,000063,2017-11-14,-0.0002733734281027411,-0.0010934937124110755,0.6126086837783744,286454.0,1015963.4562599759,3567,1066148779,871629888,91126,128308,4484416,4055619,13116832,13284639,45457902,40224000,56469046,47424130,61532603,47197916,55323700,45102717,829673154,674212559
41,000065,2017-11-14,0.0013617793917384269,0.0036314117113027677,0.5812453454730331,11085.0,69045.35696037878,1436,26032157,23009921,1746989,1413092,5441055,6924000,4494313,5199317,7585439,4854165,2194730,3154123,0,1040238,478485,424986,4091146,0
42,000066,2017-11-14,0.020408163265306145,0.02168367346938771,0.15178901472465017,23310.0,226763.06480103917,2674,127363888,119514281,1961494,1668218,13498158,8193697,12975769,10495513,18162242,15896625,15758545,10073680,13065014,11282615,7522280,7921315,44420386,53982618
43,000068,2017-11-14,-0.004694835680751019,0.0015649452269170805,0.20053590857824255,12084.0,77006.25279262014,1016,19184778,20092883,685405,877139,3513073,4071635,3880733,4469272,3440742,4027900,1981051,1481293,3725340,1061660,832931,2262426,1125503,1841558
44,000069,2017-11-14,-0.008303677342823335,-0.003558718861209842,0.16114889682686018,10128.0,109216.8282893718,2743,72344155,53829417,3762247,1619145,10021783,7274382,14738805,10633372,10085291,8041170,6898433,6022260,4198528,4793399,7923569,4441948,14715499,11003741
45,000070,2017-11-14,-0.005286343612334821,-0.0008810572687224516,0.2934006926769614,15946.0,89579.17316191825,1497,39933326,26530037,1319649,672583,7632903,6477312,6917578,4511852,8581528,7275631,5098258,3283409,1669389,2078229,464430,920206,8249591,1310815
46,000078,2017-11-14,-0.01605136436597121,-0.01605136436597121,0.14840800122682885,12320.0,106087.36883391718,1765,51855107,28831300,1473265,1708124,6637136,5084917,15849090,5055045,11034462,6612355,2778865,4049320,3713903,1441869,1353245,482976,9015141,4396694
47,000088,2017-11-14,0.004618937644341736,-0.0011547344110853786,0.2579973881602729,12194.0,175349.33896415887,1127,30163227,20222582,1166861,1032892,5208826,4618143,4160208,2918373,5381556,2845406,3841081,2764780,1001248,1262686,2172147,2376918,7231300,2403384
48,000089,2017-11-14,-0.007675438596491113,-0.012061403508771829,0.184770160136118,10017.5,147604.01805947916,2440,64605483,42363039,1255295,3485379,8787775,9161823,11524336,6156271,9948059,9017050,6790889,3454254,5178538,1756245,2270017,3153090,18850574,6178927
49,000090,2017-11-14,-0.01388888888888895,-0.005555555555555647,0.23591565526757477,5395.0,100061.7643740296,2102,29178158,22019713,2219144,2996210,5498214,5052797,1924529,1503556,2684896,2723470,2193907,1695484,2302994,1271633,1278799,1821161,11075675,4955402
50,000096,2017-11-14,0.004460966542751077,-0.011152416356877248,0.7786729577648579,10704.0,54302.62738809228,298,5177485,2349125,176628,263262,1679728,1229728,710301,263745,1161919,325190,798893,267200,0,0,0,0,650016,0
51,000099,2017-11-14,-0.008687258687258725,-0.005791505791505669,0.3689014560688621,10330.0,54137.83613640084,788,11788505,7900306,780999,511720,3380309,3166948,2602860,1627080,3519119,1066758,458452,451426,632533,0,414233,0,0,1076374
52,000100,2017-11-14,-0.020325203252032464,-0.024390243902439046,0.0824525781836653,133071.0,1126207.6109340887,3582,733951539,641304735,329370,377844,10557906,10571001,23276709,24714462,49759382,48308993,42284367,43294669,44314813,39545838,40036771,32254884,523392221,442237044
53,000150,2017-11-14,-0.005729693292888527,0.006740815638692332,0.9285361747197298,20919.5,287109.05435668444,1026,43384211,69006495,860872,892649,4413996,3281899,5182732,3987699,6222553,2879726,5147651,3504772,5454907,5532956,3730909,5724100,12370591,43202694
54,000151,2017-11-14,-0.006361323155216425,-0.008269720101781175,0.6210361016878241,17966.0,88009.45452203152,640,17052065,7041350,392136,535821,6328706,2434931,2043164,973815,3218187,1163839,1476118,748624,953858,311400,422760,0,2217136,872920
55,000153,2017-11-14,-0.027716186252771613,-0.02328159645232808,0.3152753575696644,15181.0,88528.34184876393,818,20587409,12913422,732668,840152,4211026,2829599,5482988,1954539,3037198,3399377,1713921,1147279,965742,0,1390376,0,3053490,2742476
56,000156,2017-11-14,-0.007868383404864177,-0.0021459227467811592,0.41633848569528764,4164.0,115306.72219050235,1127,14524162,12094008,692849,1347825,3166205,3273126,2229256,1287375,1760758,2057733,1016395,510193,2093700,643156,416100,0,3148899,2974600
57,000157,2017-11-14,-0.013129102844639085,-0.010940919037199293,0.08981394252126648,9988.0,178323.24742193706,2602,83566267,39297527,3075336,1966305,12023168,8234024,8604295,4775353,12077267,5682951,6392919,4453352,4166861,2103858,2696129,3220381,34530292,8861303
58,000158,2017-11-14,-0.00737618545837726,-0.004214963119072768,0.28695368217321526,17172.0,170508.78217932043,1095,25130704,41156071,915090,1030680,4259339,4887124,5641738,4574149,5362467,5043289,3276528,4844366,1066238,1692280,475000,2254082,4134304,16830101
59,000159,2017-11-14,-0.009966777408637828,-0.0033222591362125353,0.23786337333645965,7188.0,57557.43545721019,640,10596140,6249450,597953,760812,2415881,2205721,2181344,1407031,1192057,939886,1658029,300000,909100,636000,433676,0,1208100,0
60,000166,2017-11-14,-0.014084507042253502,-0.010563380281690127,0.13197966826645624,10134.0,155347.69044996015,1856,46789549,31581790,1404903,1499193,6398875,7116025,5403927,5381228,7290867,3682516,4539290,3817665,2030549,1679668,435108,875894,19286030,7529601
61,000301,2017-11-14,-0.01919720767888311,-0.01919720767888311,0.14058518451386848,14212.5,107668.65954033464,1664,55383277,25961884,1427076,1127355,8772671,5206238,9278041,4657581,8465287,5670238,8169061,3747194,4122910,1676080,3087526,1293832,12060705,2583366
62,000333,2017-11-14,-0.024613089688607093,-0.033190378519485364,0.9013305413273034,179520.0,915122.9416525286,3541,766885743,606836689,91952,136983,7101222,7091470,18542095,18927859,51343142,55867677,46573979,52920631,54061972,44306427,50288712,39178571,538882669,388407071
63,000338,2017-11-14,-0.010000000000000009,-0.005555555555555647,0.152588792334831,62580.0,312688.9368148621,3486,307820180,236135593,1059215,806315,19736233,12221617,25634757,18523986,44946008,34310329,36648258,33275904,31238773,22674915,25002551,19129593,123554385,95192934
64,000400,2017-11-14,-0.023763648041104757,-0.019910083493898556,0.32816338260953115,14011.0,174280.5793905765,2252,83868753,41105823,2719448,1429383,9266066,9968298,9064024,7376254,12057577,8305492,4424181,2941214,5757271,2162074,1796319,2703252,38783867,6219856
65,000401,2017-11-14,0.03422313483915129,0.03764544832306638,0.2599590759782005,78208.5,505766.5988801638,3162,341835732,397793812,911896,1094979,10380922,11842800,15161210,19110668,31078867,38773303,27445444,26719072,24701750,24181000,24246626,23303603,207909017,252768387
66,000402,2017-11-14,0.004496402877697925,0.007194244604316502,0.2430138176385275,13308.0,126432.84043706855,2095,49505136,50224513,2418019,1411642,7966688,8633941,6237672,11685475,9701845,7257828,6627531,4774510,3699621,2373084,2254722,2564028,10599038,11524005
67,000403,2017-11-14,-0.008045292014302818,-0.0035756853396902155,1.370326457785483,33480.0,155258.46244355378,599,29714137,20750101,253509,83711,3553381,2463502,3130676,2481945,6826868,7463211,2691474,3722114,2295469,1962080,1302719,841588,9660041,1731950
68,000404,2017-11-14,-0.016591251885369585,-0.013574660633484115,0.2519369798294935,13080.0,144449.50497119335,692,22314034,12270212,618163,596107,2794945,1888226,3176189,2244012,4151096,2276172,2064826,2374577,3017008,945574,0,826944,6491807,1118600
69,000407,2017-11-14,-0.005050505050505083,-0.002525252525252486,0.24755060391445846,15840.0,82982.33937075976,1024,25854375,18678709,1153304,606693,5346173,4147466,4090161,3619801,6420840,2014989,2205616,2291862,1800548,3460408,2219094,853316,2618639,1684174
70,000408,2017-11-14,0.016172506738544534,0.020485175202156203,0.3872486407624118,39910.5,208645.57768600064,2296,108244829,132096008,1582311,1239275,9420807,9763864,12618987,14812734,23352046,23634258,11256910,15525361,8613864,14105093,6724359,13015633,34675545,39999790
71,000409,2017-11-14,0.0014925373134329067,-0.0029850746268657025,0.3091119969057891,8736.0,132632.2897180203,469,9945223,5229822,567508,419102,2083407,1457458,1266388,1271860,1411815,1014400,401700,200400,0,0,465650,0,3748755,866602
72,000410,2017-11-14,-0.020474137931034475,-0.017241379310344862,0.2982896770575699,10956.0,112181.15572690108,968,27159777,18604779,895529,1160191,4461855,3517686,2832176,3333141,4872054,2064851,2458002,1232200,2542375,1737241,2805992,1420624,6291794,4138845
73,000411,2017-11-14,-0.029779058597502406,-0.01344860710854956,0.8807288870678476,2068.0,58328.27031346079,558,3648691,3034859,890800,127113,1105931,863200,868928,587585,135630,219161,208060,0,0,0,439342,0,0,1237800
74,000413,2017-11-14,0.019736842105263053,0.0046992481203007586,0.18294269661878002,86670.0,548793.8805682983,3386,420114104,419952369,674000,676321,12785643,10545153,27034565,20532263,45764062,40273160,37337902,36312542,29669435,22425319,14880276,21622832,251968221,267564779
75,000415,2017-11-14,-0.010852713178294615,-0.0046511627906976605,0.14063532926953057,9675.0,77155.8334006372,2108,34776165,25124281,1539817,2119015,10856847,7248823,6843413,5014763,4813831,3250421,3043291,461820,3439348,1751242,406274,434160,3833344,4844037
76,000416,2017-11-14,-0.018050541516245522,-0.004813477737665606,0.20525960102012378,24510.0,154100.95078854525,1645,61207362,46087498,1011229,1582480,6185793,7909205,7212787,11335488,12359175,11326106,7446076,6095847,4305373,1854058,3840266,1718657,18846663,4265657
77,000417,2017-11-14,-0.012731481481481621,-0.00810185185185186,0.3796889703191649,9471.0,97821.69078989075,517,12206142,9427903,548023,442697,2585170,1113292,1801252,1156458,1825657,2613986,1514100,1525941,698318,343600,837624,962357,2395998,1269572
78,000418,2017-11-14,-0.02254098360655743,-0.02254098360655743,1.2764581900690006,28750.0,169785.31073915336,2106,87590002,51445119,1400210,412239,16249167,8993564,11663285,5489568,20034083,8042454,8675966,5170165,5431145,2672991,3596649,1360107,20539497,19304031
79,000419,2017-11-14,-0.012232415902140636,-0.012232415902140636,0.3557987935348599,10999.0,68424.5289002133,337,6886028,3154113,258149,426710,1451212,1342134,1609854,520809,786159,426360,653149,0,0,0,471495,438100,1656010,0
80,000420,2017-11-14,-0.006389776357827448,-0.015974440894568676,0.10592157961705172,2808.0,61569.17983752006,875,11381745,2950766,994663,543450,2762236,1247342,1048857,617340,1221081,542634,1156872,0,342100,0,937874,0,2918062,0
81,000421,2017-11-14,-0.01897810218978102,-0.017518248175182327,0.2933288656364003,7491.0,49923.181291398265,545,10254922,3165566,470008,684635,2638702,1241495,2149992,452772,2378883,103664,1732757,0,0,683000,884580,0,0,0
82,000422,2017-11-14,0.04054054054054057,0.024774774774774633,0.13142728022840344,13410.0,143838.23147077614,1143,31073412,32077964,906439,1019734,4869117,5024861,3653217,4106643,4946233,4193360,3793573,3750841,1665735,2583970,2781888,2678122,8457210,8720433
83,000423,2017-11-14,-0.03187374284388045,-0.02800557016865224,1.1430244039931583,94785.0,563024.3879765178,3197,451234484,318899900,543994,843658,7840579,11752455,17466019,21955771,39262788,38248857,32647812,33412579,46241172,36058344,30938551,24636111,276293569,151992125
84,000425,2017-11-14,0.0026385224274405594,0.0026385224274405594,0.06780934043490928,12160.0,119600.97002690549,3156,51877918,61126676,2789226,2008963,16095334,17345989,8630023,8149435,7288104,10199600,4507247,4438430,3660723,2063717,1314040,865026,7593221,16055516
85,000426,2017-11-14,0.004028197381671816,0.0060422960725075026,0.2460921528063758,11043.0,116133.02236087905,1629,31968044,36259889,1192102,1447946,6304864,7229495,5791610,5831716,4344284,6767669,2650874,3811831,1703502,1895472,1498000,1265511,8482808,8010249
86,000428,2017-11-14,0.00452488687782826,0.00452488687782826,0.2592284445131527,7104.0,73543.53451231356,290,5743978,3707247,229084,326311,1373324,606775,828118,228216,872548,690989,1463465,661116,0,634920,418692,0,558747,558920
87,000429,2017-11-14,0.0012376237623761277,0.0012376237623761277,0.2662390124094179,12944.0,51567.602245679525,921,13455922,11587184,599985,1066381,4722066,5611682,2634048,2379828,1333001,758995,1441242,472562,622275,307747,2103305,405999,0,583990
88,000430,2017-11-14,-0.008154943934760461,-0.003058103975535298,0.33367776620408895,9770.0,61453.01885305178,864,12801157,8121000,1127874,1039815,4488831,2543221,2454513,1136508,1712487,699886,493970,219150,388800,1021711,943308,0,1191374,1460709
89,000488,2017-11-14,0.02278037383177578,0.02161214953271018,0.3145538015585218,50460.0,315291.47755506675,2964,197961748,250995592,1275264,941873,12618685,12711156,18400947,17797465,28545628,26857947,20173153,26067803,17957409,17255573,9706333,17268159,89284329,132095616
90,000498,2017-11-14,-0.006702412868632712,-0.009383378016085797,0.17435338811573786,6678.0,25827.416764816968,1836,16151811,11128121,2389477,1975868,7908065,5232480,3314072,1785848,1792769,1165128,747428,635797,0,333000,0,0,0,0
91,000501,2017-11-14,-0.015552995391705071,-0.009792626728110543,0.41243300398453614,6876.0,97291.54472969328,1772,39700195,18977248,2333819,808680,8518665,3984787,4447176,3606654,5039805,3776063,6212563,994659,3148129,359008,858571,494025,9141467,4953372
92,000502,2017-11-14,-0.040185471406491424,-0.02472952086553326,0.3811416064418013,16367.0,113622.76490873506,1153,33427669,18650710,931413,724787,5871959,5443192,6211827,3707324,6143391,3038974,2699593,1205993,3069152,1345142,883722,408888,7616612,2776410
93,000505,2017-11-14,-0.00694444444444442,-0.009920634920634885,0.3797616667351195,15961.5,86887.16750836393,704,15514481,14237222,333704,578938,3202043,3531982,2375527,3095500,2476789,2246304,3015477,2017085,1293074,988842,866537,404543,1951330,1374028
94,000506,2017-11-14,0.007317073170731714,0.0,0.2846443309160738,16239.0,171894.14841215842,830,22511529,35649802,490671,927871,2565447,3802626,2563587,3122134,4026296,4355151,417219,8147160,1653492,2026848,2273238,1665816,8521579,11602196
95,000507,2017-11-14,0.009652509652509744,0.004826254826254983,0.21429140820390652,25750.0,125034.18687383611,2339,77421707,79554111,1429643,1102094,12360794,9888564,12884651,12191929,18576505,16916311,12628205,10645335,5500905,8672038,2662792,3874505,11378212,16263335
96,000510,2017-11-14,-0.020857473928157733,-0.02549246813441486,0.22608098753346412,15300.0,74543.79001660345,1458,31881867,25311349,1228755,1574405,7019784,6903892,6268088,5515073,6346842,5356116,4427521,2200623,1723462,718271,1642265,431664,3225150,2611305
97,000513,2017-11-14,-0.0318367346938776,-0.0077551020408161975,1.3318248058933095,73210.0,311680.86514537456,3048,251053161,247890636,1017752,1087209,10594101,10679739,21416097,21232120,40011188,34315747,27675811,19730672,23887032,20777618,22213951,19872309,104237229,120195222
98,000514,2017-11-14,-0.007002801120448154,-0.004201680672268782,0.2442584377874037,8549.0,55214.064710919956,854,14075630,5172167,1118033,839496,4468725,2339059,2337891,933894,1764760,1059718,1236837,0,695310,0,897514,0,1556560,0
99,000516,2017-11-14,-0.0039447731755425375,-0.0019723865877713243,0.1708300428703141,10120.0,111596.44280132095,881,24024041,8708477,904697,543968,4025351,2408969,3126228,1620647,4139832,1348188,2803254,474552,303600,979089,408545,829128,8312534,503936
100,000517,2017-11-14,-0.009661835748792313,-0.007246376811594013,0.12108135973963224,5754.0,58081.0929558062,1171,19642004,4170115,1734986,718537,5507851,1897677,2241011,911097,2037231,0,4559686,205500,0,0,1317076,437304,2244163,0
101,000518,2017-11-14,-0.012587412587412694,-0.01118881118881121,0.27150101638977464,7060.0,60242.52142000118,693,10049099,4163407,762108,760465,2640457,2007509,2110383,801621,1091739,593812,422700,0,310200,0,913680,0,1797832,0
102,000519,2017-11-14,0.01091703056768556,0.007641921397379958,0.24308392018708502,12852.0,60398.3570609725,1420,21621246,25149723,1336112,1547979,6906141,6427463,4829993,5383927,3566514,5424665,1365147,5000437,384800,395109,1359823,409248,1872716,560895
103,000520,2017-11-14,-0.014644351464435212,-0.008368200836820106,0.15893281503055953,9460.0,54511.347117157464,905,13767108,9395953,968196,976692,4412796,2692975,2477793,1931718,2983853,2036851,756478,680689,0,1077028,440346,0,1727646,0
104,000521,2017-11-14,-0.00868055555555558,-0.005208333333333259,0.14808601387797934,5780.0,45235.45911888423,1514,20311656,9179413,2750891,449172,7810546,2038109,3159075,1948422,3550491,2007808,1977786,932335,0,1024651,419175,0,643692,778916
105,000523,2017-11-14,-0.024468085106382986,-0.0031914893617022155,0.3847922601852733,9380.0,52989.11993399319,596,8704843,5800969,811867,256383,2876737,1929604,1390723,2115728,1451615,858824,926361,208950,0,0,494326,431480,753214,0
106,000524,2017-11-14,-0.009900990099009799,-0.009075907590759047,0.40379774706081056,8372.0,42106.30166285269,901,13048916,8376169,485593,1249464,1680993,2708862,5901197,2406307,3315975,1549430,432895,462106,759053,0,473210,0,0,0
107,000525,2017-11-14,0.026427962489343537,0.019607843137254832,0.5339703660032956,31252.0,142976.13084377412,1932,77362403,72173345,1209815,779724,10598771,7098225,12126921,10509655,17182218,14000297,11459833,9040404,4462663,6753234,5047668,2179234,15274514,21812572
108,000528,2017-11-14,-0.011138613861386149,-0.013613861386138626,0.1579456832340717,11298.0,82354.03972595162,2621,60959243,32392441,3778663,1474725,14832397,8490712,8719207,6412010,10722940,6517376,5715753,3274657,4625985,1006343,2526846,1423443,10037452,3793175
109,000529,2017-11-14,0.007863695937090576,0.010484927916120546,0.2815574364706625,3870.0,50526.554663985175,735,7134537,7329381,515014,748842,2546116,2177918,1595715,1434647,1674610,936894,489285,215600,313797,0,0,402480,0,1413000
110,000530,2017-11-14,0.004823151125401992,0.0,0.18263049835741718,9936.0,54416.53180241806,1161,11710066,16522252,839209,892079,4689791,4718696,2519462,3268278,1441864,3363578,423056,2158146,1327934,1070122,468750,0,0,1051353
111,000532,2017-11-14,-0.003918495297805524,-0.0007836990595611049,0.4365115408264035,12775.0,69620.08912555603,854,15149474,12985032,719625,607659,4866868,3295448,3574067,2533598,2353191,2452128,956119,521616,1108476,1402055,929628,0,641500,2172528
112,000533,2017-11-14,0.027083333333333348,0.008333333333333304,0.25440994682711887,18180.0,216956.8317145814,1437,44564369,66365792,1039331,1318147,6530238,6391124,4928397,5772274,6581388,5738643,2888319,3184327,1828987,2776604,5542149,1765230,15225560,39419443
113,000534,2017-11-14,0.008524590163934587,0.006557377049180246,0.5471720364768806,15480.0,125755.23810880882,777,19727826,18689935,547615,682889,3168410,3642797,2776085,2965893,4512673,3749513,2203772,653535,650012,665680,918781,0,4950478,6329628
114,000536,2017-11-14,0.005474452554744325,0.0036496350364962904,0.1525804530391034,14287.0,95802.97129113834,1292,30316744,25067624,828494,826677,7342255,3529768,6209871,4849084,7345744,6020799,2609918,5608253,1728829,1422552,1305768,874265,2945865,1936226
115,000537,2017-11-14,0.008350730688935437,0.0027835768963118124,0.35931018736308507,14380.0,125744.30903908897,1601,43474970,45195620,1232368,1618424,5808598,5817264,6088502,5316636,12442197,9327390,5990793,5728727,2668383,3646739,1288406,2589919,7955723,11150521
116,000538,2017-11-14,-0.020550639134710003,-0.013962635201573259,1.8676802219746487,70567.0,402928.8234581791,2965,284594374,191772078,162893,7307,13275942,7289698,24342837,14189596,49802338,32771475,41003303,21766914,17319537,15012525,14711888,10905497,123975636,89829066
117,000539,2017-11-14,-0.005870841487279899,-0.00391389432485334,0.20534712025457724,4581.0,51024.23572445203,619,6716862,2708352,344416,659801,2594144,1094996,854226,515155,1047602,438400,437280,0,390144,0,0,0,1049050,0
118,000541,2017-11-14,-0.007478632478632563,-0.0010683760683760646,0.24339995217153307,14944.0,79832.00063846818,1479,34414063,26993687,1171886,1488679,7789395,5368812,7196468,5546420,6227480,5187696,2889607,4360000,3695398,2459728,1337952,870408,4105877,1711944
119,000543,2017-11-14,-0.005555555555555647,-0.005555555555555647,0.19078947250040917,11298.0,70084.46681670316,801,18624701,8237730,736155,428134,4730115,1862451,6938155,1088146,2200830,1295736,565980,541228,691701,1018649,1328727,946718,1433038,1056668
120,000544,2017-11-14,0.007733491969066142,0.010707911957168248,0.6004268818474279,16980.0,50968.30226335738,783,12536319,13581348,568627,481970,4745984,3664922,3237859,3726206,1758477,3786272,1146025,970410,1079347,303668,0,0,0,647900
121,000545,2017-11-14,-0.007448789571694592,-0.0018621973929235924,0.17639200724155707,8055.0,64033.3998332359,927,13489082,10746331,899499,1083632,3358383,2758696,2388501,2097386,2313873,2308696,1004493,766073,0,1731848,836920,0,2687413,0
122,000546,2017-11-14,-0.015706806282722585,-0.011518324607329933,0.5393627001873096,25365.5,119986.96129804684,1258,39179129,58229354,949351,950095,4623746,4469461,4810935,5363238,7235546,11292514,6409943,24319230,4085174,6707335,2714372,3849137,8350062,1278344
123,000548,2017-11-14,-0.007052186177715081,-0.004231311706629048,0.2900063820782958,7100.0,41570.99553985545,597,7430073,5196833,612110,721145,2663086,1974115,1360240,954384,1672393,1036691,705704,0,0,0,416540,0,0,510498
124,000550,2017-11-14,0.0005599104143338973,0.0050391937290032995,0.5795316066668182,14319.0,64803.34095727221,949,11639257,15671482,684666,1028743,5512949,4649177,2231622,2905336,2089876,2079434,1120144,722218,0,1452820,0,843585,0,1990169
125,000551,2017-11-14,-0.0136830102622576,-0.004561003420752496,0.3814097588432161,14047.0,125109.56486246621,528,12101159,6957937,343405,553490,3024640,2262063,3004808,1367116,791348,1318125,477028,292824,724350,639646,0,0,3735580,524673
126,000552,2017-11-14,0.0,0.00540540540540535,0.10813665957252384,10730.0,88410.56790205874,1174,25048989,17754588,798091,827113,5216354,3980778,6124152,3571391,4232295,3468772,2672094,2603970,1488415,1102418,937642,2200146,3579946,0
127,000553,2017-11-14,-0.02055622732769047,-0.02237001209189826,0.3259645014588929,26224.0,144173.62400457513,2579,116801576,66791758,4008169,948355,14360931,8512123,18372214,10601627,24020004,15185421,13659271,6967956,8662495,6855991,4070984,3802993,29647508,13917292
128,000554,2017-11-14,0.004499437570303577,-0.0011248593925758943,0.2736508594619371,14224.0,80537.68030654728,1055,19821513,17878828,1093543,1155369,5825056,4152368,4444001,3313203,3661372,2825563,2262244,1695661,971250,1441575,453900,0,1110147,3295089
129,000557,2017-11-14,-0.019230769230769384,-0.013461538461538525,0.140119124584741,4599.0,38621.04974937887,1379,14178941,11101064,672675,1757306,3653001,4271262,3978690,2275862,3594840,1037966,232842,1377794,1637805,380874,409088,0,0,0
130,000558,2017-11-14,-0.026755852842809347,-0.02341137123745829,0.15362960390505065,11680.0,68791.39807544781,1517,30178588,19039515,1201707,1585047,6083723,6363881,5352436,5196950,6811078,3009898,4047837,1523547,2147737,1360192,1786437,0,2747633,0
131,000559,2017-11-14,-0.022298456260720356,-0.029159519725557415,0.23462664211281953,31015.5,320713.0798394188,2472,150974313,93042808,985843,1361901,11005553,11456597,14069784,13835106,22257451,19937901,13785056,10633804,10337049,5380343,6346764,4621628,72186813,25815528
132,000560,2017-11-14,-0.016472868217054293,-0.011627906976744318,0.24145447915254625,19665.0,107677.90388942267,1828,58815228,35390561,1095975,1181805,9753017,7739242,10262857,7103696,11214529,8267549,5025047,2776365,3365282,4318851,3952519,418586,14146002,3584467
133,000561,2017-11-14,0.004362050163577047,0.0021810250817884125,0.2942362935132124,9130.0,45664.150294567466,971,10120121,11100237,1094484,1145783,4562770,3460435,2873754,1324328,1137178,2539187,0,719174,0,713887,451935,457000,0,740443
134,000563,2017-11-14,0.0019342359767891004,0.0,0.12634479114137506,6695.0,82514.85923634538,1677,34484385,19739711,2505488,672849,6671451,3516817,6074966,3172443,5083801,3519808,4357029,1965220,2472057,2351206,1418736,0,5900857,4541368
135,000564,2017-11-14,0.0,0.0,0.17286379737295784,5450.0,58632.24545175883,998,10662359,9784384,818393,845791,3751976,2107929,2240193,1059492,1819410,1759274,1184212,491800,382200,1339830,465975,421056,0,1759212
136,000565,2017-11-14,-0.0060606060606061,-0.0060606060606061,0.3477997845938068,8290.0,37911.10061981584,562,7174547,5381433,607786,523046,2297026,2472116,2022220,1156794,958186,733278,977671,496199,311658,0,0,0,0,0
137,000566,2017-11-14,-0.0015267175572518665,-0.012977099236641254,0.39506176499028134,14355.0,153901.58079469408,1101,41898527,22461636,804817,903408,4500362,3412997,7171129,3615514,8076860,5723447,3984901,2237181,3266525,346467,1343152,0,12750781,6222622
138,000567,2017-11-14,-0.006355140186915964,-0.010093457943925244,0.8611971290907978,15990.0,206306.27573892497,965,20691990,24745444,436275,720254,5841857,5551875,3006046,2831439,2619899,2190205,983820,1664269,1104618,1668542,440546,891000,6258929,9227860
139,000568,2017-11-14,-0.024977698483496957,-0.02378828426999713,1.1608940657806983,91511.0,502390.7505017011,3362,423914025,361183193,575463,493289,11710289,12651856,24953706,25968942,43024207,38024340,36190613,34484847,30060443,26967562,27948343,24761392,249450961,197830965
140,000570,2017-11-14,-0.0031152647975076775,0.0031152647975078995,0.35838350181753625,9798.0,30012.218612695255,320,3773570,2590728,309643,283820,1328958,1322773,1237153,372647,897816,611488,0,0,0,0,0,0,0,0
141,000571,2017-11-14,0.008928571428571397,0.005952380952380931,0.26029244266066354,13480.0,67723.25928035977,667,10907249,14734208,569594,429758,2642855,2187993,1846993,5343760,2143660,4441165,1883801,1291129,334500,1040403,434232,0,1051614,0
142,000572,2017-11-14,-0.025000000000000022,-0.017307692307692246,0.13266727661908892,12900.0,169985.39228018885,1539,53316849,25270555,1123462,1187594,6465642,6341463,6578645,5478662,7257737,3943536,4877702,2393380,676938,1029446,1289254,0,25047469,4896474
143,000573,2017-11-14,-0.014678899082568808,-0.011009174311926717,0.2445598713626815,8100.0,59749.26618464246,496,9652452,3058980,456323,499930,2540204,1119264,1508177,953686,2169241,270500,206662,215600,1048738,0,0,0,1723107,0
144,000576,2017-11-14,0.0006172839506173311,-0.0024691358024691024,0.8391704103966497,18581.0,545294.4545816956,372,5696207,48591543,281321,302377,2501109,1408689,520610,1583280,129759,1242093,526500,1939096,334132,2895761,0,4143942,1402776,35076305
145,000581,2017-11-14,0.006741573033707926,-0.003370786516853963,0.4976647670647422,80865.0,415690.99184056907,2880,302304742,287044691,589496,787118,10282696,8977152,15305717,16548033,36501668,31691250,31285026,28107901,28096276,25821165,16184201,16796551,164059662,158315521
146,000582,2017-11-14,0.0038255547054322214,-0.0015302218821728886,0.2891062211151389,23400.0,84106.78624450286,2045,49962605,51228950,1135828,1250942,10973226,11631161,10544680,11070123,14275690,10591443,5200092,5615704,2504595,4095527,434232,1730575,4894262,5243475
147,000584,2017-11-14,-0.00700190961171232,-0.00700190961171232,0.36494596478167046,38825.0,161319.33112666785,1855,81093162,74449727,648180,656851,14279242,6553082,18526497,7159941,22887016,12618732,10314931,6016948,5935367,2664224,2729315,7435490,5772614,31344459
148,000587,2017-11-14,-0.0075987841945288626,-0.001519756838905706,0.194836206715857,15157.0,272012.2925982803,1141,40693112,59550129,961179,865387,4031927,3924041,3741909,3902827,5362040,10685072,3250989,7915718,4816337,3727043,923817,2241247,17604914,26288794
149,000589,2017-11-14,-0.017964071856287345,-0.011976047904191489,0.2019702084470351,7952.0,49175.815791165754,615,9151484,4838448,635866,732541,2852800,2000927,1554146,885764,1586926,327721,1117136,203856,0,687639,854665,0,549945,0
150,000590,2017-11-14,-0.012734584450402098,-0.002680965147452974,0.806028436574249,11868.0,59761.234013377325,342,5806159,4377068,320113,226884,1420637,941766,1239960,839948,2336081,607690,0,832800,0,0,489368,927980,0,0
151,000591,2017-11-14,-0.04172274562584111,-0.055181695827725474,0.13552219999904846,55686.0,739460.4503396472,3016,287365111,213020800,1283603,1311555,11279185,10221942,19838428,22333246,32121359,29519005,20116763,23334398,19172469,11130971,15003480,10824994,168549824,104344689
152,000593,2017-11-14,-0.01642335766423375,-0.013686131386861367,0.40461758361463496,10970.0,60625.1859098035,734,14637105,8389524,770732,556577,2807601,2248191,3255347,3060749,2525198,1073550,2619998,699945,1078565,750512,932864,0,646800,0
153,000595,2017-11-14,-0.026490066225165587,-0.01655629139072845,0.159893484680273,11940.0,108655.3144372171,1429,34861293,20717187,1084276,1335702,6263440,6436024,4482147,5281739,6349555,4037007,3937003,2587590,3216132,1039125,0,0,9528740,0
154,000596,2017-11-14,-0.044740532959326784,-0.04011220196353438,1.3839837921948226,34495.0,191906.03883402067,2655,142450398,99650433,875883,2550240,12791615,14939527,14563075,13815587,25752581,19686106,15141466,16098615,13947507,5454325,9173220,4782322,50205051,22323711
155,000597,2017-11-14,-0.03301886792452835,-0.036163522012578664,0.28735319845708,23484.0,138579.34216206687,1962,78660315,37424157,736803,620595,19820986,6289661,10382556,8437258,11375903,7662075,6487133,3147592,7575085,3185855,3024055,2662444,19257794,5418677
156,000598,2017-11-14,-0.00857632933104624,0.0034305317324183626,0.1473602233188142,17520.0,176933.51469712157,1567,58603640,43675404,1360891,882691,9053757,5199237,7990407,5391649,9338579,5661354,5588224,5137361,3562570,3149748,3118771,1333732,18590441,16919632
157,000599,2017-11-14,-0.008103727714748765,-0.008103727714748765,0.17080191299028635,2436.0,39408.38693916201,1306,11634970,6036040,1063407,1486177,3461154,1882551,2453291,1343033,2271578,819167,759280,0,345260,0,0,0,1281000,505112
158,000600,2017-11-14,0.005347593582887722,0.009625668449197766,0.22061457361498032,19908.0,136844.06786149382,1797,53458446,63606483,1481842,1636388,7801413,8422102,6807720,9735697,7829188,12529554,7108330,7157270,4313728,4036950,2223996,5360850,15892229,14727672
159,000601,2017-11-14,-0.026054590570719682,-0.02481389578163773,0.26559854182748943,11880.0,88082.32892547004,921,19999654,14133256,705118,924628,4118285,3672056,3608574,2898830,4346785,3055641,1893194,1254957,2387378,330960,0,409940,2940320,1586244
160,000603,2017-11-14,-0.01904761904761909,-0.01111111111111096,0.47599341532060235,12530.0,91124.0461334428,700,16176017,7951764,447348,692958,3592224,2855910,3023008,1675928,3689238,1876054,1297523,465354,0,385560,462870,0,3663806,0
161,000605,2017-11-14,0.001814882032667775,0.008620689655172376,0.5319139889664075,17720.0,75592.75999736226,1717,38629029,26943439,1521284,1014215,9982611,8552921,8895919,4362948,8925601,4580993,3936660,2130275,2711233,2781477,481161,410687,2174560,3109923
162,000606,2017-11-14,-0.0010660980810236476,0.0010660980810235365,0.39513850531625533,10384.0,105908.06201593553,563,13779787,7244944,655593,615926,2380173,2255933,1856411,1161987,1564596,1594782,0,411890,1759165,720587,1460229,483839,4103620,0
163,000607,2017-11-14,-0.004184100418410108,-0.006973500697350032,0.2691864636814902,7150.0,45576.93395506925,709,12111049,4638160,1039312,424169,3628529,1478942,2463952,1236962,2187343,922765,1995542,263466,322989,311856,473382,0,0,0
164,000609,2017-11-14,-0.014574898785425061,-0.006477732793522262,0.5603516599265522,12220.0,103769.67500689633,485,9627681,11797059,351863,439881,1977559,2060079,1857069,730592,2525988,1092912,1514874,1015354,735300,1421508,0,1385642,665028,3651091
165,000610,2017-11-14,0.008902077151335286,0.011869436201780381,0.5302943243797548,21544.0,156071.36927314437,646,14272518,28249426,468500,318038,2833042,2471037,1775465,3590366,3765916,5460600,2310884,6129857,1040982,2849975,0,903819,2077729,6525734
166,000611,2017-11-14,-0.014084507042253502,-0.012804097311139517,0.38555412890756086,11542.5,84189.63586673839,410,11406759,3276611,402590,293353,2183170,1367639,1724336,996587,1756771,291864,1047081,0,738540,327168,436620,0,3117651,0
167,000612,2017-11-14,-0.016393442622950838,-0.007285974499089298,0.2585758752485705,13128.0,117023.83639677268,1805,45647826,48343455,1033757,1170839,8209704,6672665,6706337,5423428,8389219,8990349,6866516,5475982,2371623,5694242,1844208,6283010,10226462,8632940
168,000613,2017-11-14,-0.02921348314606742,-0.030337078651685334,0.28744042842212203,10746.0,121742.30457330096,960,20997711,14569083,926473,872926,4481169,3638056,3304810,1749052,3020801,1379317,1461986,1269661,0,1374177,1753482,448560,6048990,3837334
169,000615,2017-11-14,-0.033333333333333215,-0.022222222222222254,0.22939657186617948,31320.0,355751.0377716106,2605,114762323,121361587,1216845,1409016,11414255,13885568,12651339,15033923,20720803,24753427,15544019,13894004,10380022,9094954,5723075,5395596,37111965,37895099
170,000616,2017-11-14,-0.011961722488038284,-0.014354066985645786,0.14506305333020908,8757.0,180326.58164284474,831,28037230,13957986,713814,809611,2468118,3082868,3136024,1361773,3257056,1683262,4074104,1243179,1546719,644003,419919,1298433,12421476,3834857
171,000617,2017-11-14,-0.02737110120942088,-0.02100572883513685,0.6072588080713229,9228.0,51698.07175041906,669,10529242,6383419,524902,783249,2636924,2670972,1791728,1104495,1971795,1153883,886056,0,2264069,670820,453768,0,0,0
172,000619,2017-11-14,-0.004618937644341958,-0.009237875288683584,0.3970576468958239,8580.0,46416.19920771096,475,6753451,5198761,486699,481758,2094983,1492302,1625607,1132584,1344627,1313967,517936,778150,683599,0,0,0,0,0
173,000620,2017-11-14,-0.009230769230769154,-0.013846153846153841,0.18145869136824516,1282.0,51522.53232356876,1285,10508918,5806441,943385,762286,2142850,1376552,1343342,1037584,1301380,772460,1798042,257200,701895,0,475456,939488,1802568,660871
174,000622,2017-11-14,-0.0121317157712304,-0.013864818024263315,0.2996565467647786,9713.0,36836.79497740103,370,5182481,3136156,410768,198801,2036581,1143455,1071123,1011458,1097783,475212,566226,0,0,307230,0,0,0,0
175,000623,2017-11-14,-0.0077456176110884956,-0.00040766408479420146,0.45287314900644016,71316.0,328901.0473955903,2935,268955587,236112835,1234579,729156,12748987,9957095,18243810,16146386,38354879,30148066,31083535,28878430,22720116,18500989,14715232,20773407,129854449,110979306
176,000625,2017-11-14,-0.022238695329873992,-0.014084507042253502,0.25087172998973706,58520.0,483985.45784713246,2893,231069735,171845375,790203,1223182,8448552,12232404,35763379,19500272,33091609,27906118,21310369,15016668,14536521,8384867,14102750,6075732,103026352,81506132
177,000626,2017-11-14,-0.052380952380952306,-0.04625850340136051,0.37150329142151056,18642.0,141865.70201310632,1568,52857842,30219908,928849,1456114,6840095,9252615,6881510,6472543,10100000,6462495,5188426,2789614,3243720,1369370,1797768,404670,17877474,2012487
178,000627,2017-11-14,0.0319457889641821,0.03581800580832528,0.1809811789825054,83804.0,455272.48402100796,3263,308908797,413748192,779025,793846,10867836,11337904,20298904,18458444,37796699,34045015,30914182,34676279,29543635,33747985,27957562,31587148,150750954,249101571
179,000628,2017-11-14,-0.006564551422319487,0.007658643326039494,0.40894142591201066,9210.0,38058.72151262236,499,4986528,5179196,530721,463066,2443281,2042681,741097,1033398,579995,1112051,250614,224775,0,303225,440820,0,0,0
180,000630,2017-11-14,-0.007067137809187329,-0.007067137809187329,0.06064158319178006,7924.0,183202.3284932549,2203,63770172,50457585,1691721,2295301,6757640,7795221,4609213,5022870,5029170,5537436,6648669,3152697,2606862,3046607,1269366,3859933,35157531,19747520
181,000631,2017-11-14,0.0,0.0,0.10934214414721169,7901.0,41446.59596826229,1610,14470428,14170868,1549395,1899120,5282487,4698800,2728869,2523373,2227680,2278774,749046,1090477,1015506,708098,917445,424228,0,547998
182,000632,2017-11-14,0.027272727272727337,0.03333333333333344,0.26720678886985616,11441.0,231661.77250347717,611,8828416,25521016,569714,487043,1746642,2610509,1525811,1993682,1765685,3487106,210596,2130040,1067141,2371080,0,1359300,1942827,11082256
183,000633,2017-11-14,-0.018849206349206282,-0.014880952380952439,0.2907246287801832,12961.0,79635.95232106383,1203,25752680,18158731,1357780,1245164,5606970,5198016,4998698,3869326,5547691,2952684,1955908,2530605,1784043,1363036,0,405900,4501590,594000
184,000635,2017-11-14,0.0011976047904191933,0.007185628742514938,0.4956166494119402,10134.0,56036.747284819496,1137,16582301,19091037,875644,1589930,4947416,4683896,2424500,1769866,3056438,8999274,1457711,2048071,3395888,0,424704,0,0,0
185,000636,2017-11-14,0.022026431718061623,0.013215859030837107,0.1983296872279317,55319.0,478087.64416492864,3288,276942305,321911130,894002,1254862,13129243,15595773,19988944,19402711,33246816,28292905,23465859,19563037,20901065,19475025,21435065,12621740,143881311,205705077
186,000637,2017-11-14,-0.008025682182985716,-0.006420545746388395,0.27433202123592654,8680.0,58037.67534381398,515,9086445,5017855,523919,586855,1884573,1771864,1088142,990789,3414255,501928,952832,201175,726286,325404,496438,0,0,639840
187,000639,2017-11-14,-0.006914893617021245,-0.010638297872340385,0.4581576332546954,18430.0,106652.59078640999,1685,50124107,35447173,808621,1903791,7814792,7083042,10167206,6768731,7960389,8522518,4454324,2806770,4689354,4308202,2723242,841092,11506179,3213027
188,000650,2017-11-14,-0.01538461538461533,-0.013675213675213738,0.20170767018827285,9877.0,113112.75201720721,841,21076052,8278188,756810,767890,3766932,2467042,2000177,1891464,2624599,1807546,3417607,290000,1696721,1054246,1294397,0,5518809,0
189,000651,2017-11-14,-0.013415438750824737,-0.017594018033868397,0.7593003677507019,304300.0,1178103.0725829687,3586,1148658440,953884984,120968,111995,3370421,4051870,11766925,14376307,42864090,47040699,55515278,61245266,68335289,67502229,53956138,53584663,912729331,705971955
190,000652,2017-11-14,-0.0117647058823529,-0.007843137254901933,0.16558425614345962,10120.0,119029.94369169537,949,27250058,8857605,891497,781157,3508525,3122536,4193072,1814699,3838572,1389311,2128229,1398551,2772236,351351,460756,0,9457171,0
191,000655,2017-11-14,0.007792207792207684,0.006493506493506551,0.23263897512100457,14791.5,78084.20695865822,1096,18916350,18558294,1062897,1058289,6661279,4366620,4189688,3865167,4098836,2755158,1623477,1038739,0,982587,445951,0,834222,4491734
192,000656,2017-11-14,-0.008583690987124526,-0.006437768240343367,0.1283758093546303,6019.0,146272.2616711764,1320,29727058,18322723,1123705,1144702,5745646,3722088,2890530,3230230,2474136,1754872,2150044,1427928,676830,995652,2271951,937300,12394216,5109951
193,000657,2017-11-14,-0.01864280387770323,-0.01043997017151388,0.4645147514725833,13330.0,70957.08825175533,833,16812420,11465913,706137,623781,4502587,3597955,3822031,2065123,2864417,1378047,1276619,2138862,339968,389983,0,1272162,3300661,0
194,000659,2017-11-14,-0.017902813299232823,-0.007672634271099765,0.14986677238512205,11640.0,98723.70317931942,681,16913726,9572002,656898,446545,2881644,3468553,2264677,2299890,3413803,1312727,1234920,699535,656736,944724,0,400028,5805048,0
195,000661,2017-11-14,-0.04469026548672572,-0.02588495575221239,4.064738514464942,54882.0,470363.6780904001,1979,212609742,110583450,0,2017,7684939,9473859,13154264,11387374,31646554,19232117,18941137,11020113,23943678,6992370,10640842,6150533,106598328,46325067
196,000662,2017-11-14,-0.016324062877871803,-0.014510278113663788,0.563774920183016,21183.5,65986.98375253055,860,21146493,15607440,614250,700247,4104868,4838741,3493586,4706140,5547275,3986008,2636247,1376304,1982425,0,2767842,0,0,0
197,000663,2017-11-14,0.003510825043885335,0.015798712697483897,0.6361700716989914,17020.0,71399.32134228863,721,11563361,15856399,681577,466596,3334547,3293453,2448935,3574408,1938596,3829391,1401584,1397854,0,1721048,402624,915506,1355498,658143
198,000665,2017-11-14,-0.011872146118721338,-0.004566210045662045,0.4363209989374854,10910.0,181479.4933209435,629,18221781,6593086,556615,608071,3653238,1981426,2146424,1283890,2691204,1586963,992636,794836,352070,337900,1262423,0,6567171,0
199,000666,2017-11-14,0.007112375533428139,0.008534850640113723,0.4716210696437373,12762.0,123441.75487054032,2002,44712055,42260056,1368184,1820428,10197419,7191789,8278159,6317133,8125653,7702623,5656187,3089226,3465436,1856845,1371990,1773631,6249027,12508381
200,000667,2017-11-14,0.003154574132492094,0.0,0.11332004144343845,5389.0,28394.502321292784,784,6394987,4519798,974462,789295,2520783,2023125,1244051,1052676,1103794,278826,551897,0,0,375876,0,0,0,0
201,000668,2017-11-14,-0.017846153846153845,-0.009230769230769154,1.1699696130239048,12880.0,35169.27300124021,192,2912437,1283483,114353,219374,890869,706503,937385,225586,666962,132020,0,0,302868,0,0,0,0,0
202,000669,2017-11-14,0.010135135135135087,0.002702702702702675,0.5559871189173861,14850.0,129171.41338941893,708,17055315,11878492,576543,372955,4231734,3238627,2935651,1388340,2760172,3853272,1054145,669138,694234,0,411718,0,4391118,2356160
203,000670,2017-11-14,-0.021156558533145242,-0.021156558533145242,0.13405082293132353,25218.0,117963.3014369721,2804,107436587,64433026,1787262,1922606,14309414,13494226,17541878,13546453,21142116,16074475,15136812,9924767,7026513,2784079,8830371,987677,21662221,5698743
204,000671,2017-11-14,0.008116883116883189,0.016233766233766156,0.11748173582756054,23051.0,166479.5713743483,2761,102765593,93752583,1763891,1410488,16596949,11618127,13820285,10025749,14330799,14710938,8469200,9805824,9854951,10087500,7259452,5635384,30670066,30458573
205,000672,2017-11-14,0.01718907987866536,0.01921132457027297,0.20861164379839517,25075.0,121759.83969012175,2249,64047445,80976042,1169360,1432556,9695458,10992278,12232693,11841129,16026559,16058517,7455194,11308814,5495970,3298305,3007911,7144690,8964300,18899753
206,000673,2017-11-14,0.01520270270270263,0.0033783783783785104,0.4569148560223287,15470.0,224294.09536238678,671,26056575,28292448,683863,327363,3163569,2274230,3588564,2441401,3073190,1471586,1341986,1783182,2909052,1830920,2772362,1782815,8523989,16380951
207,000676,2017-11-14,0.0006747638326585204,0.0006747638326585204,0.34428754508251413,26304.0,134540.4133203843,1854,58910898,59446327,1128471,937004,10416670,9006191,10395581,9045374,15008750,11276028,6881136,9197414,4062314,5091848,2735932,3673031,8282044,11219437
208,000677,2017-11-14,-0.002272727272727426,0.002272727272727204,0.2487827181559386,8830.0,69276.18119104458,312,4671333,4363431,328124,276624,1489641,1078969,999454,487735,979832,443400,874282,480619,0,304538,0,403546,0,888000
209,000678,2017-11-14,0.0,-0.0024968789013731785,0.3900833116679147,8029.0,31783.416338031962,421,4926009,3418832,599530,301262,1986877,1222985,1378085,839731,669517,1054854,292000,0,0,0,0,0,0,0
210,000679,2017-11-14,-0.006150061500615145,-0.0036900369003691758,0.3493419337295895,8119.0,87248.18283951664,541,10345535,4919881,576946,538886,2304596,2038074,1468926,1322977,1244412,789770,444215,230174,0,0,826299,0,3480141,0
211,000680,2017-11-14,0.001890359168241984,0.005671077504725952,0.13931818541275795,3720.0,59830.41279242102,1444,15581927,16019469,684922,2295636,3322510,3945331,3299368,4362137,2470843,3167304,1594471,868463,1066423,0,899679,477899,2243711,902699
212,000681,2017-11-14,-0.022166246851385463,-0.023677581863979946,0.5237322785945919,11754.0,97761.92260323589,1437,33921058,19997595,2610604,953800,7219040,4585476,5135476,4456080,5087989,4081589,2095617,771416,3277433,1078333,1347408,1431714,7147491,2639187
213,000682,2017-11-14,0.01391650099403563,-0.001988071570576677,0.21479243871944348,7507.5,45321.848020605474,548,6979526,4927388,626020,470441,2122667,1648230,1490377,1104332,1102364,977120,681246,408629,0,318636,426852,0,530000,0
214,000683,2017-11-14,0.0,0.0033670033670032407,0.08041795763186618,7722.0,136059.2809732169,1371,34293598,23312377,1376264,1321500,4648027,4354208,3452188,2803304,6016475,2365781,2777449,2015786,1727722,1384233,915863,1887918,13379610,7179647
215,000685,2017-11-14,-0.008466603951082008,-0.0037629350893697566,0.31258782305406907,9576.0,111708.32097879508,1156,24697873,15261837,1048703,484494,4353331,4316741,3436669,3530329,3764345,2633172,2739553,1554874,1046774,657639,1408960,0,6899538,2084588
216,000686,2017-11-14,-0.011235955056179692,-0.002042900919305368,0.2436205190425181,15584.0,145982.9883036256,1615,50984743,44776883,1070022,1788588,6385057,7094973,5912729,6393362,11148656,7543612,4806603,5437494,3109638,4344498,5339828,3516946,13212210,8657410
217,000687,2017-11-14,-0.012213740458015265,-0.004580152671755711,0.3503186450120462,13130.0,108478.00376380439,1398,32097300,22077658,1201232,926755,7255599,5520782,6895233,4064722,6580301,4795895,3443475,1632161,1994508,1347201,845183,417852,3881769,3372290
218,000690,2017-11-14,-0.01643489254108721,-0.01643489254108721,0.24147444757590122,19450.0,199782.24283663573,1074,55427726,26447643,743259,835767,4934231,4910421,4531377,3924859,5409931,5258011,3826228,2224242,5986146,1456192,2235556,2637643,27760998,5200508
219,000691,2017-11-14,-0.019746121297602226,-0.012693935119887145,0.39715621164165615,14090.0,35613.92552976907,318,4628089,3163439,141885,306475,2274957,1313857,875718,608508,1099585,499745,235944,434854,0,0,0,0,0,0
220,000692,2017-11-14,-0.018151815181518094,-0.01980198019801971,0.23784482355064687,4800.0,75338.96247091261,649,13725291,5167462,630803,433854,1694860,1967658,2308981,1324942,3056110,610102,1004719,830906,1394455,0,995652,0,2639711,0
221,000697,2017-11-14,-0.071993670886076,-0.05854430379746833,0.507081258982521,45097.5,224139.80706295374,2488,169719844,110953331,796804,1203283,9352989,12968958,14242586,13740815,30264972,18603433,17628680,21237789,15252533,6698459,9685569,4996806,72495711,31503788
222,000698,2017-11-14,-0.017770597738287597,-0.017770597738287597,0.2487061200931679,11106.0,73514.11037509622,619,13445717,6369786,552861,674766,2828010,2377039,1352647,1173621,1799005,740067,1233580,233843,2614920,616050,843447,0,2221247,554400
223,000700,2017-11-14,-0.0015408320493065508,-0.0015408320493065508,0.22380152703984785,10965.0,87293.18384217483,841,16615677,10892692,891199,689735,4533396,2797265,1917754,1967892,2847965,2785670,785678,678304,1677850,995783,846857,0,3114978,978043
224,000701,2017-11-14,-0.02491694352159457,-0.019933554817275656,0.37326613956632276,8347.5,62106.59170889106,1040,18163402,6685230,1030386,772632,5428432,2979039,2986840,1385168,3373439,1326787,1166265,221604,709604,0,900830,0,2567606,0
225,000702,2017-11-14,-0.015795868772782606,-0.00486026731470246,0.23877118508079728,2460.0,41133.46471005086,1189,11440926,9453826,1068392,1003566,3740035,1729869,3457487,1523368,2450428,2016185,724584,1636047,0,661753,0,883038,0,0
226,000703,2017-11-14,0.018733850129198926,0.009689922480620172,0.3482244365634157,6248.0,70795.47158015134,1977,22166450,25681044,1361529,2701162,5657264,8638398,3295549,3702011,4056418,5229576,2324442,1525521,1400125,1276160,498240,0,3572883,2608216
227,000705,2017-11-14,-0.013541666666666563,-0.008333333333333304,0.3464696938752175,3844.0,64390.40056670201,767,9800587,4453510,1028424,680187,2213212,1651382,1968685,530813,2060653,534343,550080,579285,0,0,0,477500,1979533,0
228,000707,2017-11-14,0.0015552099533437946,0.0,0.32490548918059253,12700.0,57902.53848809807,391,7525420,6698681,378037,235664,1542698,1231205,1753069,2134776,2240579,2039163,460797,1057873,639040,0,0,0,511200,0
229,000708,2017-11-14,-0.012028869286287103,-0.002405773857257487,0.31407933150585327,8722.0,71047.95512381363,1577,27244536,23467506,1196100,1495016,5324953,5315263,5630078,4437811,5472868,6539020,2953979,1888769,2484346,2031209,431900,1252889,3750312,507529
230,000709,2017-11-14,0.004761904761904745,0.00952380952380949,0.07594597622792518,33840.0,353845.0433748033,3081,181240250,253159467,1869621,2111350,12510048,13028038,16439087,14723991,20267368,23584808,17228086,22603626,8467937,16627908,13713623,18510915,90744480,141968831
231,000710,2017-11-14,0.0014285714285713347,0.02214285714285702,1.3277338488348158,72550.0,243506.12618496336,2783,198313725,215855325,835510,862404,9414905,9884045,17250474,18325432,29030381,34710112,28818266,33044998,20039256,26856251,21083943,18694586,71840990,73477497
232,000711,2017-11-14,0.04672131147540992,0.03442622950819674,0.273832049184683,25180.0,90597.10781723412,1986,48976040,57468024,867850,1338348,11800581,10266422,10741695,8430228,10465474,13655877,7028612,8440057,3472422,4612309,428835,4443109,4170571,6281674
233,000712,2017-11-14,0.021897810218978186,0.01965188096574977,0.3979143707768434,36500.0,285228.00098550797,2004,99434046,124038149,1068906,1187422,7910411,8967861,11406812,9607106,19129970,18625436,16186511,16374203,8778548,10461699,6996005,8883598,27956883,49930824
234,000713,2017-11-14,-0.016839378238341918,-0.009067357512953289,0.279671486180269,767.0,33407.97861777169,762,4382526,2850098,363563,706524,1376573,593350,991922,742577,1009028,281866,0,218981,0,306800,0,0,641440,0
235,000715,2017-11-14,0.0028846153846153744,-0.0019230769230769162,0.38483728091608554,1039.0,36017.16621970434,730,3306817,2926185,315887,568861,1173723,396313,719083,210440,124080,0,225194,681384,310200,1069187,438650,0,0,0
236,000717,2017-11-14,0.005376344086021501,0.018279569892473146,0.15773574199932733,98070.0,842235.6347821341,3485,434475090,649299970,486962,618800,10585318,15436952,19226557,24857799,34396692,42450514,29575463,46062185,30212041,29043424,26847029,28560840,283145028,462269456
237,000718,2017-11-14,-0.007662835249042099,-0.005747126436781436,0.15729697564262235,9889.5,115648.34563730817,1102,23764371,16046168,938862,616806,4417369,3526994,2974142,3091203,3473062,3105120,1451761,2208717,683372,654015,2214005,416520,7611798,2426793
238,000719,2017-11-14,-0.0207920792079207,-0.013861386138613763,0.37943774331678864,10939.5,55023.044007125165,708,13960101,5859443,1196081,486917,4830194,2030507,2288896,946914,2577783,1292341,1123125,705164,691522,397600,450900,0,801600,0
239,000720,2017-11-14,-0.004132231404958553,-0.0020661157024792765,0.21296216933712878,9700.0,65581.45889045323,516,7895355,8684045,417044,629621,2244882,1891027,1018938,1523577,1383410,2074823,1243252,1558892,0,1006105,967999,0,619830,0
240,000721,2017-11-14,0.01522070015220689,0.010654490106544845,0.24752287752184485,8664.5,40230.854466879035,704,7790004,7183287,549858,888192,2516125,3582746,1624123,1232509,837250,1265091,520150,214749,1742498,0,0,0,0,0
241,000722,2017-11-14,-0.006323396567299078,0.0009033423667570428,0.4892882978757194,11080.0,39041.43243691717,511,6811222,5562144,522946,496548,2784142,2218760,1320976,967732,1233229,775090,649097,436814,300832,667200,0,0,0,0
242,000723,2017-11-14,-0.0225653206650831,-0.009501187648456089,0.2507233104419569,16660.0,151842.07567233936,1128,42197206,22555654,872765,1013814,4477942,5042469,5750998,4123342,5144155,4232422,4579136,1619851,3092393,2282466,911149,1254296,17368668,2986994
243,000725,2017-11-14,-0.0346456692913385,-0.0346456692913385,0.10601134893677687,1488839.0,4266446.077442552,3600,4693734853,5501632731,0,0,31467,0,156061,89610,3137568,4359903,10117784,16610549,22511543,28928276,22714969,40983549,4635065461,5410660844
244,000726,2017-11-14,-0.0036068530207393756,-0.004508566275924331,0.3140044030771568,17808.0,73163.03541481846,1247,25520521,19816625,1054626,797828,10240558,3789276,4312158,2855167,4307722,4832469,2848132,2362372,976128,686968,433944,1357529,1347253,3135016
245,000727,2017-11-14,-0.0036101083032491488,-0.0072202166064981865,0.07225139203139826,5796.0,103692.19589362596,1480,32232984,16702297,1363182,1180373,4994347,4088486,4513071,3008171,4620731,2835766,4253774,688256,2027009,961594,2179167,0,8281703,3939651
246,000728,2017-11-14,-0.020962732919254767,-0.014751552795031153,0.2581919111803929,27764.0,262664.59370910225,2490,128418129,97558295,951472,1525629,11128636,12961804,12142999,12038815,17533236,17040611,17894297,13675254,10004477,8199704,8143333,4441471,50619679,27675007
247,000729,2017-11-14,-0.00975609756097573,-0.008130081300813163,0.16315893692680372,6704.5,112433.76409104328,1422,31840059,18904653,1547713,1371125,4547466,3760698,3502045,2659605,5382807,4264828,1839526,1689314,1985796,619869,2626825,492239,10407881,4046975
248,000731,2017-11-14,-0.020356234096692183,-0.010178117048346036,0.217545217349661,2337.0,57278.32551709783,1306,17596719,8639342,938884,1443846,3609569,2434567,3339590,1559516,4077165,2011642,2071790,483976,335830,705795,889498,0,2334393,0
249,000732,2017-11-14,0.0,0.0011897679952408424,0.5139096809641386,8440.0,49780.41817859783,1070,11792385,13012255,872958,788032,4566510,3514502,2337366,3152551,3041326,2163219,643462,492240,330763,709055,0,468998,0,1723658
250,000733,2017-11-14,-0.005671077504725841,-0.003150598613736566,0.4647677430878993,15795.0,76777.36224481133,1166,25126582,22391643,883185,911255,5485398,4781922,4530551,9715777,5184179,3727184,2309873,1964615,1937341,0,2145761,0,2650294,1290890
251,000735,2017-11-14,-0.05975609756097555,-0.05487804878048774,0.15420850987688295,54917.0,362108.4256147306,2840,268944639,198177301,918035,1390449,10035001,12039812,16347479,17946955,29435276,27902803,22594707,22048160,22625530,14914112,19652289,14343016,147336322,87591994
252,000736,2017-11-14,-0.004596191726854881,0.006565988181221227,0.5343059585623104,12236.0,66339.22456968435,812,13979090,10750409,960280,638960,4079222,3642911,2049789,1737717,2482863,2403489,1033983,260780,936052,671538,1874779,459025,562122,935989
253,000737,2017-11-14,0.035653650254668934,0.01018675721561979,0.17397109335896024,11267.0,89146.00084234298,1147,16820415,22386684,932850,1145608,4524690,4542392,3493531,4099107,5219144,3651264,948724,2868210,673376,918322,465505,409117,562595,4752664
254,000738,2017-11-14,0.009392265193369997,0.012154696132596676,0.4533198648742879,18350.0,150131.55031908336,1594,39511430,52750682,904927,1430680,6719315,9070305,5337828,8110132,10215557,10133246,4393807,5977292,3239977,4974837,3174165,459500,5525854,12594690
255,000739,2017-11-14,-0.008498583569405027,-0.009915014164305846,0.2358030746156765,7030.0,102974.06229143852,896,23210326,5871732,1110610,506913,4141516,1572352,3894406,1866511,2229687,1542664,1705528,0,2143328,383292,1390927,0,6594324,0
256,000750,2017-11-14,-0.014545454545454528,-0.009090909090909038,0.13523080815376762,9828.0,120928.4360995562,1657,50886259,21897343,1625806,990058,6927674,4072727,7065813,3546376,7913880,4389465,7108792,2874314,2409528,1338843,2263718,902010,15571048,3783550
257,000751,2017-11-14,0.005725190839694472,0.013358778625954137,0.12047118429037361,15900.0,131097.46891908883,1896,43359408,56351108,1171048,1433660,8132233,8242694,7255896,9441956,8216420,11449802,4613988,5365971,1359868,4282241,3020838,1300269,9589117,14834515
258,000752,2017-11-14,0.007352941176470562,0.013970588235294068,0.5438538589584522,13560.0,71800.81639249682,625,10723881,11603834,492206,471110,3280184,2550368,2300736,1899515,1339894,2402367,965703,1340458,1150846,1024057,432000,836490,762312,1079469
259,000753,2017-11-14,-0.011792452830188593,-0.007075471698113289,0.17586077365483196,8420.0,66412.11463973825,581,9028929,7343994,625411,619002,2296205,2284270,1373666,1798563,1187442,816058,942713,973661,1055012,0,420000,0,1128480,852440
260,000755,2017-11-14,0.05977382875605808,0.03877221324717284,0.16325037915535537,10387.5,75192.79821951565,1440,20790520,25865189,1270974,1291789,5534140,6069434,4395222,4831945,4665956,3875673,1774931,1951839,1833531,2483798,1315766,1798033,0,3562678
261,000756,2017-11-14,-0.03658536585365846,-0.03353658536585358,0.39330877523145247,15980.0,124490.80152697665,1740,57936759,23680227,2749944,1313681,11018750,6169600,5344374,3256020,11369120,4781352,2819412,1706302,4169317,2628420,3161572,918318,17304270,2906534
262,000758,2017-11-14,-0.008733624454148492,-0.010189228529839944,0.1672033079378445,6174.0,118775.06406831494,1690,42924321,16809875,2649071,955662,5857748,4010511,5553640,4601385,5020761,2607351,3588500,1356410,4301805,695431,463068,411000,15489728,2172125
263,000759,2017-11-14,-0.00403632694248246,-0.012108980827447158,0.27790680825788494,13762.0,101631.91081982147,1272,25583073,21636989,1381292,1376818,5762991,6284759,3460732,3550410,4222578,4334434,2342052,4013566,1022169,711561,901483,0,6489776,1365441
264,000760,2017-11-14,0.029023746701847042,0.02638522427440626,0.22899688694706194,12996.5,74825.89222751331,1096,18790270,21664303,919261,1187717,5509693,4535155,3092505,3583760,2565432,4919978,2350406,2436299,1042618,3128831,1776355,0,1534000,1872563
265,000761,2017-11-14,0.017793594306049654,0.017793594306049654,0.10935486967586258,11400.0,177334.85926949666,2653,67670453,86637096,1775050,1887609,9664756,8940902,9164980,6480059,13239603,11513240,7936419,8897571,7122136,7556063,3585732,8175466,15181777,33186186
266,000762,2017-11-14,-0.02665121668597914,-0.015063731170336103,0.35642238823916306,29070.0,218984.07500385045,2346,94550715,90868205,1259028,1420901,10027291,12678368,11015604,13827444,20363863,17492799,11000949,10457385,7161384,8809509,5822936,3193629,27899660,22988170
267,000766,2017-11-14,-0.014598540145985384,-0.019708029197080257,0.49358095149174197,10880.0,114630.85643852738,770,20535773,7206939,913162,665210,4021772,2064202,3064359,1460511,3947608,683599,1681653,216302,994775,737100,816600,0,5095844,1380015
268,000767,2017-11-14,0.0,-0.0031250000000000444,0.14773775647383425,5440.0,39620.338657153035,469,5216950,3936220,583967,278932,1922050,960236,883004,756681,1165587,1324630,662342,288000,0,327741,0,0,0,0
269,000768,2017-11-14,0.013086150490730475,0.017448200654307522,0.363159782910361,35435.0,212585.5793924919,2551,116874546,142065211,1752068,1278575,11268580,12013959,13522831,13374084,21182145,19022628,13666220,17885730,8908773,12633233,6141314,10099000,40432615,55758002
270,000776,2017-11-14,-0.012081274025260935,-0.0032948929159803964,0.3417202619293411,45450.0,314264.38551439054,2841,214906896,149307717,1100471,1314006,15642054,11933570,19667964,16690042,29547327,25891996,18403620,15523098,15471434,13890608,13612769,8342394,101461257,55722003
271,000777,2017-11-14,0.00776119402985076,0.01552238805970152,0.4660076406798129,16520.0,133594.0650600321,1292,37632059,33273579,1134351,1399667,6288335,5212217,5176132,3641915,6114438,6385544,4668015,2438296,4822147,3131543,1453155,1725714,7975486,9338683
272,000778,2017-11-14,0.022108843537415046,0.023809523809523725,0.10735422638709764,19635.0,297375.2296440426,3011,92496099,176296309,2159085,2080838,11474290,13213607,11998897,14407735,15105885,21959429,8957756,14296435,11841656,11017907,6646915,8323497,24311615,90996861
273,000779,2017-11-14,-0.025988700564971823,-0.018644067796610098,0.5512164970912179,17220.0,69142.24643626146,1031,21804933,17473736,902574,728252,5676704,4188731,4431427,4446274,4661207,4824321,1407369,712418,1988501,1418510,1353199,485520,1383952,669710
274,000780,2017-11-14,-0.0020000000000000018,0.0040000000000000036,0.17855305845744132,5040.0,46341.57153120386,784,7134064,8085063,615411,495177,2511300,2578218,1163550,1577818,1411508,2159751,252000,921803,375495,352296,0,0,804800,0
275,000782,2017-11-14,-0.001097694840834218,0.0,0.40155736895870187,10037.5,54964.18146346842,514,8772643,7190693,610148,501838,2411978,1907312,1987754,1314465,2192707,1608447,701039,811635,353073,641136,0,405860,515944,0
276,000783,2017-11-14,-0.008888888888888946,-0.007777777777777772,0.21729480663672104,17860.0,205200.01748927147,1716,78642980,45843336,1501704,1747751,7601329,6628187,6908402,7976131,10040393,8605796,4512718,4573937,3078005,4635643,5348418,4390081,39652011,7285810
277,000785,2017-11-14,-0.024809160305343525,-0.014312977099236623,0.6032040292778852,10330.0,55420.928468181344,301,5710226,2577934,222659,355627,1226299,688393,1214585,657868,1169543,427806,441338,448240,973746,0,462056,0,0,0
278,000786,2017-11-14,0.014876033057851235,0.01528925619834709,0.4109694315586303,109710.0,468657.47718085535,3471,412643864,354449472,656168,551849,9191954,8947215,22260526,30262819,52871246,49629540,46578664,40808486,39623423,38969580,27885709,26081216,213576174,159198767
279,000788,2017-11-14,-0.005434782608695565,-0.009782608695652173,0.39307761837890537,9140.0,47239.204890857145,547,10123630,5912420,447165,549684,2649698,1822498,3498463,1629762,1937912,1034948,1201881,536264,388511,339264,0,0,0,0
280,000789,2017-11-14,0.01905829596412545,0.02354260089686111,0.18697117232078567,33972.0,210245.90028914547,2280,105524042,124822474,1527404,1354414,10786821,9162105,13538480,11792948,19611415,19651252,13859917,12703818,9307939,10445063,8916665,10679229,27975401,49033645
281,000791,2017-11-14,0.03508771929824572,0.004385964912280826,0.21621158751191485,18100.0,123156.06174331374,1780,45459769,50185277,1616154,1598783,10015443,7097294,8035051,6077007,7915309,8355801,3259900,6282600,4589709,3274254,4412331,4639405,5615872,12860133
282,000792,2017-11-14,-0.025173064820641966,-0.006293266205160575,0.2705319142587008,127216.0,481261.12058810017,3453,469408401,461786376,555614,564425,9463865,10898704,19567770,21521222,44335641,51904127,48189880,46423528,36141294,38270907,33140490,42779077,278013847,249424386
283,000793,2017-11-14,-0.018921475875118388,-0.009460737937559083,0.27353687589981257,21020.0,237574.56661002492,1493,93391134,36473076,1178289,573558,8054584,2923782,11349742,3924391,12389063,5376659,7797363,5839839,6301495,4027235,4911392,2715443,41409206,11092169
284,000795,2017-11-14,-0.01807228915662651,-0.009036144578313143,0.15553755824485008,13120.0,66560.47204842763,1825,37313971,24647376,1730008,1794674,9393423,7183710,6899446,5141053,7511892,6144914,3435440,2195392,3456702,1104280,838338,423068,4048722,660285
285,000796,2017-11-14,-0.021632937892533177,-0.011863224005582707,0.4206773584975041,14899.5,60597.9155919128,1160,22367848,18350921,1048789,1005501,6784467,5657735,5433757,3165672,4167271,4949695,1448934,1472856,1692524,320935,1792106,406978,0,1371549
286,000797,2017-11-14,-0.0014326647564470996,-0.002865329512894088,0.3431031936783558,25065.0,115064.52501085162,1656,62920175,44189637,1274729,856292,8575663,7163111,8717142,7255310,12846742,10089451,10147837,5915235,6559740,3342194,6380526,2680417,8417796,6887627
287,000798,2017-11-14,-0.021064301552106368,-0.0177383592017738,0.39717491094961055,8960.0,45067.00490521384,515,8346559,3474835,498554,743782,2590071,2145525,1634607,439890,1512687,145638,536720,0,715920,0,858000,0,0,0
288,000799,2017-11-14,-0.03482920294708636,-0.022772940388479546,0.5368271513061889,47176.0,206306.78054826887,3096,179086222,165027163,1049578,2039436,10371834,14543283,18647006,18218186,28817153,33051205,26684628,26189860,19467908,14764337,12028027,13263550,62020088,42957306
289,000800,2017-11-14,-0.02698282910874894,-0.02044153720359776,0.2759816729067466,26928.0,236225.60066845996,1965,93421216,74504963,1192500,1052553,10601528,8626405,10059476,8353582,15472255,11137299,11570939,8007979,4827213,9801969,4789976,2188361,34907329,25336815
290,000801,2017-11-14,-0.008207934336525224,-0.004103967168262557,0.21356389873163062,6597.0,55102.508696899895,1172,17362724,8728114,1424703,1037995,4027021,3103416,2097076,1775309,3333650,1495336,2073001,1316058,2541007,0,0,0,1866266,0
291,000802,2017-11-14,-0.023728813559321993,-0.014915254237288234,0.37915929723298053,17328.0,80092.54350612994,1513,38189198,26620255,1016758,1270357,7645297,7997731,6435457,5589837,9457816,7172164,5120016,972934,2046580,1333870,1779488,441640,4687786,1841722
292,000807,2017-11-14,0.0009115770282588365,0.010027347310847645,0.19175337238647586,96903.0,469768.6869108929,3278,403234118,420059506,680039,791972,10139736,10353827,19999336,20633350,40944131,41487979,37348792,34719510,29629080,28926676,25990481,26369308,238502523,256776884
293,000809,2017-11-14,-0.0024330900243311193,-0.0048661800486619056,0.19050880143017268,8180.0,84480.806845463,465,12106641,5939281,268635,328938,1880172,1568878,1607183,1268974,1909834,1229343,2560852,679464,680098,368872,1768942,494812,1430925,0
294,000810,2017-11-14,-0.011267605633802913,-0.015023474178403773,0.3921180558026044,10550.0,64956.37003650659,737,14503337,5659682,699327,602346,4027811,2403361,2556043,869187,2927647,1344888,919819,439900,990200,0,0,0,2382490,0
295,000811,2017-11-14,0.00591715976331364,0.004733727810650956,0.3013008164316883,11063.0,72935.26214399874,786,13507225,12934394,878453,726148,3759574,2648965,1966432,3163279,2315242,2217207,1717432,1795670,703167,1390246,0,468284,2166925,524595
296,000812,2017-11-14,0.0024691358024691024,0.006172839506172867,0.3405667791600186,8150.0,80203.8075355494,565,9320689,7506513,760154,510626,2555378,1279100,1872436,1084016,2172494,433251,771579,1251409,306558,352127,0,881584,882090,1714400
297,000813,2017-11-14,-0.019101123595505642,-0.02584269662921357,0.212996699341035,12152.0,124025.7131466402,1749,51368182,28521073,2048393,1100604,8805168,5068904,7504098,5926304,10095584,4524922,4814491,3212129,4074770,1397442,2199544,2673455,11826134,4617313
298,000815,2017-11-14,0.05072076882007481,0.045381740523224634,0.4753207255895391,21499.5,109638.24620947844,1554,38936459,46473455,1256020,1375851,6766388,8207557,7887652,8608220,8186070,8447322,4050401,5487997,2111281,3835202,1286257,4262630,7392390,6248676
299,000816,2017-11-14,0.00990099009900991,0.012376237623762387,0.09150630731167543,14315.0,118114.87843726366,1957,40914824,61672390,1213067,1925667,6453502,9874993,6528253,8079882,6666236,13759698,4049490,7949334,3098360,4280744,4674014,4956112,8231902,10845960
300,000818,2017-11-14,-0.012068965517241237,-0.014655172413793105,0.3568013446369503,13722.0,110429.91892382194,1058,28115266,13849490,850987,641209,6651158,4091561,4265275,2784109,5277201,2317418,2601084,979497,2062948,717696,410907,0,5995706,2318000
301,000819,2017-11-14,-0.046666666666666634,-0.04266666666666674,0.37230296907717403,17280.0,160342.34005870981,1627,44407154,42535852,808568,1406373,6738051,9264347,7524394,6271638,9669603,8378587,5126249,5567402,2013198,3969673,2748579,930204,9778512,6747628
302,000821,2017-11-14,-0.009584664536741228,-0.008945686900958538,0.3829243817397955,15540.0,110013.44733670352,1671,47691635,34394920,2327978,912366,7804995,6682777,6915796,6195613,8017795,7223709,5353580,3255531,3452096,2398205,3177970,2214065,10641425,5512654
303,000822,2017-11-14,0.058447488584475016,0.046575342465753566,0.19355349547140624,58088.5,260675.5441048788,3206,175451658,238696149,735193,730255,13889985,15999496,18519602,23247434,42130404,39595169,25889396,32081500,19355437,17927815,10842109,16883569,44089532,92230911
304,000823,2017-11-14,-0.020000000000000018,-0.03405405405405404,0.3820520839523498,47060.0,328508.2173547032,2349,205512992,136466469,1104349,1038600,10362377,8260930,14137016,9941418,25905727,19992253,21527973,15369125,15424828,13838672,12825695,6223999,104225027,61801472
305,000825,2017-11-14,-0.0037174721189590088,0.009293680297397744,0.09340928774826732,49140.0,388243.10077816865,3335,244455916,316476576,1267441,1655999,11679720,14160951,20621862,19381667,28495809,31671758,21359494,27781650,19707797,19152113,16253272,14436317,125070521,188236121
306,000826,2017-11-14,-0.0011198208286673506,0.0005599104143338973,0.819333220084192,35880.0,240322.4466900687,1901,102733029,106621831,501918,901953,10851423,8708968,9476566,10029481,23798648,18165690,8753505,10841901,10715442,5803023,2108419,2725003,36527108,49445812
307,000828,2017-11-14,0.0016597510373443924,0.0008298755186721962,0.36230387952924564,9664.0,54325.22944576182,1106,16503382,13808312,1858706,1397375,3444150,3566996,3206427,2421143,4155578,2967303,901247,1691007,1452658,1764488,939504,0,545112,0
308,000829,2017-11-14,-0.015488867376573068,-0.00871248789932233,0.2847602321196593,6132.0,46296.867992647734,1316,16085119,12975846,723243,1185451,4355944,4602489,2851719,3384621,4329070,2348359,1570514,719086,307500,307020,1396329,428820,550800,0
309,000830,2017-11-14,0.007949125596184325,0.007949125596184325,0.2141041007604376,85020.0,505908.0139598728,3459,451694609,394192037,1284495,516562,14647718,10242624,21938722,15194782,43993683,35098456,36340109,31149323,37548979,28290407,28430752,22193966,267510151,251505917
310,000831,2017-11-14,0.01897233201581039,0.016600790513833896,0.2516738119401137,26607.0,119369.71471668986,2528,73379580,90406380,1298886,1240901,13384859,12801728,13979688,15923103,15775578,18575285,10390986,11282918,5944629,7483451,3470965,3136209,9133989,19962785
311,000833,2017-11-14,-0.010695187165775444,-0.0013368983957220415,0.22878067986158945,2244.0,47093.897173044665,1069,9597973,9412253,461980,1623504,1957930,2756475,2050037,1134425,2675246,1706748,964871,256360,935869,1337008,0,0,552040,597733
312,000835,2017-11-14,-0.02111111111111108,-0.01666666666666672,0.30976734280728513,9735.0,141642.3445659017,844,21457150,8669173,796151,1131295,3864171,3219248,2962367,1611873,2721498,729583,2687741,251907,1074520,356000,0,866840,7350702,502427
313,000837,2017-11-14,-0.01666666666666672,-0.012499999999999956,0.23930156504757238,13490.0,73367.40698372411,905,19448681,12509676,831552,802744,4385716,3762377,3836279,2821549,3771642,1573915,1671324,1291762,1007720,302175,2720408,0,1224040,1955154
314,000838,2017-11-14,0.010118043844856706,0.005059021922428464,0.16674692032451016,8344.0,74199.21918029511,1266,16849267,15056585,1002689,1402737,4587372,4839592,3537936,2512384,2535393,1805197,2380451,506046,994325,305152,421372,1309028,1389729,2376449
315,000839,2017-11-14,-0.014404852160727732,-0.02653525398028811,0.2201912704823751,395016.0,1372510.587553509,3593,1459646293,1197754303,40461,27344,2750696,2248235,10576984,9725085,42972087,39178467,51746630,53042437,65349514,56489461,64456408,52011635,1221753513,985031639
316,000848,2017-11-14,-0.03166986564299423,-0.03262955854126681,0.23533810583479423,17323.0,207132.87469376717,1963,86006732,56122031,687529,1888429,5773624,9502885,9433910,6483170,11673880,11590552,8025369,7971885,4747605,3991666,6278936,3399951,39385879,11293493
317,000850,2017-11-14,-0.014000000000000012,-0.010000000000000009,0.25726013334822034,9940.0,76838.04634448276,377,9149654,3633743,392886,368146,2411607,1045601,1231493,996087,1126996,476909,957895,0,1088900,0,1408661,0,531216,747000
318,000851,2017-11-14,-0.014720314033366044,-0.01079489695780167,0.3783278148713768,11209.0,102072.89032486122,725,20919651,10706002,579402,444539,3060436,2702258,2882954,1890627,3116243,3034135,2202561,2121359,2068386,0,420434,0,6589235,513084
319,000852,2017-11-14,-0.0440816326530612,-0.0318367346938776,0.273830763324407,24320.0,106715.06603021287,2002,64554037,43913598,1313718,1200852,11126981,10480729,11345707,9622170,15317447,9313377,7230622,4806377,5621568,356475,1455064,1843159,11142930,6290459
320,000856,2017-11-14,-0.0009153318077804729,0.007322654462242673,0.46802242544612976,30877.0,154024.07075312274,2180,82218360,85262099,1012714,1176964,11484411,10356998,12595127,10508794,17865806,17074801,12618868,9740549,4466496,5113757,6156039,4555011,16018899,26735225
321,000858,2017-11-14,-0.028659849300322837,-0.02475780409041961,1.2439510642375502,203672.0,920710.9727823528,3570,836846384,756469606,160510,189642,5909593,5412657,16925194,21710325,44180067,56587791,46372209,53649805,43791198,46108856,39696206,37879804,639811407,534930726
322,000859,2017-11-14,-0.01673640167364021,-0.01673640167364021,0.19722766777211007,9870.0,99877.62119873846,587,12393926,6313660,617841,692758,2485639,2505526,2588916,1121998,1604262,1140148,685670,522830,329000,330400,471000,0,3611598,0
323,000860,2017-11-14,-0.030034465780403696,-0.014771048744460669,0.46247140287346317,12012.0,140195.1572209311,1929,44806271,36750381,1030438,2375930,6426696,11638482,4994141,4581827,6193330,4772650,4961104,3192447,3102661,2658136,2646312,2195366,15451589,5335543
324,000861,2017-11-14,-0.002849002849002802,0.002849002849002913,0.15678448448809246,7000.0,55201.532149198494,501,6677005,3259813,587941,493756,2076619,1261548,781063,415784,1967994,420426,467882,0,0,0,0,0,795506,668299
325,000862,2017-11-14,-0.012280701754386003,0.0017543859649122862,0.269411323537995,7462.0,41389.57824340511,447,6364226,3475173,465055,359474,1928130,1280725,1408628,1183884,1348399,345000,205560,0,1008454,306090,0,0,0,0
326,000863,2017-11-14,-0.004643962848297267,-0.004643962848297267,0.2983893952359501,10897.0,70034.11878909863,468,9309658,4529562,333952,489965,2095971,1590954,1740773,1165588,2271250,619521,663836,277134,676806,386400,429470,0,1097600,0
327,000868,2017-11-14,-0.014084507042253613,-0.0021668472372696757,0.1688807422809607,41647.5,202481.8641975701,2992,163119978,158395077,1401744,1336626,14665142,12481351,19301476,17274721,30212301,25901928,20655164,21480886,12596443,14759016,15620000,8648366,48667708,56512183
328,000869,2017-11-14,-0.04658227848101271,-0.05063291139240511,0.8838148642673338,28822.5,186651.9321110078,1998,102481421,56300378,867749,1259819,9442981,11309881,11974699,9395620,18307125,10964937,7193650,6526643,11179204,3956070,3190967,2211235,40325046,10676173
329,000875,2017-11-14,-0.008888888888888946,-0.008888888888888946,0.16759625174847817,8940.0,58050.818817554355,721,11762420,5915328,866494,590742,3933730,1624979,2274344,1128226,1345088,1700902,1319252,0,671552,0,447000,870479,904960,0
330,000876,2017-11-14,-0.011673151750972721,-0.005188067444876765,0.1689774927959541,13056.0,132367.2746713316,2084,69233839,42372545,1493153,1829196,9975880,6782121,8710147,6708680,11119799,7177446,8171149,3241556,6856683,3130748,3920597,4367189,18986431,9135609
331,000877,2017-11-14,0.025618374558303847,0.023851590106007015,0.21840374530439732,34410.0,187083.57936861465,2688,99846455,145536491,1229900,1151660,11172028,13442816,13072713,16734651,22957765,26806003,12902026,19936604,9026308,13371976,6717144,10557710,22768571,43535071
332,000878,2017-11-14,-0.009482129832239283,-0.004376367614879695,0.26849629160833816,27480.0,211038.14774303677,2609,112653856,117097596,2069735,1026099,11527985,10505092,13494151,11864447,19620591,20052840,18191375,13602428,10073753,8729119,4501518,8609425,33174748,42708146
333,000880,2017-11-14,-0.017924528301886733,-0.0037735849056602655,0.34886595961931594,6402.0,38918.23818074454,923,11375572,6229812,1164781,510160,4136284,2244408,2696683,1401024,1591917,801874,638452,946926,622755,325420,0,0,524700,0
334,000881,2017-11-14,-0.01962110960757779,-0.007442489851150147,0.3973785118874521,14460.0,76419.34578310772,1383,28824447,17490397,1020739,1262583,6721092,6143900,5350405,5026851,5611617,2694257,3167945,781723,1378082,1052918,436500,0,5138067,528165
335,000882,2017-11-14,-0.012345679012345734,-0.006172839506172867,0.10378895360920656,7704.0,58211.08102848361,977,15594410,9308130,883351,929375,3698541,3170662,2732765,1738862,3629226,1338134,2028009,765716,1635588,1365381,0,0,986930,0
336,000883,2017-11-14,-0.006172839506172867,-0.002057613168724437,0.12101454375589939,1458.0,67512.82149227595,1616,13901835,13183492,809168,1617981,3788335,3090296,1884416,1785621,1711555,750544,1597003,1239369,1096554,0,402204,485484,2612600,4214197
337,000885,2017-11-14,0.007700770077007757,0.011001100110010986,0.39729293519915687,20278.5,106492.03987801951,2094,51083765,72989763,1512000,1648163,9310351,10402573,9936506,10373553,9791983,17099812,7621916,9548369,4229335,8447262,1875124,3639052,6806550,11830979
338,000886,2017-11-14,-0.0983182406209574,-0.09573091849935322,0.15330395384759612,38940.0,372631.1262862979,2554,216115866,172138510,1105094,1883217,8000806,10802737,11636591,11433324,20887945,22858682,19344855,14815992,20028824,17946791,18392170,7549015,116719581,84848752
339,000887,2017-11-14,-0.028365136668385804,-0.02578648788035065,0.5130306000108653,37790.0,251447.57292878997,1430,117059078,50418629,765619,852118,4576228,6418357,7642695,6124714,17846209,7861183,21211489,5459330,13094130,4886668,6190207,4772270,45732501,14043989
340,000888,2017-11-14,-0.029779058597502406,-0.015369836695485084,0.40376480043627583,10340.0,68731.43835321358,664,14274558,8240461,361209,420561,3757206,1919144,2535036,1531027,3575930,1945877,1889417,966273,0,659329,413200,0,1742560,798250
341,000889,2017-11-14,-0.014437689969604817,-0.019756838905775065,0.4501820351501416,12925.0,106440.65241825156,854,23318711,13217281,691291,765359,4559738,3117163,3672298,1906686,3684569,2332333,2754293,1064780,1874092,776700,1268809,0,4813621,3254260
342,000890,2017-11-14,-0.021246458923512623,-0.018413597733710985,0.29162029249008803,10455.0,82152.9545319907,587,11928327,8186811,723982,425386,2224716,2474293,1922879,1852155,1791166,1144598,1204705,751383,1383500,313650,405880,480930,2271499,744416
343,000892,2017-11-14,-0.004987531172069737,-0.0037406483790523026,0.3583713710663841,9588.0,40842.29800952982,500,7292392,4850548,623331,507854,2498624,1934320,2180461,1301683,997710,786691,208278,0,323988,320000,460000,0,0,0
344,000893,2017-11-14,-0.007299270072992803,-0.0012165450121653931,0.3212695468818777,8300.0,37430.820836231695,654,8760785,5189511,584280,775678,3040887,2404240,2492642,1011340,713752,998253,1232583,0,696641,0,0,0,0,0
345,000895,2017-11-14,-0.019174041297935096,-0.013643067846607737,0.4667768903851112,61870.0,318629.41550330597,3377,282035684,223317566,952984,585019,19231967,11964995,24330307,21050767,43629125,34268892,38339315,31883431,26910996,17989953,14586777,22270709,114054213,83303800
346,000897,2017-11-14,-0.00987654320987652,-0.007407407407407418,0.13309025978449787,6045.0,77359.92651104336,927,15517950,6774064,1049868,710420,4370697,1924974,2319854,916578,2273509,1138233,1091219,444729,639982,1035327,855651,0,2917170,603803
347,000898,2017-11-14,0.007385524372230501,0.013293943870014813,0.12844549144415612,28044.0,287240.9630347316,2786,167948057,179967118,1256649,1786968,11222235,10448515,12380335,12054794,17662943,24068937,17117026,16249280,11706513,14455396,11983559,13517172,84618797,87386056
348,000899,2017-11-14,-0.018099547511312264,-0.012066365007541435,0.30954688119519547,6560.0,45891.062177857515,458,5971214,3781433,432266,536080,1676843,1071548,942770,429774,1336321,1328815,487985,415216,689584,0,405445,0,0,0
349,000901,2017-11-14,0.017612524461839474,0.02622309197651651,0.6573868143047675,18063.5,97451.59913284835,1510,28992680,38993975,908040,938117,7417657,8193235,5269165,7636606,6037324,5547675,3582814,3739068,1694009,2364998,1300285,1768085,2783386,8806191
350,000902,2017-11-14,0.05294705294705282,0.038961038961039085,0.25881443401951654,13123.5,99504.31227076791,1498,22486892,45040682,793277,1433145,5009038,5571032,3660431,5032783,4251602,18531455,4103466,4261007,938633,2413990,0,447341,3730445,7349929
351,000903,2017-11-14,0.017857142857143016,0.017857142857143016,0.10047195200156825,14220.0,184954.01598228395,1527,33459826,57369133,1089730,1262871,7496810,5825821,5279777,6228139,6890089,9817013,2314589,4083964,1967078,2754498,1264000,2505281,7157753,24891546
352,000905,2017-11-14,0.009111617312072884,0.011389521640091216,0.3292422275088662,18718.0,89083.46682929798,1600,34255160,37888996,1253960,1017277,9311526,7770290,8707917,6188173,7418704,7050207,2141561,2696863,2339244,2127099,1202308,3064625,1879940,7974462
353,000906,2017-11-14,0.07334109429569269,0.07334109429569269,0.1962088593238014,25788.0,434478.16694402485,1919,106350988,79989731,1188330,1207806,7962582,9768950,8631324,10734647,13734783,15614473,8786718,10406328,5882154,5898916,4441338,4008419,55723759,22350192
354,000908,2017-11-14,-0.024926686217008776,-0.017595307917888547,0.28374934944416175,11458.0,72157.86251287302,577,12146212,7850352,414864,632464,2590583,2235147,1807052,2088487,2556698,1807994,999658,1086260,395300,0,1290465,0,2091592,0
355,000909,2017-11-14,-0.0073710073710074875,0.0008190008190007703,0.560364109291387,12320.0,54709.820914306074,474,8141522,5215316,430769,316227,3040846,2235436,1314179,745760,1566668,997426,984932,200979,351120,0,453008,0,0,719488
356,000910,2017-11-14,-0.02370249284838566,-0.018389865140988948,0.5471726500205368,38736.0,167829.93552957513,2020,94654655,58334171,664432,1301282,22959059,5352632,19117546,7262289,7998052,13392887,8305972,6930118,5895660,3803408,2620448,2992769,27093486,17298786
357,000911,2017-11-14,0.0019379844961240345,0.0029069767441860517,0.3019219053448649,3096.0,37730.098149527075,1168,9855696,8902111,623128,1704147,2486578,2573493,2008984,2113392,2078108,1940782,885526,218806,1255372,351491,0,0,518000,0
358,000912,2017-11-14,-0.008860759493670933,-0.006329113924050778,0.19737051555227209,12464.0,54284.496966069324,1603,26412818,24736626,1357262,1726098,7495211,7730217,6107798,6370610,5753765,5552324,2819054,1098004,664918,954989,878505,1304384,1336305,0
359,000913,2017-11-14,0.008836524300441795,0.0068728522336769515,0.5684892519778868,22792.0,137144.0382829681,1285,41832221,45893195,533610,716524,5799691,6476321,6201743,5977422,8621907,8475873,6254075,6320260,4048921,2656474,2490773,5576216,7881501,9694105
360,000915,2017-11-14,-0.029463243873978917,-0.012252042007001251,0.7536077272042147,10221.0,126146.34581416425,2070,63960989,32665308,2788978,883487,11625446,6602468,8396847,4105295,10346550,6355179,6332536,1927026,7078371,2144247,3224801,3523238,14167460,7124368
361,000917,2017-11-14,-0.009821428571428537,-0.02142857142857124,0.20202176158370744,54000.0,273353.77551530505,3077,246766576,167975713,1160643,960325,14829112,11735116,20902075,17965090,36719483,28386042,31477551,20555830,24435370,18069190,19711023,8087728,97531319,62216392
362,000918,2017-11-14,0.0028050490883591017,-0.0028050490883589907,0.22271316098548183,13528.0,119127.55499535671,1025,25639287,19268327,1092402,555323,4784433,3387264,4418870,3579909,4757819,2864028,3565316,1426898,2573411,1027954,430260,0,4016776,6426951
363,000919,2017-11-14,-0.011011011011010985,-0.012012012012012074,0.42108519421065466,9960.0,58400.0024937884,562,11640695,6633730,661331,1010917,2303169,1979353,2835241,1338847,3208842,524076,1165775,967768,1028775,320739,437562,492030,0,0
364,000920,2017-11-14,-0.006124234470691214,-0.00962379702537175,0.448743873342262,12463.0,47403.64514127919,648,12552019,7094240,560181,431478,3469956,2928648,3260309,2089188,2689664,1135846,1384698,509080,642411,0,0,0,544800,0
365,000921,2017-11-14,-0.030360531309297945,-0.009487666034155628,0.31014582453966677,32592.0,134774.4495292444,2601,99509786,86880402,1413199,1341712,13058222,10516978,15553511,18930338,20576548,25863147,13120856,6988146,10132825,6386754,5167673,3941833,20486952,12911494
366,000922,2017-11-14,-0.008274231678487065,-0.004728132387706974,0.31516735584663275,12720.0,71916.92487543127,720,15053092,9417419,812433,575558,3493522,2878817,3108371,1717477,2924633,1724283,1972408,711384,1033300,0,838261,447300,870164,1362600
367,000923,2017-11-14,-0.007812500000000111,-0.006249999999999978,0.785772290077743,15396.0,69395.0782151133,1061,22866988,16782571,672063,738658,5217561,5162923,4510904,3577836,4498261,2983457,2130354,2053548,2385558,684182,2231144,492589,1221143,1089378
368,000925,2017-11-14,0.050673508659397015,0.05452212957023739,0.403188507086956,8245.0,184022.65622156128,1499,35084325,57949433,644061,1653394,5344698,3872610,4227946,3363416,4646467,5647848,2849836,4917259,2760096,6432914,3547979,3539764,11063242,28522228
369,000928,2017-11-14,0.015449438202247201,0.02106741573033699,0.19404050294955053,15730.0,125254.02626574613,1347,34090209,42820918,1048964,1039661,5561565,5717790,4768903,6499043,6961641,9012971,4533071,4684171,1835041,6072573,486420,4141186,8894604,5653523
370,000929,2017-11-14,-0.0040000000000000036,-0.021599999999999953,0.6714959302755179,12230.0,81707.97473180886,347,7541402,4996670,242859,329622,1232304,1506656,1322490,659934,1518408,507339,427360,709897,1048475,381300,895506,901922,854000,0
371,000931,2017-11-14,-0.0013908205841447474,-0.0013908205841447474,0.2829695077621928,10066.0,53297.23621002161,645,8697113,6762548,660982,629896,3200609,2132638,1622632,1214500,1923868,1135000,215400,0,1073622,0,0,857124,0,793390
372,000932,2017-11-14,0.0022148394241419123,0.01882613510520481,0.16776270726910197,41040.0,799944.2629877437,2902,316437133,286536596,1556964,1711619,10937108,11623735,14611268,14744934,26990117,25936082,14684692,19021184,14810299,14195178,13693511,20514324,219153174,178789540
373,000933,2017-11-14,0.005302226935312904,0.018027571580063517,0.16811691019832775,67760.0,388542.5327795161,3153,256244794,319708208,1109060,1286606,10108171,12293189,16135674,20532700,37672123,36284923,35890026,34657077,22484361,22406033,16555867,22902379,116289512,169345301
374,000935,2017-11-14,0.002574665293511691,0.005664263645726031,0.39379075554035214,31424.0,164590.92405240732,2433,101549305,107116988,1495003,1634055,10212881,11765024,13764766,14978545,20703579,18028651,13270666,13456091,10381445,10407206,5339623,8208708,26381342,28638708
375,000936,2017-11-14,-0.004538577912254205,-0.001512859304084846,0.16026882438892256,13860.0,150507.35975985404,1703,42946750,32727793,1835690,1135650,9048171,5967493,7448906,6142882,8403644,7472425,4774129,2169428,4132479,1369737,1356698,902489,5947033,7567689
376,000937,2017-11-14,0.0,0.0016286644951140072,0.1447450029641083,20394.0,128503.32193351215,1802,55196501,53187654,1216990,1237816,10887500,7839886,6748670,6618497,9252017,10957677,7163646,5447299,4067682,4621437,3579711,4056941,12280285,12408101
377,000938,2017-11-14,-0.027517730496453896,-0.015177304964538951,1.3826871068212874,69615.0,287728.2448446691,2600,221467585,180310874,1048074,856879,11262617,10314285,18687510,15975370,30407597,26118922,24004159,18912675,20995440,15472325,15607896,15283637,99454292,77376781
378,000939,2017-11-14,-0.006250000000000089,-0.02083333333333326,0.14528260490571213,9440.0,132643.97432398,1093,28587400,13418233,1031176,1154960,4317277,4621651,2901857,1837603,3177679,2629493,3027996,1539537,1357112,713825,2721516,921164,10052787,0
379,000948,2017-11-14,-0.016379310344827536,-0.011206896551724022,0.4910181211530559,4620.0,51341.67606741336,558,5827040,5559285,438491,640513,1363594,1325348,1027798,885081,1925259,792988,0,888809,632598,0,439300,452400,0,574146
380,000949,2017-11-14,-0.011990407673860837,-0.007194244604316613,0.17616750131737738,8652.0,67582.51115229294,560,9508603,6037511,586001,530809,2945318,1808436,2225139,716867,1753849,124800,1286466,453200,711830,743400,0,0,0,1659999
381,000951,2017-11-14,-0.009107468123861429,-0.005464480874316946,0.36177508525249374,9828.0,71941.78507278183,2074,39935725,29673138,1929089,2893364,9510357,7186762,9625643,4518943,8520043,6257667,2645257,2502840,2678650,3053831,1334582,490930,3692104,2768801
382,000952,2017-11-14,-0.015224913494809589,-0.008304498269896099,0.4994608333284823,14350.0,115468.45941234696,837,20539517,16684017,526875,812179,4265462,3782772,3248137,2238069,4129199,2117101,2457042,1724395,1431804,396000,2692851,1285491,1788147,4328010
383,000955,2017-11-14,-0.010937500000000044,-0.026562499999999933,0.2584124887558258,12962.0,134821.62310904788,614,18446531,8542555,400217,646731,2843426,2467169,2666855,2166258,2622706,1409352,1192043,744800,1328359,358980,2163399,0,5229526,749265
384,000957,2017-11-14,-0.05028386050283851,-0.03649635036496346,0.25844530603483523,21492.0,207122.22047425585,2279,104471035,58443634,1055026,1849254,9785546,13023813,9535693,9958809,13685467,11972709,8991178,8043183,5843565,2579947,3659443,1651751,51915117,9364168
385,000958,2017-11-14,-0.010687022900763288,-0.010687022900763288,0.1762575576653347,12740.5,141968.13731053178,1382,38123455,22602598,1247245,1381673,6190263,4967611,4883691,3989060,7938861,5121283,2099929,1687167,2771334,680824,1344014,477915,11648118,4297065
386,000959,2017-11-14,0.010903426791277315,0.012461059190031154,0.13087675296921986,7823.0,53713.65929961804,2412,20694240,34789531,1546456,3429775,6901521,10175760,4100149,5713980,3034947,9045211,1519019,1936016,0,1748030,1680201,1307531,1911947,1433228
387,000960,2017-11-14,0.0035186488388458947,0.0007037297677692234,0.3042701963232263,28540.0,243280.90804941408,2182,114901778,104842620,1451172,929641,13756613,8793964,13232251,8227568,16746124,15751877,11196851,13123114,8278431,7646181,5773581,8551254,44466755,41819021
388,000961,2017-11-14,-0.0016501650165016146,0.0,0.1636252914315241,10302.0,84419.25122484849,1373,19195141,18136643,1094353,1056168,5139162,5656707,2686599,2910843,2946132,2719846,542207,255731,1955776,301072,2340705,1818146,2490207,3418130
389,000962,2017-11-14,-0.01318681318681314,-0.00879120879120876,0.30295148272771,9922.0,42512.374488292604,902,14754594,8972485,1014609,1147443,4389744,2735205,4115405,2323195,2877917,1988378,2356919,299464,0,0,0,478800,0,0
390,000963,2017-11-14,-0.04422649888971131,-0.03756476683937826,1.0551727282246213,43344.0,340657.9447333527,2623,200639166,137475824,403846,969864,11683832,13809685,16424029,15389311,29063401,19991643,25340505,16217687,15076011,7907032,7924124,3948201,94723418,59242401
391,000965,2017-11-14,0.0032414910858995505,-0.0016207455429497752,0.20786119349170795,12320.0,80268.64479310837,881,16393540,13092862,726738,787927,3745844,3914589,3284910,3285061,1557732,2298943,1930715,1341018,1935164,315690,872552,435690,2339885,713944
392,000966,2017-11-14,-0.008752735229759279,-0.004376367614879806,0.22773053621294084,6604.0,235317.9819899529,402,12437184,3072377,631194,239832,1714710,983242,1376056,533264,1018908,158468,760939,244572,318500,0,1320401,912999,5296476,0
393,000967,2017-11-14,-0.008662175168431152,0.005774783445620768,0.2613648652663455,20860.0,104094.47918142128,1581,40246204,42296297,1074631,905324,7444916,7992656,6325844,6450009,10843761,8989757,3523665,4189508,3823364,3680885,1713415,2164435,5496608,7923723
394,000968,2017-11-14,-0.010914051841746208,-0.008185538881309795,0.4252194245863375,14500.0,96542.94534479035,1193,22966038,25448391,386116,1239857,4258048,5699050,3994731,4263573,2173503,4623913,3451992,3132778,3040304,1468707,2564713,932424,3096631,4088089
