,code,date,pchange_whole,pchange,change_std,amount_median,amount_std,length,sumsell,sumbuy,sell_vol_0,buy_vol_0,sell_vol_1,buy_vol_1,sell_vol_2,buy_vol_2,sell_vol_3,buy_vol_3,sell_vol_4,buy_vol_4,sell_vol_5,buy_vol_5,sell_vol_6,buy_vol_6,sell_vol_7,buy_vol_7
0,000001,2018-03-28,0.0036866359447005337,0.0009216589861751334,0.18565828325952208,76036.0,544630.4060493059,3419,439876095,458314551,1317674,856562,12565868,11510891,21456494,17968369,40623869,37686921,33006681,27223156,27930356,21126896,17387227,16175217,285587926,325766539
1,000002,2018-03-28,0.02687643395607986,0.029170763684037926,0.5230314216741423,119130.0,655602.8017600096,3406,519744424,521076666,461129,1026219,8379048,10501687,19075118,21355059,38168467,37083217,44323303,32421143,51479093,38502105,38664425,30320917,319193841,349866319
2,000004,2018-03-28,-0.01366937206322083,-0.0158052114480991,0.9653433425394019,11575.0,37794.93008220051,588,6621326,6245017,500855,639157,2934039,2869291,1066818,1149231,1472094,751330,244495,457004,0,379004,403025,0,0,0
3,000005,2018-03-28,0.04557640750670244,0.01608579088471851,0.15089146354916352,7440.0,20714.787081448732,611,3848805,4717136,543227,498261,1703474,3086753,978328,728516,623776,403606,0,0,0,0,0,0,0,0
4,000006,2018-03-28,0.0069637883008357715,0.01532033426183843,0.16296532379392636,15895.0,97796.92482807292,1944,44617392,47515220,1440595,1311072,7910619,10117195,8192460,8320976,8999835,9106032,5099980,4442031,3700476,2773575,1787781,5447009,7485646,5997330
5,000007,2018-03-28,0.014989293361884481,0.025695931477516032,0.4926348151555857,14520.0,57957.01171597715,809,13094759,12548637,782235,516639,4264373,4152669,2850233,2722815,2918136,2474682,1156922,1555745,366860,0,0,402087,756000,724000
6,000008,2018-03-28,-0.0199714693295292,-0.01711840228245365,0.15520152120082212,6210.0,156467.56898337154,2044,50290411,34232964,4611503,1627950,5731627,4930475,4009784,2305024,4917305,4320314,4037774,2815287,3860372,3825991,1389294,2713149,21732752,11694774
7,000009,2018-03-28,0.005025125628140836,0.005025125628140836,0.14423421483487614,9015.0,61827.2822811923,1716,22912102,29803961,1461851,1458167,5869248,5959927,3844406,9561054,4673086,5349243,3694397,2610341,2401829,1031094,442062,1407703,525223,2426432
8,000010,2018-03-28,0.0,0.0022471910112358273,0.15395661408089367,4480.0,43380.13117609061,836,7309231,7237971,790647,705228,2169897,2525760,1015260,2146148,1912692,1428547,253011,432288,315392,0,0,0,852332,0
9,000011,2018-03-28,0.00910273081924573,0.004551365409622754,0.4712801128692865,10850.0,34932.074398041215,1065,12153857,11314864,1134704,856671,5436526,4367647,2714059,3187765,1882647,1516917,665601,711896,320320,673968,0,0,0,0
10,000012,2018-03-28,0.006839945280437965,0.010943912448700521,0.17412534689342446,7470.0,59817.373256696315,1765,22038771,21590001,1849387,1920311,5680526,5856369,3126590,3518310,5796078,3585179,2360094,2965181,382645,1743076,408852,1381542,2434599,620033
11,000014,2018-03-28,0.003731343283581934,0.01399253731343264,0.33011545149539456,10900.0,49262.676143112476,1055,16146477,13688467,701003,1000630,4639865,4772156,4352080,3075816,3262253,2078820,1641706,1068838,1057090,1692207,492480,0,0,0
12,000016,2018-03-28,0.010355029585798814,0.0,0.16769123488924367,20250.0,106402.78009870922,1628,49608019,35989620,819760,1073486,8181018,7719180,7173276,6166808,7462836,8388379,9835216,5181873,5616506,2633948,2174958,1323019,8344449,3502927
13,000017,2018-03-28,-0.012522361359570744,-0.007155635062611854,0.23777296781898463,6116.0,36818.00087263089,553,5385412,4463172,554308,549070,2128862,1556364,1455002,934466,704983,449072,241435,222399,300822,333300,0,418501,0,0
14,000018,2018-03-28,0.015177065767284947,0.013490725126475533,0.16024373534677064,13662.0,94265.00843490967,1370,21954063,35778839,1194135,675689,5730759,5816092,5215818,6500118,5184669,5548809,1440568,4291555,1797371,1017966,1390743,1696894,0,10231716
15,000020,2018-03-28,0.0,0.01959459459459456,0.4080163458280619,18000.0,133443.82076734037,1318,38759019,37885496,867680,1077427,6815304,5109855,5339655,6448974,5684729,7919658,3829933,3405841,4599670,1450910,4360191,1886685,7261857,10586146
16,000021,2018-03-28,0.010869565217391353,0.01570048309178751,0.17664521839142258,16740.0,82917.08756967404,2202,46294606,42780151,1780455,1401916,11133285,10033366,8815617,8168559,10638757,8999182,4534239,5577128,2443594,2428897,3448521,2671604,3500138,3499499
17,000023,2018-03-28,-0.04231625835189323,-0.011135857461024412,0.6652774913219434,8895.0,39801.00558129857,729,8553406,6656934,848803,734394,3012432,2387450,1719487,1189396,2106593,1423038,531451,475157,334640,0,0,447499,0,0
18,000025,2018-03-28,0.019230769230769384,0.03434065934065944,0.7570861768025,22575.0,108451.27643433884,2314,56774174,70383477,1464896,1537443,12983982,11110862,11794610,11426496,13300828,13331283,6672484,8994243,2367935,5559781,2642828,3593521,5546611,14829848
19,000026,2018-03-28,0.009380863039399667,0.019699812382739212,0.30257468796800113,21600.0,93515.3469277753,1243,20634190,31825742,732058,560829,4911305,11338045,3049175,3432963,4722940,4003607,2652317,1636673,1406594,1395443,1346611,1401196,1813190,8056986
20,000027,2018-03-28,0.0017543859649122862,0.00877192982456143,0.18927140488785557,5760.0,64114.918876180054,908,9877112,12072026,748356,1133749,1641519,2851833,1980034,1300284,2429426,2374505,1091927,1818028,379988,1324192,0,1269435,1605862,0
21,000028,2018-03-28,0.011157368859283867,0.012656119900083418,1.1977871647289131,18300.0,103076.75650582217,2547,63398040,41537572,963455,772245,23520979,15822092,8157092,5359529,6105763,4381419,3442852,3340590,2716721,3367782,3246587,1294653,15244591,7199262
22,000030,2018-03-28,-0.018439716312056764,-0.0099290780141843,0.18944816751800383,4182.0,34870.38215392448,1387,10042611,6996078,1463993,1789496,4092117,2132017,1008482,803592,2005133,913963,733037,248810,739849,396150,0,0,0,712050
23,000032,2018-03-28,0.013902681231380498,0.02581926514399213,0.24613223846955995,15735.0,67895.99320879445,1677,33726878,27330222,1073405,1384434,7167998,8246890,7985850,6496282,8047881,5611070,4635329,1889226,1626965,1325251,433630,462470,2755820,1914599
24,000036,2018-03-28,-0.002424242424242329,0.0072727272727273196,0.24811415716933985,11634.0,80805.29495522803,1106,22852871,17883031,1038483,1037136,5135030,3729751,4458788,4538638,4633666,3362705,2632346,930043,1398387,965847,869538,1790263,2686633,1528648
25,000037,2018-03-28,0.0,0.019718309859154903,0.21540578596591864,10680.0,49820.12252452364,1088,14646420,11955147,1286980,926004,5437745,3753925,3332659,2878736,2079661,2559653,1734322,798099,374325,0,400728,0,0,1038730
26,000039,2018-03-28,0.0018248175182480342,0.0048661800486617945,0.3384604059741963,19884.0,141768.54320861417,2361,81250062,58923915,2305799,1366163,13743274,10202045,10012402,10029887,13810516,11793011,6578791,5714277,5213416,4447361,3163933,1383711,26421931,13987460
27,000040,2018-03-28,0.042204995693367886,0.023255813953488413,0.37416385561968035,4704.0,57718.20658276168,963,5598287,9552437,871321,1287735,2032770,2675614,1618458,1283101,1075738,967341,0,230880,0,318227,0,0,0,2789539
28,000042,2018-03-28,0.014492753623188248,0.008971704623878418,0.5991866623694312,2922.0,42577.08055303784,584,6089877,4911182,717315,369263,1171785,1534956,887591,1476877,2037521,1089166,459525,440920,305140,0,0,0,511000,0
29,000043,2018-03-28,-0.010011123470522798,-0.011123470522803047,0.4560334615950651,17820.0,101786.95081159897,388,10097315,11072353,314118,371583,1216145,1828228,2001756,1521214,2931857,2628987,934858,972719,1010917,686289,423700,446500,1263964,2616833
30,000045,2018-03-28,-0.03208556149732611,-0.0064171122994652885,0.21972617100451858,18520.0,78649.96897744885,1813,44058842,28449143,1576878,1494715,10519680,8330828,10967003,5845056,9686936,4909375,6566006,1990938,1627175,1669019,401544,0,2713620,4209212
31,000048,2018-03-28,-0.024299835255354174,-0.025947281713344372,1.4678746685648214,9660.0,31472.01604170122,273,4788674,1263771,275985,292657,1816170,700462,987233,161392,1709286,109260,0,0,0,0,0,0,0,0
32,000049,2018-03-28,0.0,-0.00152905198776776,0.8341953788206002,16425.0,85608.81439041106,1537,36750001,27232027,1422436,1765066,7379631,6769867,8576073,6511354,7500788,5375169,3790672,2532302,3240689,361860,898678,902873,3941034,3013536
33,000050,2018-03-28,-0.008387096774193581,-0.001935483870967647,0.3038756282167835,26435.0,113632.61173892091,2604,97432892,63989528,2044373,1241193,14624867,11682321,16255203,9781930,24760315,17431397,14071370,7988780,8469494,3401701,3620357,2689282,13586913,9772924
34,000055,2018-03-28,-0.002812939521800395,0.0014064697609001975,0.2028726799045622,14280.0,94859.12248603652,1229,33205774,19904030,1046771,1272097,5313636,4825454,6157947,3896038,5073471,5541080,3248433,1432942,3187998,698559,2800415,884488,6377103,1353372
35,000058,2018-03-28,0.009463722397476504,0.009463722397476504,0.25663219984714997,10863.0,29121.14913257213,610,6926908,5225779,544186,526119,3221222,2217315,2258347,1089914,903153,930607,0,461824,0,0,0,0,0,0
36,000059,2018-03-28,-0.011111111111111072,-0.010000000000000009,0.22924793321179715,19646.0,156088.801623294,1542,62446586,39539277,824430,1756295,6382394,7616903,8176422,5910558,13050127,8192582,7601104,5226958,3802916,1345064,4739614,2622344,17869579,6868573
37,000060,2018-03-28,-0.0010869565217390686,0.0,0.20515902332985825,22080.0,153664.79912410877,2012,75416410,61454373,1908429,1359705,12618814,7482587,9302649,9685874,12395152,12931724,8811264,8768046,6680581,4946705,5029500,2649522,18670021,13630210
38,000061,2018-03-28,-0.019178082191780743,-0.009589041095890316,0.2210490511481714,10875.0,58371.80290614616,1091,18732047,14147369,1190417,1124186,5224449,4359388,4307947,3393182,3969432,2656135,864992,446798,1488384,1010710,0,429970,1686426,727000
39,000062,2018-03-28,0.010526315789473717,0.010526315789473717,0.5653334593632926,9517.5,48859.17736951055,1130,11623956,13637017,1024882,1910659,4470864,3581793,2638938,2678619,1856343,2415753,940729,644199,692200,966710,0,0,0,1439284
40,000063,2018-03-28,-0.00836960160696354,-0.0036826247070639306,0.5082003260451233,111296.0,617714.3823449492,3455,487045347,440887146,556999,598672,10739203,10385429,22792327,24037586,42221712,48708204,42268631,38705153,37142991,39476542,31487477,33728004,299836007,245247556
41,000065,2018-03-28,-0.024137931034482696,-0.016666666666666607,0.41551920687165866,17120.0,99678.52798171171,1754,47031627,30187226,1271861,1441054,10027673,8014930,7860285,6128125,11049633,6217947,3895534,2444111,4780479,0,2134346,443300,6011816,5497759
42,000066,2018-03-28,0.006393861892583175,0.019181585677749302,0.1387966592893394,72864.0,645045.0146575656,3183,354970441,467255966,1073505,1258145,10889578,12846218,14056704,17668035,28471137,37685523,18613508,31906424,19049821,29709469,23678610,33498360,239137578,302683792
43,000068,2018-03-28,0.0347222222222221,0.03703703703703698,0.14211750091592307,4470.0,83731.16091821196,928,11368491,14027320,1067182,510523,3098375,2869328,1424888,2028084,2058874,2061959,1431312,1910521,686820,1278140,0,434000,1601040,2934765
44,000069,2018-03-28,0.004987531172069959,0.0,0.14899922968611273,11326.0,139769.24497885743,2902,96803788,44357426,5529974,1128864,16392166,6824982,11630354,5078241,10633443,9261596,7045199,4869215,3751984,3372895,11502161,3518380,30318507,10303253
45,000070,2018-03-28,0.012114537444933848,0.013215859030836885,0.28176574999425047,12051.0,71873.00631489116,1040,19457550,16421937,997031,893512,3631017,5034854,3229656,3548710,4584380,2415312,2107104,1223530,1395930,1017719,2264027,949000,1248405,1339300
46,000078,2018-03-28,0.01672240802675584,0.020066889632106788,0.12999266723688221,18330.0,138931.7613955758,2121,52671150,80452251,1397548,1894779,8203837,9169515,8003501,10459964,13006997,14280849,6978758,9809877,4961437,9400428,2304126,4016621,7814946,21420218
47,000088,2018-03-28,0.004207573632538653,0.015427769985974837,0.2047174739877073,9451.0,74440.63774868172,1214,23327279,16415461,1009158,1223544,5287164,4215274,3972270,3822588,4314656,4100124,3178835,708593,1712810,0,853806,878973,2998580,1466365
48,000089,2018-03-28,-0.00848484848484854,-0.0072727272727273196,0.22186584817615082,9804.0,131089.09134051506,1385,22582339,27247264,1711214,1614650,3376123,12906564,1985394,1626145,1469590,3988630,2637415,2373584,1028072,665430,1284005,2515903,9090526,1556358
49,000090,2018-03-28,-0.01666666666666672,-0.01458333333333317,0.2698266965874742,10395.0,102497.97832194451,1267,23793682,10723334,1371110,1107122,6415034,3831615,3680380,1402648,3755179,2639466,750541,730488,344755,1011995,950187,0,6526496,0
50,000096,2018-03-28,-0.013621794871794823,-0.0008012820512820484,0.6083883075523723,3747.0,23696.830575525215,420,2142553,1364405,219862,994380,735457,179881,509476,60144,117406,130000,237120,0,323232,0,0,0,0,0
51,000099,2018-03-28,0.055757575757575895,0.07878787878787885,0.17391918585337074,23580.0,301728.56113470485,2258,151336229,69902566,1799680,1856424,9616433,8417789,12418895,10726798,17819008,14519651,10690632,7164795,7351274,6720184,8507257,3156295,83133050,17340630
52,000100,2018-03-28,-0.00291545189504383,-0.00291545189504383,0.06483922760991453,17150.0,192177.88776647317,2827,95243669,82382384,1937417,2297217,13647642,14967049,9843375,12162675,11155145,13127588,5142115,4719765,7536312,7263605,4104356,2776110,41877307,25068375
53,000150,2018-03-28,0.020988971896122477,-0.004268943436499528,1.5166856396983062,8370.0,21602.35376991864,343,2895587,1752972,388490,373617,1377714,819375,741909,559980,183950,0,203524,0,0,0,0,0,0,0
54,000151,2018-03-28,-0.07493540051679604,-0.010852713178294615,0.33348518925220577,126630.0,646046.0220733354,3380,484869201,486613196,558899,775400,8655762,10536139,15649033,17621718,34202495,42639103,34940626,37489944,39467266,38962001,27243337,32313083,324151783,306275808
55,000153,2018-03-28,-0.01098901098901095,-0.01098901098901095,0.2635438542072567,11424.0,61367.96060215049,966,15392831,13186952,973635,1222771,4568093,4372068,2969249,2390392,3911417,1359547,712023,1148463,1107154,0,425348,408500,725912,2285211
56,000155,2018-03-28,0.0014880952380953438,-0.0014880952380952328,0.1717832485912566,24228.0,167087.21755422492,1534,61946986,40162923,962343,921992,7473900,7389693,8669222,6739453,11987203,8612945,5555890,4089384,6732576,3863770,846450,1738942,19719402,6806744
57,000157,2018-03-28,0.004796163069544557,0.0,0.10341954569328286,9799.0,70362.9291462502,1630,28943227,17775102,1187341,957899,11946998,4334187,4480225,3601563,4699278,2660532,2604794,1488371,374466,1283569,1250221,2262949,2399904,1186032
58,000158,2018-03-28,0.021220159151193574,0.023872679045092715,0.18934601957587022,12208.0,62191.99574053591,1589,23002950,27581512,1357921,1377938,6068332,7066528,5770126,7644719,5148656,6122322,1750974,1891095,1289208,992858,845695,0,772038,2486052
59,000159,2018-03-28,0.02494331065759625,0.02494331065759625,0.17116705814924238,3143.0,75953.13735144974,665,4471231,8261072,335674,757205,1543323,2115747,1002109,1395103,893453,897992,208800,638838,0,315000,487872,471120,0,1670067
60,000166,2018-03-28,0.004089979550102374,0.002044989775051187,0.13289629751264584,9780.0,70174.25654929498,1356,21211039,19649519,1532510,1209766,5010457,6827853,3463503,4685292,4027973,2925301,2203971,1572881,629342,1069007,959860,0,3383423,1359419
61,000301,2018-03-28,-0.004457652303120341,0.0014858841010401136,0.13805226851463803,28728.0,270073.4761358511,2385,126429039,133868747,1209324,1671636,9917507,9408802,13244792,11206050,17988747,16405367,13349570,12228173,9990879,11555176,9830597,8913750,50897623,62479793
62,000333,2018-03-28,-0.006917180781454535,-0.010843148252009827,0.8947925176277225,326647.0,975094.3737284242,3576,1020296633,1052267066,63159,31480,3105306,1785752,12595292,10788812,42859542,43228089,54084942,58209247,56769634,54523925,49804156,55092786,801014602,828606975
63,000338,2018-03-28,0.0,-0.0050000000000000044,0.1450817196144427,28070.0,192686.23516485462,3047,155602166,91161593,1982681,1506443,16313159,11666329,22020122,13816033,30229106,17729355,18884568,10883686,11480488,10344016,11415372,3396306,43276670,21819425
64,000400,2018-03-28,-0.021777003484320545,-0.014808362369338024,0.24514234986201638,20412.0,108750.6029874855,2195,66974599,53635611,1520569,1085993,12436643,9251202,10521841,9823030,13740606,11150352,7660641,6453952,4543272,6814531,4043315,3130665,12507712,5925886
65,000401,2018-03-28,0.047583081570997,0.0558912386706949,0.2346784555230795,74200.0,338159.922841579,3189,246485645,326607375,883880,959633,11900814,12132415,20227498,17041132,34820924,40644830,29239673,32286288,29914386,32619729,22947227,22521297,96551243,168402051
66,000402,2018-03-28,-0.008179959100204526,-0.002044989775051076,0.22823816469343475,10736.0,64746.80733247649,1839,39985176,24691431,2084361,1558259,9946723,4433652,13341557,6560283,7074371,4744086,2398937,2225646,1408736,2335596,875400,1813555,2855091,1020354
67,000403,2018-03-28,-0.003919007184846501,-0.004572175048987659,1.9771561965571376,18366.0,94504.88603725961,239,7573460,5369153,142472,245810,948827,1113867,1362019,1031144,1724164,1008102,276930,1474350,1359368,0,456900,495880,1302780,0
68,000404,2018-03-28,0.008960573476702427,0.016129032258064502,0.2402111568990968,11140.0,60805.123161779105,539,7817103,8853027,468736,484085,1968019,2726013,1237442,918039,2540879,1771330,906927,814314,695100,696366,0,876880,0,566000
69,000407,2018-03-28,0.006896551724137945,0.012068965517241459,0.1956893241554965,8820.0,84585.22964234442,879,14467280,15273598,1067001,774615,3091757,2459956,2382556,2213993,3329011,3607736,2466715,2555554,682360,0,859880,0,588000,3661744
70,000408,2018-03-28,0.005699810006333239,0.006966434452184922,0.4312144643900884,14593.0,67685.9377859163,1342,23364705,22831429,1127359,1059539,5429289,6170705,5748511,4513921,5800413,5810355,1758185,1444106,1675074,1037637,483774,454212,1342100,2340954
71,000409,2018-03-28,-0.015000000000000013,-0.0050000000000000044,0.16504275032387908,12040.0,58348.43285090043,1324,22122007,19068568,988454,1292202,5674336,6654341,5327974,3643103,5072642,1971002,2101138,1929292,1765122,1604382,0,1332846,1192341,641400
72,000410,2018-03-28,-0.014851485148514865,-0.007920792079207928,0.20408193837640823,25250.0,152034.8057768876,2453,92715187,73827170,1207905,1634847,10710671,12826926,13524320,13506259,17296983,14431090,9283278,8048039,6891327,6335175,8763058,1660070,25037645,15384764
73,000411,2018-03-28,-0.02556053811659198,-0.009417040358744466,1.6910469362852418,15400.0,43625.626031240645,173,2921435,1696598,88329,130704,943338,860814,530382,594830,533486,110250,440900,0,385000,0,0,0,0,0
74,000413,2018-03-28,0.018543046357615944,0.02516556291390737,0.13430742931974535,38454.0,210622.4330271686,3167,120983447,174834217,1579977,1297377,14817102,16984508,19435209,24502150,26534956,26862232,12959511,16745836,10105027,13998675,6700782,8962594,28850883,65480845
75,000416,2018-03-28,0.010600706713780772,0.0176678445229681,0.21737935482406137,10188.0,44357.849259485294,678,7801029,7559637,564261,615768,2761214,2772952,1706608,918042,1805351,1226784,571203,1002551,392392,1023540,0,0,0,0
76,000417,2018-03-28,-0.009358288770053513,-0.004010695187165791,0.24918129201740583,2988.0,31474.501873787347,902,7594529,4705040,870986,933861,2346822,1890359,1585119,1603274,1429462,277546,289340,0,1072800,0,0,0,0,0
77,000418,2018-03-28,-0.038518518518518396,-0.04148148148148145,1.5496214627695153,25800.0,164543.39449505106,1903,63033977,53485920,1715621,1004859,14421457,7397411,8658194,6876086,8216030,7197617,4722029,4754057,4521794,4940316,2166409,2694193,18612443,18621381
78,000419,2018-03-28,-0.007194244604316502,-0.0017985611510791255,0.26308720825035503,11665.5,55494.43248023575,446,7709144,5892424,278686,440897,1969344,2166304,1614461,1848559,2331939,1436664,266361,0,0,0,0,0,1248353,0
79,000420,2018-03-28,0.007168458781362075,-0.0035842293906810374,0.11816965676175469,5580.0,40556.24346046847,558,6517237,4998262,379781,558222,2710059,1252175,1869243,664711,770860,1385498,433678,735668,353616,0,0,401988,0,0
80,000421,2018-03-28,-0.005617977528089901,-0.0037453183520598232,0.2158557761379142,6426.0,50404.01416895193,612,6609388,5416958,398287,906056,2226528,2183808,950063,676183,1468001,819899,741988,0,0,315168,0,0,824521,515844
81,000422,2018-03-28,0.006535947712418277,0.009803921568627416,0.10557477685530935,2464.0,55234.75743464744,842,8908877,5827249,712600,710999,1901451,2083867,1201754,1252472,1780788,876241,228536,475821,366828,0,1792920,427849,924000,0
82,000423,2018-03-28,-0.003453379378391741,-0.0001644466370663844,1.283056222196292,30542.5,132106.70906100783,2246,94773468,60061638,932683,1090750,12978906,11883834,17600491,10654742,21775847,13013291,10203686,7108046,8643726,4303745,2589707,2204566,20048422,9802664
83,000425,2018-03-28,-0.023017902813299296,-0.020460358056266004,0.07117009996354014,25212.0,202781.15599352113,3045,145903744,90636275,1340821,2095030,13365838,14020439,19401165,14739949,28051806,17241356,20974048,10081813,7928433,5993650,6618249,1326500,48223384,25137538
84,000426,2018-03-28,-0.0031746031746030523,0.007407407407407529,0.2129260163304454,10560.0,104358.82612332594,1973,48157453,28647365,2022963,1590458,8442405,7433407,8318971,5723925,9054810,5505184,4167913,1662971,2488920,2389154,2229119,0,11432352,4342266
85,000428,2018-03-28,0.0026109660574411553,0.0026109660574411553,0.13966197824451704,2688.0,54846.944373066384,753,7007199,4807131,894473,734086,1311933,1080284,463650,648708,1424734,1145128,512940,214716,688544,360403,0,0,1710925,623806
86,000429,2018-03-28,-0.004975124378109319,-0.0024875621890546595,0.22432338932690976,9278.0,120311.68063156465,1286,34902450,26302995,1063024,1249710,2790932,3773762,9101300,4031697,6160443,5995780,6122809,2471101,1689762,964308,2501792,1293310,5472388,6523327
87,000430,2018-03-28,0.021052631578947434,0.03157894736842093,0.24678410955018235,14088.0,116704.07522848215,1202,24648409,25257637,1310746,1158294,5971926,4763298,4693364,4027595,6559891,3373367,2485023,2240847,1774098,1637685,1853361,1317504,0,6739047
88,000488,2018-03-28,0.0005807200929153211,0.005807200929152323,0.3420715773094458,31068.0,314280.60525215854,2535,128065736,136356325,1248615,1238099,10968402,13282422,13012639,12469854,14844185,20410231,10724342,13250695,8658376,17111519,8668874,7929923,59940303,50663582
89,000498,2018-03-28,-0.013050570962479635,-0.01631321370309946,0.2389027611626096,6070.0,52136.587339990576,658,10166466,5476835,445812,724627,1794603,2372333,1947512,867683,2359986,947818,2344104,234166,670449,330208,0,0,604000,0
90,000501,2018-03-28,-0.007189542483660216,-0.009803921568627527,0.37826509154236776,10605.0,64200.61119886803,1639,29290846,18912361,1667842,998055,7671432,4293115,5161725,3398097,7170498,5249602,2672257,1323979,694898,1370718,2183617,461100,2068577,1817695
91,000502,2018-03-28,-0.00909090909090915,0.005681818181818121,0.42666645400802083,4425.0,22026.54726570692,425,2203341,2535853,263746,585685,797030,1006854,868492,608110,274073,102004,0,233200,0,0,0,0,0,0
92,000503,2018-03-28,0.012814070351758966,0.008793969849246297,0.8597750117432328,40395.0,269482.22285221226,2144,139960163,124905233,832291,989685,10482631,10889243,9831892,11702241,14446382,19442509,17036088,20002459,11979571,6301661,17253435,10883633,58097873,44693802
93,000504,2018-03-28,0.0193965517241379,0.018965517241379404,1.1347183579905882,14118.0,116825.00061552193,419,9549133,10814731,218288,467122,1495326,1743764,1183322,1183226,1080460,1703150,672875,1590104,1058080,1378586,0,1438448,3840782,1310331
94,000505,2018-03-28,0.031515151515151496,0.036363636363636376,0.20076581398306453,18964.0,80449.56611622935,1692,41019787,37559468,1275922,1631102,8484525,7640922,8237678,9070789,8521842,7512960,5425651,4283129,3456146,2581361,2253864,2161932,3364159,2677273
95,000507,2018-03-28,0.04327485380116958,0.05146198830409343,0.16997020078046648,25288.0,151869.50185651492,2535,84718271,94422150,2060767,1873693,14659653,10548749,12786183,11870601,16768686,15881464,10482731,9517810,5473136,9263378,5209197,5871449,17277918,29595006
96,000509,2018-03-28,-0.0076142131979695105,0.0050761421319796,0.09708489511469143,10296.0,99263.62606853626,1653,33069420,28141829,1676007,1488513,6729883,7061984,4397989,4613702,4579860,4209207,2149026,3245584,3044718,2854785,3339468,1743809,7152469,2924245
97,000510,2018-03-28,0.0,0.007727975270479082,0.22353066134673025,4595.0,31839.642168338243,838,6078387,8109007,600971,1068441,2272709,2731906,1224837,2094216,1979870,1427645,0,438188,0,348611,0,0,0,0
98,000513,2018-03-28,-0.04219756130976848,-0.033155226743389554,1.308113304063692,72695.0,247877.28075384986,3116,264919620,165918056,580445,656839,13735581,11965315,28012634,21191687,49667659,33865871,26902683,26331249,24336766,18879154,19116072,11354814,102567780,41673127
99,000514,2018-03-28,0.01729559748427656,0.014150943396226356,0.24149973906639838,10863.0,49014.84342593052,694,8954084,8444584,610434,614131,2963553,3206976,1703132,2533050,1391622,565270,953271,463072,317500,651205,0,410880,1014572,0
100,000517,2018-03-28,0.01538461538461533,0.025641025641025772,0.08597169886565928,15600.0,87095.895800481,2068,38475068,53977494,1660755,1624039,8133697,9725617,8104596,8442987,8410797,12687672,6036045,9009800,2015505,3401076,826906,2180491,3286767,6905812
101,000518,2018-03-28,0.037735849056603765,0.046312178387650116,0.16534543935375406,8060.0,48475.752184454985,1246,13681320,14975699,1027322,1570314,4579473,5468841,3264403,3708582,2575399,2775750,228290,432490,1039473,323642,0,0,966960,696080
102,000519,2018-03-28,-0.02857142857142858,-0.016931216931216908,0.17299501546268942,43569.0,222707.8019049515,2989,159722540,113497316,1112424,1551310,13494609,14605271,21510324,19303485,38399330,27112367,23898416,18078594,10086244,10387634,9706943,4756026,41514250,17702629
103,000520,2018-03-28,-0.0030674846625766694,0.0,0.11159644326889838,8175.0,99428.64608820382,855,16351659,13624025,742053,777045,2799037,3061814,2512070,2062557,3189890,2923758,2181671,929152,1298003,0,452241,491999,3176694,3377700
104,000521,2018-03-28,0.009638554216867545,0.012048192771084265,0.14980556517289614,4180.0,72130.77006086866,768,8874636,10589200,673183,497768,2457829,1988038,1563650,1172434,2047796,2384871,437382,0,727047,324660,400581,2112575,567168,2108854
105,000523,2018-03-28,0.02706359945872805,0.03924221921515558,0.24816317814219815,11760.0,73003.17217655777,891,16788287,14833772,763476,985544,3386432,3419248,4542969,2980201,2718978,2604757,1127444,1940284,1654321,1491580,0,1412158,2594667,0
106,000524,2018-03-28,0.010427528675703845,0.008342022940563076,0.28641461727664297,3896.0,17108.468648662096,1123,4574013,5267303,1392643,1720952,2411533,2019285,633617,834259,136220,424117,0,268690,0,0,0,0,0,0
107,000525,2018-03-28,-0.010185185185185297,-0.00462962962962965,0.6040377461499935,21400.0,136634.16391320256,1279,49268916,22982921,616040,894428,5536730,7037001,4546790,4130083,8680038,5493661,6684408,2397005,4798845,631274,1290193,485099,17115872,1914370
108,000528,2018-03-28,-0.01927710843373498,-0.001204819277108582,0.17702903150373664,15003.0,112027.30117348956,2202,59915054,44560182,1887256,1799032,10385832,9503240,8548484,7755490,8437427,9478615,7778956,5203223,4875098,2983731,1779562,1728596,16222439,6108255
109,000529,2018-03-28,-0.004754358161648042,0.0,0.30657789381173584,10192.0,47042.99153634017,423,6886661,4624998,454246,338544,1856446,1431534,1383758,1184070,2217950,1087230,238760,257280,318903,326340,416598,0,0,0
110,000530,2018-03-28,0.0,0.007920792079207928,0.13947013212477297,9162.0,52725.51698572437,1313,21267204,13448827,1356757,826303,6093887,3673685,4038160,2688964,5785765,3147093,1232921,1951581,791698,645596,868654,0,1099362,515605
111,000531,2018-03-28,0.004411764705882337,0.00588235294117645,0.2891547723277352,2740.0,20902.300158853657,553,2742463,2683235,556273,708185,888318,773543,804647,561198,493225,640309,0,0,0,0,0,0,0,0
112,000532,2018-03-28,-0.050234427327528475,-0.02746148693904893,0.2684477355131536,57447.0,292249.1150932401,3105,250830456,185155390,933502,1222963,12542925,11978357,17816809,15912366,36040280,34300545,28881789,30670614,23100790,18109331,23153735,15724868,108360626,57236346
113,000536,2018-03-28,0.01526717557251911,0.01526717557251911,0.11396950099576048,3200.0,48302.36997072592,1192,8837160,14851053,455017,1303569,2574641,3923528,1470114,1815790,2930012,2734968,238004,2717448,1169372,2355750,0,0,0,0
114,000537,2018-03-28,0.008163265306122325,0.018775510204081636,0.2973655007263677,16016.0,92862.15617365109,1701,38278365,38078255,1395689,1293567,7435267,8668483,7020022,7377065,5872344,5411830,4980821,4442889,3261326,3445859,1690032,1317411,6622864,6121151
115,000538,2018-03-28,-0.012273524254821644,-0.023865186051042264,2.2231677605651674,50000.0,232292.6186723104,2136,150995734,101932346,265069,420369,7017991,10696485,8530978,12671437,20982583,24443169,13190932,18485066,9350708,6566387,19935924,3090410,71721549,25559023
116,000539,2018-03-28,-0.0022371364653243075,-0.004474272930648726,0.23535607217549442,4450.0,35425.38449387121,360,3690647,2439139,434199,325189,1455144,755817,626757,422339,918138,458309,256409,477485,0,0,0,0,0,0
117,000541,2018-03-28,0.0011737089201877549,0.0,0.21640606535359713,9372.0,45511.48631574388,1557,18451461,12888059,2158865,1352044,7103049,3245547,2727998,2256655,3721411,2824292,524508,796544,699868,2412977,881889,0,633873,0
118,000543,2018-03-28,-0.008350730688935326,-0.0041753653444677186,0.13784796976719152,9570.0,74501.84861693082,1210,18206271,20284985,1060462,839140,5394387,4112620,3178355,5038981,3364278,2436697,1918438,2110869,727225,2069545,0,1289964,2563126,2387169
119,000544,2018-03-28,0.009636767976278549,0.015567086730911672,0.41453566496382704,13860.0,50635.57514172855,1059,13504434,21652857,868628,1035791,4934069,5623137,3355405,5312286,3527559,4661227,487398,3003463,331375,654192,0,827291,0,535470
120,000545,2018-03-28,0.002336448598130758,0.0,0.15395225398191156,8580.0,71896.13895545155,773,14040719,8314250,740974,871200,2956476,2648854,2594735,1901424,2020804,1247146,1679815,951410,657366,694216,926192,0,2464357,0
121,000546,2018-03-28,0.01953125,0.02408854166666674,0.4185907719341439,14130.0,89660.92040214401,1350,24637282,27756052,1416203,948597,5924958,5888678,4619319,4126004,5680062,3945600,2971881,3072277,350760,2385694,1807419,2686699,1866680,4702503
122,000548,2018-03-28,-0.0032206119162639935,-0.0016103059581320522,0.2579734012873386,9920.0,70260.59630548663,579,12851430,5549897,574315,643209,2533758,2219443,1610768,972503,3211397,905034,948378,487730,770586,321978,861316,0,2340912,0
123,000550,2018-03-28,-0.04746835443037978,-0.03417721518987349,0.3460913734864889,18300.0,123421.54296253328,2085,60397178,46009061,1287544,1932905,9805524,10617427,10141903,10773654,11599554,8165723,8659710,4794923,3503098,3705924,4906447,1367902,10493398,4650603
124,000551,2018-03-28,0.020804438280166426,0.020804438280166426,0.25634284281567676,7320.0,54269.47951959211,791,8969016,11321100,1044947,466693,2579843,2978606,1952963,2011333,2025156,3117215,648023,717677,718084,367000,0,472605,0,1189971
125,000552,2018-03-28,0.0,0.002915451895043608,0.08032783392482112,4140.0,46474.83524336764,1833,11356975,12952627,1503547,3097212,3452922,3312409,1038724,1589164,373542,924495,2000955,1430731,694140,1349000,446512,442880,1846633,806736
126,000553,2018-03-28,0.007851534618129818,0.010706638115631772,0.3754458101653503,8544.0,103521.33286535401,1393,18870203,21633771,1143253,1918855,4924954,5169558,3682085,2956991,4128174,3121187,1133782,1841728,988923,358596,1347818,475278,1521214,5791578
127,000554,2018-03-28,-0.02602739726027392,-0.002739726027397249,0.20520928538806588,14650.0,79177.72224004798,1266,33105448,20692701,1047185,1248789,5880692,5024035,6296255,4891166,7161430,5650079,3394326,1695884,3871214,1018248,1256300,451290,4198046,713210
128,000555,2018-03-28,-0.0635110844817256,-0.019173157579388866,0.28581418717802537,79289.0,360500.9202877357,3423,323195013,247348165,767801,839042,12647476,12158126,25552415,21436244,48940761,36771570,34106226,28445817,36393069,23156333,27590421,18616027,137196844,105925006
129,000557,2018-03-28,0.036117381489842115,0.040632054176072296,0.13096373902675848,10350.0,109993.78780585303,1147,19206996,24570362,957793,1103109,4870050,4375656,2982695,5018739,3101312,3515174,3072700,2613321,2150670,2057938,439407,1350109,1632369,4536316
130,000558,2018-03-28,0.0,0.004608294930875667,0.1321699191084975,9177.0,51079.14532556737,1080,15378870,13274063,1005116,1209701,3959965,4888299,2318232,2385063,2108384,3265056,3350261,867098,1297715,658846,1339197,0,0,0
131,000559,2018-03-28,-0.0035714285714286698,-0.0035714285714286698,0.2427386555813636,10868.0,73803.56752538629,1198,23341998,14892306,1099290,1254122,6479215,4104894,3417222,3279193,3745787,1866196,981677,1704005,3106838,721952,1302042,0,3209927,1961944
132,000560,2018-03-28,0.0038461538461538325,0.011538461538461497,0.2589481017571606,11060.0,53434.65004835596,908,9230169,7751883,876582,797230,3265345,4739552,1554566,1651777,687426,563324,1451305,0,0,0,0,0,1394945,0
133,000561,2018-03-28,0.0013531799729364913,0.0027063599458727605,0.24995394561372275,10020.0,34858.49270142006,874,11126334,8610201,848508,965844,3657542,4101066,2871126,2653675,1822919,682519,1565119,207097,361120,0,0,0,0,0
134,000563,2018-03-28,0.0025706940874035134,0.007712082262210762,0.10124005527223998,5089.5,49080.09972237891,1482,12523826,14179113,1095180,1488306,4045971,5710352,1716279,1767769,2075246,2003591,704150,1730220,640136,333657,496179,0,1750685,1145218
135,000565,2018-03-28,-0.017142857142857126,-0.008571428571428563,0.1883543194011797,13900.0,70057.75208419937,1383,29553410,20319281,1127718,1278857,6565081,5961747,5865574,4632259,6162031,3283858,3282249,1941444,1042644,1370304,1848211,1850812,3659902,0
136,000567,2018-03-28,0.051851851851851816,0.05514403292181069,0.6800727724713069,22446.0,136483.97153567206,1277,36129579,45719704,934057,725220,6173790,5555462,5574795,6028035,7583726,8336847,3597125,6747107,2038506,3016668,2091035,3548016,8136545,11762349
137,000568,2018-03-28,-0.04829699044872948,-0.043251036222742845,0.9674150382245776,74480.0,394401.0720609377,3296,275764555,294258071,286229,802848,10632814,15886099,17459069,28114174,39647988,48917818,28867341,31435575,22175093,19276248,15758564,10570535,140937457,139254774
138,000570,2018-03-28,-0.0019646365422396617,0.0019646365422396617,0.3145960423106035,5610.0,30441.62637225336,261,2850625,1870490,172276,327282,509770,837070,970748,399190,1197831,100548,0,206400,0,0,0,0,0,0
139,000571,2018-03-28,0.05251641137855567,0.024070021881837933,0.12538189417118395,2360.0,59179.38235700623,1331,15280165,14540701,981983,967154,3523560,3615920,2485453,2698103,2498023,2725516,1228043,2780748,713414,646194,2765295,400332,1084394,706734
140,000572,2018-03-28,0.020942408376963373,0.023560209424083878,0.10861808993744175,7056.0,71135.88596233494,1241,14806690,19213987,907856,1532598,3334504,3968200,2535165,1874908,3484332,5064357,1614636,992166,362066,2449153,476629,1307840,2091502,2024765
141,000573,2018-03-28,-0.006451612903225823,0.0,0.21439124446660232,3279.5,25740.533709189738,470,3787497,3060443,320151,779438,1140899,1279821,1244017,852348,1082430,148836,0,0,0,0,0,0,0,0
142,000576,2018-03-28,0.0034756703078451245,0.0024826216484608032,0.8061061410309077,16152.0,245635.35601004335,624,10009619,19365376,231175,697121,2557177,2915257,2322186,3579726,1206383,3345399,298116,890800,0,657318,0,421824,3394582,6857931
143,000581,2018-03-28,-0.01968680089485464,-0.011633109619686888,0.4762379040421087,28600.0,137475.18960909112,2203,73423085,58152313,947934,1470997,15576652,10988027,13410609,10316876,11522701,11227348,6901106,7948569,2368817,3093264,3510790,1889838,19184476,11217394
144,000582,2018-03-28,-0.00356718192627814,-0.0023781212841854638,0.31776123079431573,8410.0,46966.95792926401,700,8609837,7422617,655836,748200,2726153,2726566,1473236,2118377,2046177,569801,1169601,284258,0,0,0,417136,538834,558279
145,000584,2018-03-28,-0.012091038406827903,-0.007823613086771042,0.5311073289815903,28080.0,58838.559005153074,700,19215202,11959833,313461,293465,8513712,1964399,4595816,3459076,2065851,3772622,915476,1728775,1042098,741496,1251900,0,516888,0
146,000585,2018-03-28,-0.017804154302670683,-0.011869436201780381,0.12324655382936499,5010.0,64786.03714214232,749,9420790,7122825,565635,914802,1978543,2268075,1889750,1554774,963446,298543,1488293,263860,1412224,352800,497640,465386,625259,1004585
147,000586,2018-03-28,-0.006206896551724128,-0.006206896551724128,0.5555764340642203,10136.0,47533.68152666497,681,6860733,7447049,616933,847112,3431949,2341967,759388,1400328,1503622,1344730,548841,209670,0,0,0,446292,0,856950
148,000587,2018-03-28,0.008595988538681931,0.011461318051575908,0.18828706214562516,13705.0,154221.110780794,1376,37817898,36539377,1362838,740340,6618091,5158504,6827440,3112305,7323055,5048116,2753414,3839852,4574617,3163437,1311272,2323756,7047171,13153067
149,000589,2018-03-28,-0.004830917874396046,0.0024154589371983004,0.17632178137816928,2484.0,23505.958354998616,551,2806326,2692051,234734,929652,1150278,1099983,390361,351862,575001,310554,455952,0,0,0,0,0,0,0
150,000590,2018-03-28,0.01303214596003488,0.009556907037358675,0.6419071157851125,8141.0,44940.86436404686,321,4420888,2230637,199168,267783,1476332,1000871,727883,351346,954969,347497,257676,263140,331580,0,473280,0,0,0
151,000591,2018-03-28,-0.00638297872340432,-0.0021276595744680327,0.12001679077499136,3297.0,38388.11387886555,1538,13757956,10065748,1354322,1611209,4612377,3807061,1973165,1466440,2598388,2096875,1436239,478213,386925,605950,1396540,0,0,0
152,000592,2018-03-28,-0.021077283372365363,-0.004683840749414414,0.11383138174992691,12900.0,99466.91169032585,1412,36032122,27650235,872078,1733749,5057339,5990845,4545937,3677483,5924282,6773184,4894578,5100422,3313809,618416,3934339,888121,7489760,2868015
153,000595,2018-03-28,0.006976744186046657,0.009302325581395321,0.21091889043488918,7378.0,41221.15454590515,415,5583126,3625131,332809,385066,1722745,1428373,743175,1134364,1276767,677328,1143971,0,363659,0,0,0,0,0
154,000596,2018-03-28,-0.002072538860103612,-0.030569948186528473,1.2518891610966265,17025.0,116069.42455648343,2143,57773647,40773074,1799677,1831248,10479454,9471200,9659765,6387736,8867384,7893592,6431342,3554089,2379348,2038784,1846314,1311590,16310363,8284835
155,000597,2018-03-28,0.008999999999999897,0.008999999999999897,0.25232747185193855,8080.0,87580.96888562768,1573,25985721,20226183,1954938,878109,5460221,6008900,4817967,3913711,4742761,3387566,2860334,1180086,606900,706191,0,0,5542600,4151620
156,000598,2018-03-28,0.03462321792260692,0.016293279022403295,0.11688249377603947,14940.0,115441.94696573296,1769,34189507,50684599,1182523,1537633,6302901,9430966,5570620,10092013,5874481,7845292,3797882,7423935,1863996,4452098,474176,415830,9122928,9486832
157,000599,2018-03-28,-0.006837606837606813,0.0,0.2812171019854128,9368.0,30695.75226585298,432,4574942,4087678,376698,499109,1804912,1630058,1258374,1067753,841958,890758,293000,0,0,0,0,0,0,0
158,000600,2018-03-28,0.03432835820895508,0.05373134328358198,0.13429481583293737,21856.0,133709.8546454375,2497,70630765,96222146,1639565,1912956,11370019,10967191,12303285,11556297,14346397,17495703,9516549,11545531,5681030,7851194,5694894,5517664,10079026,29375610
159,000601,2018-03-28,-0.007194244604316502,0.0057553956834532904,0.2733652938010246,2802.0,65819.55287889954,646,3853256,6051806,406883,938653,999361,961691,809021,1078178,982074,786731,655917,452223,0,378700,0,0,0,1455630
160,000603,2018-03-28,-0.012334801762114433,-0.009691629955947079,0.37229368895896414,11400.0,64892.14501811165,929,20957638,10929345,558287,878954,4219597,4463794,4134277,2477113,4185140,1546896,2929752,422355,1468452,637428,2279744,0,1182389,502805
161,000605,2018-03-28,0.11992263056092844,0.11992263056092844,0.38680864850496116,21424.0,212447.9481420806,1610,53401458,40388410,1620299,663221,10367772,6070302,8626842,7181874,9557925,10958738,4319334,5631929,3470900,1968535,961893,2630444,14476493,5283367
162,000607,2018-03-28,0.0019193857965451588,0.01343570057581589,0.1928510334711811,3138.0,36882.015350337664,730,3030912,6082528,405304,946189,1327312,2153391,1026065,1008861,272231,926620,0,244379,0,0,0,0,0,803088
163,000608,2018-03-28,0.021705426356589008,0.018604651162790642,0.28515669661970383,9855.0,64742.872741735635,511,8707014,6881651,511132,433267,2223900,1761480,1655265,1559409,1763679,2144345,257796,983150,1327322,0,0,0,967920,0
164,000609,2018-03-28,0.0,-0.0033783783783785104,0.4059944281969466,8820.0,42892.41436238578,478,6523785,3964944,376590,486925,1830900,1559004,1824379,1167125,1248476,370050,439619,0,335661,381840,468160,0,0,0
165,000610,2018-03-28,0.009287925696594312,0.01754385964912286,0.35683762423485166,8703.0,35062.42274032635,737,6661847,7113037,834385,1204369,2226616,3127675,1847541,1282520,1514703,321181,238602,735884,0,0,0,441408,0,0
166,000611,2018-03-28,0.00274348422496562,0.005486968449931462,0.40082825291878404,4419.0,34582.133820307026,330,3593446,1607583,263789,313246,1235442,970317,871927,205940,563532,118080,217156,0,0,0,441600,0,0,0
167,000612,2018-03-28,-0.013054830287206332,-0.0026109660574412663,0.17230964812818614,5313.0,20568.25381167786,1984,13875507,10950977,2530316,1383698,6520839,6664183,2482332,2181860,1839425,721236,502595,0,0,0,0,0,0,0
168,000613,2018-03-28,0.10923423423423406,0.10923423423423406,0.2011490561902491,25610.0,344257.3057272032,1953,132194565,48323192,2054699,723548,12845429,5366953,13057702,6086888,15468409,9546221,9653652,6724642,5347768,5729984,8623157,4457273,65143749,9687683
169,000615,2018-03-28,0.08125000000000004,0.09375,0.16458940948561424,79682.0,522048.52940060454,3416,319946362,346518105,865080,815630,12523575,11550877,23946702,18342306,45985000,41309806,36653474,36286628,28383030,30093718,21606070,20370086,149983431,187749054
170,000617,2018-03-28,-0.0007462686567164534,-0.005970149253731294,0.5069921035827825,4008.0,48732.14564055825,698,7208483,4708930,827951,525432,2225734,1709013,1606766,935065,1206036,698550,432276,0,0,309540,0,0,909720,531330
171,000619,2018-03-28,-0.004213483146067398,-0.004213483146067398,0.3063229079531922,2832.0,46459.96172380731,540,4716038,3216889,449202,609359,1368380,1204192,1179537,717994,233149,108324,415716,0,393000,0,0,0,677054,577020
172,000620,2018-03-28,-0.012841091492776902,-0.0016051364365972098,0.1534541379060162,12500.0,89500.99821864141,1652,35408573,22225284,1736380,1435350,9103449,5568668,6460496,5212127,7623953,3619116,4326775,876274,1310769,1700842,827630,405720,4019121,3407187
173,000622,2018-03-28,0.0023148148148146586,0.004629629629629539,0.18474927736195382,2165.0,22952.329173043127,547,1888650,3087715,225329,998476,1027523,1020549,501208,327692,134590,0,0,740998,0,0,0,0,0,0
174,000623,2018-03-28,-0.002955665024630627,-0.0009852216748768017,0.5080748388120673,20375.0,132887.99204977936,1596,51312914,44572954,822786,880247,8578944,7861150,6401314,6971521,11437728,7403599,8107739,6845552,6169721,4108539,2295113,1625785,7499569,8876561
175,000625,2018-03-28,-0.008071748878923701,-0.0053811659192825045,0.2548432953705968,17808.0,88436.4340038128,1915,52792708,37206306,1285582,1733763,8777780,7870858,12584261,6436438,12346541,10388762,4398220,4421408,4118737,1428118,2244344,1758248,7037243,3168711
176,000626,2018-03-28,0.015530629853321765,0.025021570319240904,0.32715020197970424,12771.0,64412.26286163329,1256,19152787,22221441,968180,939929,6223412,4734923,4095048,5804950,3166822,4756774,2369302,1907150,997020,754698,0,952000,1333003,2371017
177,000627,2018-03-28,0.00654450261780104,0.01308900523560208,0.18765213825562463,9300.0,98664.64131167642,1661,30919753,24900866,1471041,1547821,7116826,6035810,4888855,3888057,4221476,2853039,2447211,1190917,3245753,1330588,448193,969354,7080398,7085280
178,000628,2018-03-28,0.014412416851441234,0.0011086474501107446,0.2395118308124037,13725.0,92010.17719581972,1419,28197994,29200380,1034624,1796139,5344002,7140363,6200915,5374453,6277335,5431339,1928711,3340468,715596,2857824,1374154,1815536,5322657,1444258
179,000630,2018-03-28,-0.007575757575757569,-0.007575757575757569,0.05785212418554551,6312.0,111349.82753359276,2109,34031768,24959198,2553501,1747198,6032018,6333345,3939726,3219146,3310953,2677522,4656496,982354,1405982,381613,962580,1321049,11170512,8296971
180,000631,2018-03-28,-0.004938271604938205,0.0024691358024691024,0.11602726358597676,8200.0,43332.93219874416,1221,14089630,8685726,1445211,529875,7406998,1852492,2029822,1792053,1733633,1534580,713408,750323,305250,692899,455308,878424,0,655080
181,000632,2018-03-28,0.021126760563380254,0.021126760563380254,0.22312518479354718,3480.0,79697.09788571538,649,7582637,11605245,270638,851743,1764709,1254542,1381786,1064310,1505429,2469432,248975,2904728,685948,1292850,0,1767640,1725152,0
182,000633,2018-03-28,-0.009708737864077666,-0.01456310679611661,0.32488796529264385,4035.0,56156.51543615546,643,7092820,5381396,223088,1142909,1120149,1859866,538023,1167848,1909246,120690,953251,759659,703208,330424,835855,0,810000,0
183,000635,2018-03-28,0.02078337330135893,0.02078337330135893,0.36481248355601475,10184.0,59304.66534057861,1177,16033187,17145069,990292,1312334,3909093,4601078,3041528,4376375,3935257,3531845,1889333,1292222,322816,1010399,895589,0,1049279,1020816
184,000636,2018-03-28,-0.0028901734104045396,0.005780346820809301,0.24571560306719054,73008.0,348783.514810024,3178,294192345,246463298,885630,979386,13076804,10533116,18991007,20330750,39886755,35831847,33484527,32123881,25173581,35102232,21405641,22532674,141288400,89029412
185,000637,2018-03-28,-0.001848428835489746,0.003696857670979492,0.2074429044514814,10780.0,66216.96874046087,680,11415763,8750423,588165,592841,2954368,2996566,2449478,1317566,2647255,2640103,1139657,757563,380800,0,0,445784,1256040,0
186,000638,2018-03-28,0.02366863905325456,0.02721893491124261,0.2573461440798032,11180.0,51999.03035750278,1079,14010054,15977480,1165255,1191383,4710092,4873065,2170315,4040568,2673103,4090922,1265395,940181,353199,330109,403211,0,1269484,511252
187,000639,2018-03-28,0.0026648900732846315,-0.0013324450366422047,0.42238472983959485,7445.0,37977.59597432584,1263,15402253,10290078,1371194,1634232,4790513,3557138,3988710,2766763,2522128,1675140,1365667,0,914949,656805,449092,0,0,0
188,000650,2018-03-28,0.011976047904191711,0.007984031936127733,0.15578462744505578,12096.0,59494.24550325067,1035,16320842,14767790,985014,680132,4499226,4791396,3053675,2915912,3030039,3188355,1798321,2220522,605652,0,431800,457884,1917115,513589
189,000651,2018-03-28,-0.031702127659574475,-0.026170212765957435,0.7833365479998232,597360.0,1390656.414394974,3601,1715396540,1678767697,18386,27344,542181,632327,4369487,3570271,24972040,28735754,37517773,48790100,56628004,61310601,53621715,65378020,1537726954,1470323280
190,000652,2018-03-28,0.0045045045045044585,0.009009009009008917,0.1140227665344794,7838.5,91303.58639904704,1522,24967912,20095518,1268021,1598305,5200675,5210045,2806566,3249068,3992444,2316281,2195230,1836555,2790787,999924,419686,860838,6294503,4024502
191,000655,2018-03-28,0.05096660808435849,0.005272407732864526,0.1261468207160932,11280.0,86053.19906439092,2040,37154775,29683460,2086964,1699157,8886693,7781231,6895091,7138526,8343632,5592047,3905302,2064476,2450035,1680515,931962,421047,3655096,3306461
192,000656,2018-03-28,0.009345794392523477,0.009345794392523477,0.1269132730635616,10700.0,143777.43194587505,1782,41804930,44791210,1724495,1190241,6791716,6545131,5909054,5616389,6915977,7603194,4175450,4172389,2150724,2370260,3077787,2257588,11059727,15036018
193,000657,2018-03-28,0.009345794392523477,0.010280373831775824,0.30845107011743883,4304.0,47086.05454781366,1204,8263183,10352440,795033,1861139,2557879,4081187,2063739,1196629,1084512,600495,0,1154922,370220,629853,0,0,1391800,828215
194,000659,2018-03-28,0.01072386058981234,0.013404825737265424,0.1553903784179095,14080.5,89222.97915743904,576,12080608,10615799,430527,370176,2367808,2219171,1882199,3094021,3755194,2851197,1562632,1698954,377000,382280,0,0,1705248,0
195,000661,2018-03-28,0.009832338732594481,-0.0034100596760443525,3.9019502891308764,53421.0,320934.91811240977,2039,109715080,165398846,25068,354,7664532,10662680,13567712,17933177,19929599,26512888,10622025,11699199,8979206,12062187,6726429,11231303,42200509,75297058
196,000662,2018-03-28,0.036949685534591215,0.028301886792452713,0.3760160959614794,11727.0,68897.55167400221,1145,18186157,22546654,928923,1285369,4261408,4493697,3486794,4042089,4312876,6136532,2327145,2369602,1857926,1730689,479136,489928,531949,1998748
197,000663,2018-03-28,0.007475083056478482,0.01744186046511631,0.2697302071392794,24430.0,87675.11338986651,1994,53520823,52763384,1223028,1481861,9046757,10505993,11263805,9799592,16124040,12071503,6769869,6684128,4573943,4358894,2139876,2646263,2379505,5215150
198,000665,2018-03-28,0.007920792079207928,0.006930693069306937,0.3173010541333409,20300.0,96391.11142603353,1013,31783474,21771061,496326,760155,4693892,4089514,5406253,3832899,8721129,4354244,3527054,4248077,2018739,924456,2263057,408576,4657024,3153140
199,000667,2018-03-28,-0.003436426116838587,-0.003436426116838587,0.0860995403599723,4656.0,83811.55786702018,1148,12788944,8946875,1102319,1703791,1909288,3544838,1269267,928933,1600179,1378040,708474,0,666099,0,467928,1391273,5065390,0
200,000668,2018-03-28,0.015067406819984308,0.006344171292624878,0.894235146248481,8872.5,24139.73295915421,198,1656387,1563608,83821,216101,579408,761873,615595,585634,377563,0,0,0,0,0,0,0,0,0
201,000669,2018-03-28,0.00629496402877705,0.00899280575539585,0.35151056553815335,6744.0,52008.885943956026,1001,8590245,11119775,936138,1624521,2437947,3072902,1716744,2328891,1675674,2138035,718832,515280,0,0,0,451980,1104910,988166
202,000670,2018-03-28,0.01318267419962349,0.02824858757062154,0.1031209846965305,20957.0,101193.84795715834,2664,59670076,68789069,1501881,1862300,12684711,13504419,13341024,14258930,13981508,14326866,6530397,6353171,5325211,5041872,1797026,2731510,4508318,10710001
203,000671,2018-03-28,0.012499999999999956,0.012499999999999956,0.15450706714619186,16082.0,239349.36289057226,2177,90812209,78762080,1764037,1774630,8559267,8436709,8266054,9248254,12926383,11905664,6646232,8980542,6597329,6299151,4072558,3441025,41980349,28676105
204,000672,2018-03-28,0.0008583690987125081,0.018884120171673624,0.21946924893867767,35835.0,157532.59133223555,2822,114166336,111640608,1217230,1374250,14068102,13898082,18114673,17620493,28607597,24333110,12245488,16151206,9138064,10735374,7087258,8881605,23687924,18646488
205,000673,2018-03-28,-0.0025723472668810476,0.0012861736334404128,0.4769499519078285,21812.0,253501.21086603001,1064,34709995,96511844,969159,622446,4335076,3393772,3557767,4120841,5114741,5981734,1602452,11646917,3702958,5261556,1756037,11061228,13671805,54423350
206,000676,2018-03-28,0.01777777777777767,0.016888888888888953,0.38224279756977664,12655.5,53334.023192603876,866,14542573,11846154,607164,608434,3983444,4497077,3767721,2378860,3432484,1624980,1139171,962279,1116689,1368399,495900,406125,0,0
207,000677,2018-03-28,0.009615384615384581,0.01602564102564097,0.13678995121878604,1264.0,32198.066402088203,520,2329668,3051411,336097,523546,989442,841752,296155,567249,414284,379452,293690,282764,0,0,0,456648,0,0
208,000678,2018-03-28,0.0032679738562091387,0.0,0.2754911806962127,6100.0,41773.93708736228,493,5229683,3788423,482538,651493,1654129,1043731,1050255,941371,476594,639695,456577,512133,610000,0,499590,0,0,0
209,000679,2018-03-28,0.03109656301145658,0.04418985270049092,0.2702624065155579,7007.0,43706.07581229281,511,3132205,5964139,473537,473703,1786257,1998080,306065,860828,566346,580746,0,1026727,0,0,0,476655,0,547400
210,000680,2018-03-28,-0.007092198581560294,0.0,0.12224789404348606,6345.0,43282.33188225769,1201,11269157,10771936,832306,1998896,3264291,3133122,1695868,1864979,2614021,2528382,211000,865552,1577083,381005,438036,0,636552,0
211,000681,2018-03-28,0.01746393318147299,0.03189066059225509,0.5541911975727343,29001.5,173694.5501960504,2266,75051746,94555388,1221997,1036918,11255295,10580161,13646601,11258035,16789791,17252284,9037678,10021489,5666441,7166950,1377861,5799752,16056082,31439799
212,000682,2018-03-28,0.0,0.002309468822170757,0.13785787298980662,2175.0,28481.58872480571,988,4943343,3561509,943262,859802,1561722,1169685,826750,558388,965152,258171,223307,236964,0,0,423150,478499,0,0
213,000683,2018-03-28,-0.003731343283582156,-0.003731343283582156,0.07212783429375721,5360.0,96784.27739105448,1389,21456333,14114671,1180183,1540136,4045097,5846418,2017180,2127200,2045178,2141924,774700,703593,664908,698944,0,0,10729087,1056456
214,000685,2018-03-28,0.005050505050504972,0.008080808080808133,0.3155912714281949,9970.0,73185.94139677181,985,14679375,13809304,1187344,753359,3702152,3529654,2568160,1852027,3476808,2398399,907125,2196731,997812,639978,0,864910,1839974,1574246
215,000686,2018-03-28,0.0,0.0013003901170349774,0.22173448149122982,13878.0,118349.94187837627,1203,25698290,23135357,836651,1045246,4185305,6808506,4958946,4284783,3793687,4945940,2762267,2295016,1041704,968983,1407895,934474,6711835,1852409
216,000687,2018-03-28,0.02121504339440694,0.03760848601735778,0.20789641724071362,22680.0,127484.13383336633,2495,73227308,79500130,1532088,1297943,12311149,11106218,12231026,11970063,15362619,17234258,11972896,11728597,4421080,5927751,2287641,5898224,13108809,14337076
217,000688,2018-03-28,-0.0010000000000000009,-0.006000000000000005,0.30441123592058184,11940.0,71717.35967427373,1079,24603887,12085450,1811134,926470,6111661,3175134,4741704,2744745,4859026,2584123,2015437,712826,1458557,1029984,438464,912168,3167904,0
218,000690,2018-03-28,-0.01904761904761909,-0.008333333333333415,0.21951845462336886,15808.0,91024.99512571095,1465,40680584,28867872,1892635,853770,6281393,6251541,6134531,5208912,10303573,5081369,8079919,3233178,2132944,2411521,1719873,1796932,4135716,4030649
219,000691,2018-03-28,0.026711185308848195,0.03338898163606019,0.315039289722408,10918.0,66617.87442416105,361,5304519,5754193,334244,298180,1599141,1074931,1128378,1225366,1298977,1078035,237667,469699,706112,320688,0,0,0,1287294
220,000692,2018-03-28,-0.025000000000000022,-0.015000000000000013,0.180590701419952,2400.0,45662.56868339901,491,4539488,3070420,289112,803354,840756,825096,620532,697741,1372288,272565,238800,0,1178000,0,0,471664,0,0
221,000693,2018-03-28,0.0,0.0,1.288,1379.0,33904.05120864468,50,0,615448,0,93812,0,121437,0,56119,0,344080,0,0,0,0,0,0,0,0
222,000695,2018-03-28,-0.04633204633204624,-0.021235521235521082,0.32812971912620936,8268.0,42251.66812616638,998,12480211,6961401,1222649,696255,4752910,2928788,2961660,1213260,1588672,873782,1530596,437316,0,0,423724,0,0,812000
223,000697,2018-03-28,0.020485175202156203,0.02857142857142847,0.45285001758920845,23004.0,213056.67393723945,1683,65610576,69207344,1098618,1447101,6951205,6714799,8871013,6501423,9783907,9888603,7317530,6713672,6235521,5434347,4454940,4480180,20897842,28027219
224,000698,2018-03-28,0.003597122302158251,0.007194244604316502,0.15832475027152895,11300.0,96146.10685728442,1235,25344965,23197272,1174242,767795,6426020,4219502,5161908,3444089,4133520,4358693,3541912,3082581,2014873,653184,430530,875332,2461960,5796096
225,000700,2018-03-28,0.0020408163265306367,0.008163265306122547,0.2280591684766364,5940.0,50196.83989035892,461,5262621,5543884,597718,438632,1590804,1409880,569741,1068584,1092205,761295,644920,1251408,767233,614085,0,0,0,0
226,000701,2018-03-28,0.050000000000000044,0.06395348837209314,0.18926433973203635,18220.0,157274.9504080459,2073,49368507,67758517,1660839,1695177,7595361,10081486,11021889,8968558,12311411,10588829,5723383,5199964,4173158,5583924,2775808,3310129,4106658,22330450
227,000702,2018-03-28,-0.007518796992481258,-0.00300751879699257,0.22069396285169585,9952.5,53359.426166067744,908,15777918,10011699,1008887,861895,4086837,3114330,3373695,2409726,3516972,1467418,1676524,1811058,1017860,347272,0,0,1097143,0
228,000705,2018-03-28,0.013280212483399723,0.01195219123505975,0.24562995295575177,3840.0,47477.20337483593,940,9741641,7260534,1280086,602346,3189769,3041013,1784764,1651261,944676,1454004,1003080,511910,0,0,0,0,1539266,0
229,000707,2018-03-28,-0.012345679012345623,0.0024691358024691024,0.19452988062669135,5356.0,29687.299695780723,433,3958402,2646113,410801,534615,1426347,1468940,858108,642558,533647,0,405499,0,324000,0,0,0,0,0
230,000708,2018-03-28,-0.008910891089108919,-0.01089108910891079,0.3590582049237806,6048.0,50725.45669157768,791,11104837,6296554,655316,636499,2475714,3049577,1604631,1403925,2247210,795483,2200572,0,0,0,1420894,411070,500500,0
231,000709,2018-03-28,0.0,0.0028985507246375164,0.07771445001376474,13205.0,180060.90918264477,1982,57503443,57230398,1344030,1440808,7799782,8445568,7061652,6303411,7347358,12204728,5839745,3928450,3851943,4390745,3177336,3004308,21081597,17512380
232,000710,2018-03-28,0.03227194492254726,0.049268502581755635,1.059969249464064,34013.0,172785.86697624635,1925,81909538,76759703,1451570,1730818,9389984,8238250,10280790,11026814,15796752,15964336,7311184,9689825,5103604,8986532,6294602,4814522,26281052,16308606
233,000712,2018-03-28,0.027192386131883017,0.029911624745071252,0.3514219901192346,19552.0,127432.99700761621,1753,46006812,59470015,1142567,1292753,6999382,9862942,6849848,6664613,8268080,12084370,6408512,5183995,3848409,6870166,5306002,2756545,7184012,14754631
234,000713,2018-03-28,-0.03151862464183386,-0.004297994269340966,0.17290607021613497,13960.0,71951.10584593247,1632,33625949,23584783,1578271,1394538,8331165,7597798,8045592,4490925,6735681,5251644,3112835,2586014,1278318,0,847798,860186,3696289,1403678
235,000715,2018-03-28,-0.005882352941176561,-0.0023529411764705577,0.4475813051182522,4285.0,17878.125884748606,360,2461061,1561529,329810,398167,1071504,890058,822433,273304,237314,0,0,0,0,0,0,0,0,0
236,000716,2018-03-28,0.00974658869395717,0.003898635477582957,0.2100495274013566,8224.0,43657.30068055165,596,7488054,6333382,493693,574743,2404959,2109100,1095579,1216288,2620187,1481555,442066,534546,0,0,431570,417150,0,0
237,000717,2018-03-28,0.030981067125645634,0.034423407917383964,0.11714108728827229,20332.0,140317.38933314243,2467,71559680,89813594,1623981,1610195,11742335,10276879,12931236,10070547,12325323,17235328,8385110,11199913,4964482,7434544,4551965,8967059,15035248,23019129
238,000718,2018-03-28,0.005063291139240533,0.012658227848101111,0.11989844859621224,6000.0,57354.699378777346,1088,11187703,12199399,1189635,872905,3785377,3626111,2215384,1432687,1133820,2879046,969400,473875,0,2124355,494662,0,1399425,790420
239,000719,2018-03-28,0.0023923444976077235,0.0071770334928229484,0.25529292419807026,4215.0,26489.86426497465,1074,8463976,6209857,671184,980956,5247787,2293021,1086304,1223521,954314,1250419,504387,461940,0,0,0,0,0,0
240,000720,2018-03-28,-0.02552204176334094,-0.023201856148491795,0.1646940335096084,12238.0,76249.00278631794,685,18172863,9204447,445296,776858,2459809,2906586,2374516,2865656,4711181,1202531,2809547,1119384,1039327,333432,3569627,0,763560,0
241,000721,2018-03-28,0.0,0.0019157088122607746,0.17701568176865032,10440.0,43400.9947015029,870,11351026,9185823,876580,693371,4749025,2888720,1854992,1909730,1726339,2683869,1016156,280779,714260,729354,413674,0,0,0
242,000722,2018-03-28,0.006857142857142895,0.010285714285714231,0.3225501812851295,8720.0,63187.57539252148,736,12030844,7393172,972555,687628,2892707,2523794,1864276,1657189,2029511,1047274,1278570,0,697779,1065447,896839,411840,1398607,0
243,000725,2018-03-28,-0.011111111111111183,-0.007407407407407418,0.09023697205025451,237718.0,1248466.9357800784,3599,971137368,1082745705,92636,105945,4229377,3706720,16765880,21157498,54086391,61271648,56969665,70950518,46536167,72947001,38126426,56253693,754330826,796352682
244,000726,2018-03-28,-0.00764087870105068,-0.006685768863419317,0.38299532416929916,5195.0,41144.25423374983,747,7455102,4904971,460208,1444183,1706237,1412142,1228252,657409,2195048,559919,416800,831318,928557,0,0,0,520000,0
245,000727,2018-03-28,0.004255319148936065,0.012765957446808418,0.05702996583494267,7170.0,105066.2627597194,1719,27717599,26487994,1384226,1418208,6633776,5369576,2586625,3252162,3145245,6258306,3072242,3095093,2074145,1385439,2377972,924588,6443368,4784622
246,000728,2018-03-28,0.006756756756756577,0.005630630630630407,0.2151215012310001,20447.0,116870.84292607094,1705,40818455,46244318,1230815,1284031,7930545,9771547,7533855,9548541,6305053,8776931,5555926,5391810,2491700,3564689,1798504,4400128,7972057,3506641
247,000729,2018-03-28,-0.01749663526244949,-0.008075370121130465,0.18512713337865694,8880.0,85757.12503406727,1613,27175878,19130962,1580038,1834994,6226232,6413089,3494171,3419765,3775066,1948640,2769686,961280,383320,372220,1368699,2735830,7578666,1445144
248,000731,2018-03-28,-0.03149606299212604,-0.017060367454068248,0.24027306883501814,18000.0,94113.0542681013,1006,30652640,18919122,693431,935038,4861829,4871651,4949217,3518345,6126706,3381497,4277186,2080908,2818946,1091080,1716196,488250,5209129,2552353
249,000732,2018-03-28,0.024970273483947647,0.034482758620689724,0.4567459550778042,63624.0,429671.1734127115,3057,240817708,313248059,1204410,750632,10989024,11815696,18264744,16696130,34616801,31558430,27672171,22587753,17907766,21517391,15720457,14672246,114442335,193649781
250,000733,2018-03-28,0.019607843137254832,0.029803921568627434,0.3001162954151438,16692.0,89289.7778985896,1806,35854042,42365124,1569153,980527,9014689,7542983,8616396,6330090,9103077,12873915,2583277,5625326,2075274,2026809,480252,411764,2411924,6573710
251,000735,2018-03-28,0.034482758620689724,0.034482758620689724,0.15981436717645364,85284.0,378870.58408519777,3383,297719189,357393456,854974,1006366,11876811,12489901,20308962,21869907,43875637,41846857,35383032,40975301,28307902,35618139,27285323,25912968,129826548,177674017
252,000736,2018-03-28,0.028064146620847552,0.02978235967926679,0.6411036560092999,17935.0,68104.47881552251,742,10536208,18128677,584093,616283,3175555,3233877,3733505,3214248,2060779,4167244,614056,2943031,368220,1716799,0,967610,0,1269585
253,000737,2018-03-28,0.010471204188481575,0.01308900523560208,0.21957897413104888,7750.0,32872.99580508376,302,3483781,2667105,364284,293629,1181636,1373772,671237,370946,1056192,417894,210432,210864,0,0,0,0,0,0
254,000738,2018-03-28,-0.0031746031746032743,0.022222222222222365,0.3043989746090071,41886.0,188057.23170485414,2683,125993160,140991790,1443485,1258305,11693259,12734656,17107768,14515678,24588061,26963635,18526025,17866637,10458236,16002521,9783795,12320196,32392531,39330162
255,000739,2018-03-28,0.013377926421404451,0.015050167224080147,0.193130944991515,10251.0,75372.66071274098,959,15437342,16200180,921562,994650,3667410,3722671,2621164,2174221,2574980,2887058,1429647,1818219,954909,2286717,1824509,457298,1443161,1859346
256,000750,2018-03-28,-0.00704225352112664,0.0,0.1308872634699799,8540.0,73619.70476847547,1061,18039309,11956364,733188,1192460,4032747,5259079,2519352,1620111,3080568,1074829,1684425,494500,1007635,359544,837280,887816,4144114,1068025
257,000751,2018-03-28,-0.008908685968819552,-0.0044543429844099425,0.1333133790145458,5843.5,59555.543806822614,1136,16647383,8141085,1356179,1392845,4543602,3405544,2522932,1583764,1813669,1506482,1966240,252450,1376924,0,0,0,3067837,0
258,000752,2018-03-28,-0.016220028208744797,-0.0049365303244005565,0.6274728700225843,9852.5,38782.381708118286,510,5398584,4890063,477528,609765,1906933,2117127,1309907,942971,620011,684870,283800,204450,389185,330880,411220,0,0,0
259,000753,2018-03-28,-0.011695906432748537,-0.0029239766081871066,0.10007411252373945,7900.5,135549.7480403981,1172,28707953,24804743,595105,1037514,2883614,4559042,3171327,2785347,6870502,6069042,4983350,2331917,3375579,1390076,421817,856827,6406659,5774978
260,000755,2018-03-28,0.02127659574468077,0.014729950900163713,0.37332111050022226,6210.0,24287.7694483671,267,2323045,1864559,326542,228939,982709,917135,488799,573485,524995,145000,0,0,0,0,0,0,0,0
261,000756,2018-03-28,-0.004930156121610518,0.0,0.3114498140147475,12270.0,61266.601605990356,1527,30412952,16614719,3174122,897687,7873550,5290911,5392502,3172768,6464129,3750388,2179618,1412116,2824877,362210,0,406644,2504154,1321995
262,000758,2018-03-28,-0.005244755244755095,-0.005244755244755095,0.14638506645130217,6840.0,62802.304393261205,1530,25108097,14237224,1805445,1584492,5347459,4607905,4246443,2281486,4181308,3211841,1993504,1729469,2268557,379281,1409788,442750,3855593,0
263,000759,2018-03-28,-0.036781609195402076,-0.01724137931034464,0.20325616293856047,21400.0,86349.1141586225,1837,44556492,35740863,1461226,1068021,8830763,7979756,9405149,12502050,9075262,6656614,5007978,2733965,3714855,985915,2148660,865057,4912599,2949485
264,000760,2018-03-28,0.002132196162046851,0.008528784648187626,0.180012068900389,8075.0,63479.99646926437,679,9868828,8360095,708828,717511,2407233,3159317,1158339,1504335,1348319,2221665,1927961,0,308790,347998,435220,409269,1574138,0
265,000761,2018-03-28,0.009237875288683695,0.01616628175519641,0.10927633362899913,5250.0,66589.0735098626,1576,18122555,25811889,898212,1653482,4581278,5521394,3521636,3937894,3349837,6476648,2914690,2522150,710719,2092002,876458,1412429,1269725,2195890
266,000762,2018-03-28,-0.0038372985418264616,0.0015349194167306734,0.3164688404865104,13060.0,64245.23012727767,1696,31733482,28088213,1331022,1228690,6773405,8541439,5854969,6089536,8080067,5905071,4710236,3375140,2356949,769011,1309420,419566,1317414,1759760
267,000767,2018-03-28,0.0037037037037035425,0.0,0.13097325329846846,5400.0,86751.23456211097,425,8188501,4123851,297935,325839,1125221,1302858,1535765,1274397,1387655,757216,243000,463541,656640,0,435497,0,2506788,0
268,000768,2018-03-28,-0.010588235294117676,0.0052941176470588935,0.30216848505505556,74691.0,411173.9977447515,3170,339146586,310825519,945911,898960,12559607,9513383,17712422,19003705,41764224,30667174,28842149,31226042,26005397,23008363,28561302,20342273,182755574,176165619
269,000776,2018-03-28,0.0018633540372670065,0.004347826086956497,0.3092302392080313,37260.0,222301.9062358559,2713,141860300,125346260,1659161,868902,16631403,7853020,18801825,12921669,21420796,32448644,15719499,24399040,11209244,11955010,5810457,8992589,50607915,25907386
270,000777,2018-03-28,0.013432835820895495,0.016417910447761086,0.4125617190024466,9959.0,78709.67886155732,1055,15208749,19465887,938581,1317314,4103012,3960713,2916918,2885700,3202705,4002277,1969217,1416407,1006636,1733238,408000,0,663680,4150238
271,000778,2018-03-28,0.010460251046024993,0.01673640167364021,0.10942917235520475,14258.5,184270.1258463342,1914,46693879,49904894,1287744,1779430,7248905,10445521,5251534,6926243,6456674,7638807,4164771,4339964,2769741,4944818,2266183,3580792,17248327,10249319
272,000780,2018-03-28,-0.006185567010309145,0.0020618556701033075,0.21019326166041077,2420.0,28457.961826785322,532,4906759,2875661,419342,332301,1496013,1211190,2081581,880863,638635,250033,271188,201274,0,0,0,0,0,0
273,000782,2018-03-28,0.018779342723004744,0.025039123630672844,0.2842629676220557,7836.0,38079.75704054193,505,3584408,5530556,459347,447905,1522996,2212386,298107,1411968,782359,868897,0,262400,0,327000,0,0,521599,0
274,000783,2018-03-28,0.002812939521800173,0.0014064697609001975,0.20276540379497324,14190.0,88966.73347654808,1230,26332728,23655527,1094290,1231515,4686923,7114002,4096977,4614023,2548205,4145066,3888541,2284702,4868736,933013,917142,1325706,4231914,2007500
275,000785,2018-03-28,0.010638297872340496,0.014893617021276562,0.3897736523277068,9550.0,37610.258147314176,581,7209353,6560287,533401,848236,2445290,2398337,2180173,1282435,1187637,1384009,529267,647270,333585,0,0,0,0,0
276,000788,2018-03-28,0.039017341040462394,0.047687861271676235,0.20161793770344943,13131.0,90140.1183961656,1180,20165907,28203202,1074081,1127361,5340496,4508704,3950365,4343465,3576679,6052442,1426699,2376115,1411044,2893697,2182739,2137104,1203804,4764314
277,000789,2018-03-28,0.0,0.01869158878504673,0.2109535081473629,32850.0,170288.2686164314,2575,109154421,103599307,1178406,1297414,13260150,11695580,16504799,14514794,22557617,20775639,14820096,9860107,10047070,9124807,4431545,8260705,26354738,28070261
278,000790,2018-03-28,-0.005037783375314908,0.022670025188916698,0.17051773452369978,20387.5,102504.18440469806,2174,53771635,59596746,1781916,1599210,10918545,10216660,11468866,10332082,12322657,12599582,6971948,7697550,5127624,6224614,2668474,2653660,2511605,8273388
279,000791,2018-03-28,0.0,0.010370370370370363,0.19371634727371434,11611.0,69040.81549735153,1215,18453683,15778731,1163322,1236816,5738839,5863671,4092829,3385660,2391222,2203727,1926952,1795379,341500,398820,415410,894658,2383609,0
280,000792,2018-03-28,-0.012038523274478408,0.0040128410914925805,0.25042212821834825,18870.0,171411.12584411213,2479,98085733,73087776,2006007,1445062,10681773,8529284,11675875,9798357,18728121,14969716,9930337,10128376,9080841,6334766,6223210,6019444,29759569,15862771
281,000795,2018-03-28,0.0,0.005291005291005346,0.12953055890446918,13110.0,77582.78172020814,1920,40211923,32950226,1611636,1485515,9996008,7971105,7548621,6494411,8348009,6224523,4236164,4262754,2664085,2103056,2659954,427136,3147446,3981726
282,000797,2018-03-28,0.0046136101499423265,0.005767012687428075,0.3350959530816515,8850.0,62134.697713940426,669,12670947,8413971,601591,610827,2755308,2309443,3413900,1599873,3063315,1363370,505700,1436503,657800,667715,467727,426240,1205606,0
283,000798,2018-03-28,0.021505376344086224,0.02508960573476715,0.3416932247156159,9796.0,77537.23556028907,601,4740571,9382233,551840,747171,2544339,2996281,989694,1812226,654698,1026372,0,679647,0,375664,0,0,0,1744872
284,000799,2018-03-28,-0.01421590404264772,-0.009329187027987573,0.48985305085385206,17840.0,103549.28174975155,2113,55109822,43697834,1244589,1847500,9966629,10014132,10122905,9002282,10811019,9672229,6983320,5839092,2920829,2436892,1652506,2211216,11408025,2674491
285,000800,2018-03-28,0.0009970089730806375,0.005982053838484491,0.2791555820337196,20160.0,159465.4607870283,1291,45040519,33561068,805519,766471,5878797,5575617,5842629,6214383,10911879,7304475,4241372,3710766,2097593,3204179,1789487,2625806,13473243,4159371
286,000801,2018-03-28,0.06542056074766345,0.03582554517133962,0.11871288615890843,39028.5,284607.0401522656,2942,169898254,178326454,1477277,1574832,12734845,12474554,14916014,14937963,26919976,24680971,19265585,21041067,16381453,18097503,12750294,14497245,65452810,71022319
287,000802,2018-03-28,0.010582010582010692,0.017636684303350858,0.34944255056905915,11500.0,50488.56366605205,1053,11284240,15068356,985153,810571,4026891,4768549,2400086,4017448,2343432,2257372,944478,716929,0,302086,0,926916,584200,1268485
288,000803,2018-03-28,0.02386751095957118,0.020944958597174823,1.9151338686075177,14602.0,26267.65905072246,114,1002405,1146953,57256,55457,686678,519963,258471,112074,0,459459,0,0,0,0,0,0,0,0
289,000806,2018-03-28,0.05151915455746359,0.05416116248348746,0.13810509231132914,38808.0,233742.87598256205,3014,151517765,158430582,1305855,1773253,12725493,14924074,17613830,18466031,25755458,29014474,21101093,18889315,16504526,11715178,10566370,11168797,45945140,52479460
290,000807,2018-03-28,-0.0066489361702127825,0.009308510638297962,0.14552382245379433,24981.0,184634.52011879653,2675,110758581,102616633,2198260,1416798,13842044,11952157,13751763,13055667,17877487,18910573,10185142,9662894,10801954,6986734,6658973,8483235,35442958,32148575
291,000809,2018-03-28,0.0060422960725075026,0.009063444108761365,0.17288550981593237,3990.0,49052.540305325005,366,4860643,3572411,417250,199610,1169073,912071,555488,545949,1606287,1151736,760795,763045,351750,0,0,0,0,0
292,000810,2018-03-28,-0.016688061617458283,-0.010269576379974388,0.1654127724709393,9384.0,51831.62187992419,2223,37437269,21763427,4623745,1480371,11466554,7529600,7652840,4709195,6740562,3831833,2530154,2918412,1750026,342078,1307156,0,1366232,951938
293,000811,2018-03-28,0.0014430014430015792,0.0028860028860029363,0.3327454099024131,10380.0,77656.65895565334,433,7342711,5983269,445846,423893,1644726,1705363,1438655,1684373,253838,904905,456178,485499,1049580,346000,459488,433236,1594400,0
294,000813,2018-03-28,0.015834348355663774,0.014616321559074219,0.24318398302494534,4992.0,43808.048803503276,1140,8285296,9591394,1835112,1165683,2656555,3752518,1676420,1679385,1120304,1325444,249000,238210,330000,371904,417905,0,0,1058250
295,000815,2018-03-28,-0.006525285481239762,0.0016313213703098572,0.38045266755343,12295.0,60656.27229640502,1040,15528751,15921694,834888,1285971,3751983,5149680,3319891,4233341,3762330,2847610,1155756,753480,343924,320688,488000,426648,1871979,904276
296,000816,2018-03-28,-0.028169014084506894,-0.0028169014084505895,0.06618470806600842,18356.0,141923.42512996745,2906,84072327,71413827,2342137,1920980,14007465,13174657,14232097,14348494,17038292,16317857,6335856,5918439,5375709,4488731,5383313,2200284,19357458,13044385
297,000818,2018-03-28,0.024732069249793875,0.028029678483099785,0.3104626381310964,13343.0,110284.66185591255,1529,24143229,31923597,916851,1610496,5236988,8553639,4316186,5819765,5696819,5592946,1281873,2755464,1049064,1000660,879516,1679753,4765932,4910874
298,000819,2018-03-28,-0.043621399176954845,0.0,0.2946706275612226,15769.0,93114.22862143446,1703,41176685,26445596,1449341,1210937,8997376,6848580,8923849,5744344,6763072,5540062,2422950,2791390,1718410,1413553,3060440,488400,7841247,2408330
299,000820,2018-03-28,-0.040000000000000036,0.013157894736842035,0.34934355374867215,96543.0,1511887.8417480015,2967,627873591,473364958,1127530,643503,8659465,9965936,12853421,18832298,27537306,35581564,29226251,33525171,23834352,26680190,19842090,20806751,504793176,327329545
300,000821,2018-03-28,0.006071118820468291,0.004336513443191636,0.33954244227428804,12782.0,65716.18012836402,1153,29389456,13084535,1039662,707798,5593932,4141711,7591816,3510148,7468226,2496018,1947396,1122810,2344247,1106050,1729738,0,1674439,0
301,000822,2018-03-28,0.0054421768707482165,0.008163265306122547,0.19260192307073803,11122.5,76704.44941243797,1458,27392330,20555879,1393478,1191356,6839549,4835538,4671055,3839111,5120793,2371864,3244734,2163693,1781107,2403779,855919,482015,3485695,3268523
302,000823,2018-03-28,0.004376367614879584,0.018599562363238453,0.20486783119144944,18690.0,105998.78419737419,1994,53432628,54333209,1502827,1185349,7929312,10627457,9410572,10456339,8948222,8977390,7699774,7901987,2710359,4403205,3869471,3475573,11362091,7305909
303,000825,2018-03-28,0.005494505494505475,0.005494505494505475,0.1013434514944042,30743.5,291440.35751654557,2916,169679268,176899296,1544312,1473760,11745786,12166023,12891831,15333001,27996353,28202353,13899027,16143065,9575412,9975167,12467763,10450119,79558784,83155808
304,000826,2018-03-28,0.01089324618736387,0.016339869281045694,0.605928716728358,30723.0,128656.77758444638,2066,63244790,85113854,699315,1104433,10773354,12199619,10603580,12646737,12538728,16932119,10015462,15089527,2833123,5498747,2125837,4054383,13655391,17588289
305,000828,2018-03-28,0.014423076923076872,0.004807692307692291,0.3618038838145092,8408.0,30977.826405560078,826,9121622,5279046,1529886,461330,3956480,2045509,1357528,1255003,1241397,1219130,665051,298074,371280,0,0,0,0,0
306,000829,2018-03-28,-0.003225806451613078,0.005376344086021501,0.3018394071370255,10147.5,43730.57497583242,950,11777125,11139593,1027794,944132,4883281,3131323,2150113,2065664,2230187,3196254,429880,1429834,1055870,372386,0,0,0,0
307,000830,2018-03-28,-0.0374776918500892,-0.03628792385484825,0.2818791681217906,138814.0,473290.32816977846,3560,543203209,403235775,261267,263109,9265153,8319869,23113684,22750290,54189533,55965109,60618487,54198819,50022943,42456606,41683132,31016406,304049010,188265567
308,000831,2018-03-28,0.0017543859649122862,0.007894736842105177,0.22177526297144742,32144.0,163935.69069251517,2645,108390653,94524324,1252829,1152922,13438827,12150403,16004984,14118312,24012927,21244834,13894252,12005445,7492227,10296169,4457977,2705204,27836630,20851035
309,000833,2018-03-28,-0.006568144499178974,0.0,0.22918369514348566,6090.0,42576.31827702655,706,7643841,4550700,724649,789914,2433926,1823127,1786444,510985,1242014,809148,724808,232638,0,384888,0,0,732000,0
310,000835,2018-03-28,0.004231311706629048,0.007052186177715081,0.25952747000483495,5005.0,45522.86950366032,746,8050324,6861284,738383,591234,2058118,2178953,1807593,1898122,2245164,1224551,494014,226416,707052,0,0,0,0,742008
311,000836,2018-03-28,0.0021645021645020357,0.006493506493506551,0.11506255696114122,16239.0,73659.79215894951,1618,31329237,27983671,1157067,1440852,6584201,10951753,6203115,6025693,5796581,4194447,1992933,3496221,3118959,964735,1337072,909970,5139309,0
312,000837,2018-03-28,0.007547169811320753,0.00943396226415083,0.20133751067595793,9078.0,59683.1903452817,693,9491988,8839630,416605,862175,2616921,2539702,1905962,2282778,1288818,1950927,2210598,268068,0,0,0,0,1053084,935980
313,000838,2018-03-28,0.0,0.007968127490039834,0.18439325763018388,9036.0,34874.001785240616,741,8394899,7384892,706782,669329,2322129,2829373,2087282,1679841,2370952,1754867,907754,451482,0,0,0,0,0,0
314,000839,2018-03-28,0.0028776978417266452,0.0057553956834532904,0.14559811801321296,20271.0,138542.0653596252,2282,72597048,69637709,1623177,1936064,11248939,10339110,9416326,10320867,12116886,14035051,8061123,9270748,5873102,4070657,2177321,1300496,22080174,18364716
315,000848,2018-03-28,-0.019845644983461974,-0.011025358324145529,0.21760369820460174,8046.0,58958.360714896684,1739,23547655,15563455,1916093,1557401,7761179,4769565,4707183,1795014,3725230,3182427,1045930,1223704,712428,633086,1260297,434074,2419315,1968184
316,000850,2018-03-28,0.0,0.0024038461538460343,0.18580886245494144,2912.0,51030.91470718777,501,4796655,3465120,478274,697069,1015190,957644,1114080,581263,289855,697344,0,208000,713114,323800,0,0,1186142,0
317,000851,2018-03-28,-0.017281105990783474,-0.010368663594470084,0.18026723985614254,29495.0,343647.5825346261,2324,119326455,132317442,1157699,1669722,8797462,11107805,10230013,14581324,16142963,18541072,12955631,14168692,8721760,6339162,7930139,14388661,53390788,51521004
318,000852,2018-03-28,0.01806451612903226,0.032258064516129004,0.1944509486187716,15124.0,69606.8735321137,1591,29927952,30619707,1289134,1766448,6655974,7294716,7669290,6113325,6318160,8474068,2523220,2413624,2095894,2061639,1315661,445500,2060619,2050387
319,000856,2018-03-28,0.058760683760683774,0.07264957264957261,0.33461869282089135,56322.0,178381.6803181661,3134,158873623,192927598,929568,1041914,14874804,12109615,22929049,19559750,36277447,39295990,24864202,25695466,14151051,24577264,9937465,16031550,34910037,54616049
320,000858,2018-03-28,-0.03517138599105807,-0.029359165424739153,1.119023290192764,539994.0,1460261.287404522,3597,1769065022,1595260458,19944,19907,1042836,1045754,5379386,6669582,27860500,27575782,44642981,47102573,54033889,57905796,56527943,65768599,1579557543,1389172465
321,000859,2018-03-28,0.005434782608695565,0.005434782608695565,0.16401512380078034,7380.0,48387.02092428518,503,7209976,4666665,436322,414961,1986031,1478462,1743616,988826,1168604,1082354,1130963,209592,322640,0,421800,492470,0,0
322,000860,2018-03-28,0.0067708333333333925,0.007812500000000222,0.3985984235490129,5802.0,80790.13696151356,2327,28273772,29920604,1339517,4708880,6340220,8518178,5758289,3747225,3293371,3089851,1997177,1952309,1149495,2163103,465572,939758,7930131,4801300
323,000861,2018-03-28,-0.0034602076124568004,0.0,0.12774629477784383,2890.0,35842.81894282879,512,3580071,2705969,376865,461336,1286996,1404874,314532,480821,434904,119935,0,239003,733274,0,433500,0,0,0
324,000862,2018-03-28,-0.005249343832021025,0.002624671916010346,0.13938890427922684,9500.0,52211.749631614526,748,8827231,7928666,637348,632140,3734730,2461194,719409,1132846,1361937,1150464,480484,1343861,1368029,712861,0,495300,525294,0
325,000863,2018-03-28,0.008733624454148492,0.013100436681222627,0.20527368287849734,3965.0,70188.26746172796,498,4879136,5250115,435448,334721,1734876,1413697,549334,386215,105316,1167176,274241,238592,744002,1010514,0,0,1035919,699200
326,000868,2018-03-28,0.012698412698412653,0.028571428571428692,0.13102655173489103,17469.0,86552.9776601328,2319,52170599,55663958,1775882,1698152,10296265,10042823,9703900,10704232,14057011,13907037,6942646,7823256,5361920,4985303,926101,1693864,3106874,4809291
327,000869,2018-03-28,-0.008049857179953102,-0.004154764996104787,1.1009678143578232,19295.0,79732.75688675701,1223,35567690,20903333,859515,727714,7435057,6421322,5938822,3270088,7963213,4749253,4597632,2174579,4514987,1782501,1758116,868568,2500348,909308
328,000875,2018-03-28,0.00917431192660545,0.012232415902140747,0.10639990873737008,11808.0,89597.33821894613,947,19437938,19168620,885138,828142,4109463,3481091,3060525,2844335,3277043,4476709,2252024,1022569,1322866,1899685,2260512,909071,2270367,3707018
329,000876,2018-03-28,-0.005509641873278293,-0.004132231404958553,0.17835796455423486,14590.0,150122.95402514486,1658,60306480,31700070,1592397,1149015,8828938,6893336,6975227,4845957,7087536,6581070,5071846,4530894,3811786,1123420,2139074,862284,24799676,5714094
330,000877,2018-03-28,0.0038535645472059787,0.007707129094412402,0.2182336219655882,17969.0,98289.81469797905,2265,58383733,52253287,1595371,1379672,10129732,11710097,10058375,9314438,11779204,12167183,8621643,4570587,5179484,2696169,3471907,4363038,7548017,6052103
331,000878,2018-03-28,-0.007978723404255317,0.0,0.2676934104527832,19125.0,125078.85137583988,1777,58174045,40063146,1243275,1098389,6222598,7648470,15653928,6855920,11466331,7762523,7470546,6438069,3978257,3219158,1653376,1352911,10485734,5687706
332,000880,2018-03-28,0.002185792349726823,0.003278688524590123,0.5512015137500356,9160.0,46740.2510188431,275,3522229,2567725,224426,365574,922251,890541,909228,143184,751649,489302,714675,204239,0,0,0,474885,0,0
333,000881,2018-03-28,0.00521739130434784,0.008695652173912993,0.40250060595377557,10431.0,53991.49198838301,816,9580844,9233986,704877,705711,3590180,3946924,1415062,1762380,2130905,964335,462200,723956,330020,0,0,0,947600,1130680
334,000882,2018-03-28,0.0,0.0031645569620253333,0.07863095918544281,8848.0,82012.31377642944,1624,28892690,24164293,1624439,1510190,6149461,5630376,4883148,4101141,5429513,4509715,2021793,2568280,1649042,2353675,1305371,888324,5829923,2602592
335,000883,2018-03-28,-0.002309468822170868,-0.002309468822170868,0.1189472742739094,3888.0,63475.696488546186,1328,14683237,11178456,1763938,819099,4481716,2596811,2084622,1261716,1807121,2018374,429323,408026,345600,1104656,830676,1368303,2940241,1601471
336,000885,2018-03-28,0.0020661157024794985,0.011019283746556585,0.35427216195917655,14710.0,52419.31417457122,1680,27016433,26629160,1171459,1436882,8566614,9572005,5434230,7486382,6919329,3986628,1760031,1635303,2005798,1316544,0,0,1158972,1195416
337,000886,2018-03-28,0.03571428571428581,0.04428571428571426,0.14067902962463813,31239.5,281754.991514741,2486,141592497,148163053,1585672,1301496,10617230,8516312,13223350,12037398,16837280,19240571,14060549,19885644,13417439,13758612,8370331,9754941,63480646,63668079
338,000887,2018-03-28,0.008240141259564515,0.002354326074161417,0.4061351439019118,11955.0,125783.83252596532,1752,43178959,33770538,1718342,1452242,8548450,6104279,6847429,4776692,6866746,6920624,2579460,3294347,3750149,733848,858967,1739894,12009416,8748612
339,000888,2018-03-28,0.03506907545164717,0.0371944739638681,0.21848281202378744,15671.5,65090.64330530062,1856,31821421,37983109,2332179,1959270,7815442,9679868,6213354,8687373,6881359,11217154,4837469,3317238,710022,1283999,1265949,411217,1765647,1426990
340,000889,2018-03-28,-0.02522775052557813,-0.01822004204625083,0.4135330621957665,19684.0,128461.00371044945,1192,29727052,32570385,1027734,685863,7089242,4894349,5234652,7784502,3901317,5830669,3244236,3351534,1418038,2273354,834000,845779,6977833,6904335
341,000892,2018-03-28,0.023129251700680253,0.027210884353741527,0.27693926388354356,4506.0,45370.782163004755,704,7393955,5786087,823609,507502,2352228,1716089,1371094,1340530,1264382,1216909,451500,651538,0,353519,0,0,1131142,0
342,000893,2018-03-28,-0.02595155709342567,0.0,0.1371197294298828,16762.0,146691.51316182557,1781,57766197,32587144,1582895,1255168,9078172,6685202,8731996,6726289,11545638,7348350,6082111,4374499,3026008,319608,1361340,983232,16358037,4894796
343,000895,2018-03-28,-0.008400000000000074,-0.01760000000000006,0.45848637373739615,37312.5,199870.20541921104,2978,162101717,126940979,1348273,1121083,22788998,12272377,15616370,15781308,26745902,24895366,25053059,21416915,12241823,10510922,7713372,8604814,50593920,32338194
344,000897,2018-03-28,0.012903225806451646,0.019354838709677358,0.07657861615281697,639.0,34069.556514487325,1648,7265537,11225655,760824,1855199,2135879,2945726,1809543,2192796,1991489,1212487,236002,2062607,331800,321000,0,0,0,635840
345,000898,2018-03-28,-0.005076142131979711,0.0,0.12720360691577676,13057.0,128770.54973108665,2164,67539125,55901009,1835628,1718387,7826193,8642208,6188781,7146376,12520654,9271387,19682963,10439126,2289012,3621099,926163,3938113,16269731,11124313
346,000899,2018-03-28,-0.006024096385542244,0.0060240963855420215,0.26524213261470725,12202.0,32158.71645697312,352,4203337,3818410,327543,196167,1768390,1816132,1164254,1489081,402949,317030,238522,0,301679,0,0,0,0,0
347,000901,2018-03-28,0.010242085661080091,0.03445065176908746,0.43251420961006504,43640.0,174609.15935039445,2469,109777639,126689680,975916,919126,10608099,11169607,14955396,13919156,25965049,26947977,15682136,19358311,10780834,13622507,5888104,10200778,24922105,30552218
348,000902,2018-03-28,-0.0052192066805846205,-0.0010438413361169019,0.29211792941517883,4805.0,53178.72693482614,1076,9732500,15142169,734919,1320152,2710685,5223624,1893687,3757608,1317489,2046799,422973,2312112,317724,0,435023,481874,1900000,0
349,000903,2018-03-28,-0.00967741935483879,-0.006451612903225823,0.11568028286482736,9180.0,149045.26568192884,719,19797402,7334002,663631,790910,2738018,2307956,2273243,1754074,3295996,578869,1457710,1554373,2646630,347820,872030,0,5850144,0
350,000905,2018-03-28,0.0032085561497328108,0.005347593582887722,0.3373243136802125,9380.0,44760.40388029801,768,9178451,8812820,567501,1172393,3159959,3180567,1347678,1940685,2269760,1470693,444977,292932,1388576,330750,0,424800,0,0
351,000906,2018-03-28,-0.002580645161290307,0.001290322580645098,0.3623429496746136,11550.0,110392.20249255534,457,10337520,8613894,267863,534034,1746454,1879555,1131994,1794100,2027189,1058674,1152293,226380,302250,718779,0,0,3709477,2402372
352,000908,2018-03-28,0.009191176470588092,0.014705882352941124,0.20722009609380534,8235.0,45778.80763351809,689,7601936,8824527,692536,501778,1987077,2663120,2201919,2275655,1667337,2090451,551000,789232,0,0,0,0,502067,504291
353,000909,2018-03-28,0.02842639593908647,0.005076142131979822,0.3617306070959666,9870.0,61912.34160833602,741,11599840,8180728,986237,987456,3234476,2830345,1907543,1848085,1205063,1191987,1234573,295500,706727,0,490500,467875,1834721,559480
354,000910,2018-03-28,-0.01188118811881178,-0.016831683168316847,0.4439319031096435,16032.0,67682.35579994596,2076,42219663,21146185,1826200,1182351,15995561,7680810,4782899,4048187,6167522,3722565,2878485,1894018,3192565,690759,1306473,439971,6069958,1487524
355,000911,2018-03-28,-0.013458950201884257,-0.010767160161507361,0.2966004613498039,7360.0,42192.19634597847,627,7408005,5743478,715040,796617,1767804,2077222,2227427,1557402,745911,839128,436433,473109,659580,0,855810,0,0,0
356,000913,2018-03-28,-0.004881025015253337,-0.0006101281269067504,0.8097302503262495,16309.0,65098.98041042429,409,7968421,5341484,410210,326816,2097026,1795584,1287057,1619158,747450,1098029,1820629,501897,301550,0,489000,0,815499,0
357,000915,2018-03-28,0.00663900414937757,0.007053941908713668,0.6107677487854762,21951.0,126234.03561559376,1557,45339637,40887947,1455945,1119389,7169925,8401063,7958307,7068563,7810616,5785108,7506262,3545985,2402366,3138411,3630973,1793108,7405243,10036320
358,000917,2018-03-28,0.03337783711615483,0.041388518024032095,0.18126465596653227,26495.0,234102.16546032904,1709,58939440,88824622,1246117,1048244,7933612,7406540,10081798,8931973,12184536,13401213,6508061,6026039,4908059,8011452,3120217,3220974,12957040,40778187
359,000918,2018-03-28,0.02478134110787167,0.01895043731778423,0.22020629930095045,10395.0,88564.95535845732,971,16825661,19573636,971665,1058461,3564035,4106123,4066304,2559022,2429071,2667752,1495878,1736549,654650,2751519,483700,0,3160358,4694210
360,000919,2018-03-28,-0.0011961722488037507,0.0035885167464115852,0.2571006816964184,9163.0,50794.98235853573,1057,15394947,12064339,1378478,995024,5019913,3829155,4355953,2963543,2761020,1373305,799180,766214,1080403,355710,0,420000,0,1361388
361,000920,2018-03-28,0.023174971031286073,0.030127462340671984,0.2633757243442279,17830.0,51950.675609146754,1074,18736754,20274897,712707,1113678,5839635,6071030,4697547,5569524,4279080,5038314,1708811,1287546,661848,676220,837126,0,0,518585
362,000921,2018-03-28,-0.01327800829875525,-0.004979253112033288,0.3050610939798232,12000.0,45350.80790333761,1561,26798905,17938870,1658686,895219,6686744,8436954,6028755,3178293,9006085,3193248,2551730,680043,0,1121313,866905,433800,0,0
363,000922,2018-03-28,-0.01224489795918371,-0.013605442176870652,0.2807647700344417,13032.0,76218.58459030483,685,15696644,8102621,381430,830406,2739380,3180661,2693258,1166034,4512701,1132896,1210800,466092,1057337,735568,911441,0,2190297,590964
364,000923,2018-03-28,0.038201160541585955,0.05947775628626695,0.45905589088138615,22946.0,105134.5883029708,2032,48975716,67760797,1098506,1111537,10286998,10442162,8860113,11749562,11626360,14868844,7586505,8055468,3719909,3487215,1402255,6909693,4395070,11136316
365,000925,2018-03-28,-0.024300441826215047,-0.004418262150220897,0.29206476523774033,27030.0,231709.17251026037,2170,87261878,93319167,1079726,1391975,8298502,11378543,9867186,9865851,12712580,17669750,10317195,13095419,5790556,9173103,9884778,6218192,29311355,24526334
366,000926,2018-03-28,-0.005257623554153379,0.0,0.21017690908195247,6706.0,70822.42315423435,2050,36577596,21338159,4190278,1161112,6558881,5879557,7258301,3041347,6065996,4777024,3593338,1976294,2333153,1358961,2234881,888385,4342768,2255479
367,000927,2018-03-28,-0.00990099009900991,0.0,0.16081770918610058,9696.0,67087.01432022304,631,11561476,7836718,530013,636434,3144621,2616950,1222813,964851,1911001,1731328,1156690,1167439,1378964,314716,930412,405000,1286962,0
368,000928,2018-03-28,-0.0018587360594795044,0.0074349442379182396,0.17477596339328097,7574.0,60738.367596674354,948,12007752,13959436,891644,796577,3375622,2768687,3018354,2328140,1950056,3008267,1223925,3175707,1044091,0,0,431846,504060,1450212
369,000929,2018-03-28,-0.0022471910112359383,0.01348314606741563,0.2946103795456329,4500.0,37080.91057991811,913,7492218,8299240,917821,1044038,2777949,2670350,1372670,1465145,1762190,1753693,211500,955144,0,0,450088,410870,0,0
370,000931,2018-03-28,0.0031496062992126816,0.011023622047244164,0.2359735660081086,11931.0,59114.52126611165,724,13791019,10149002,630570,739188,3171592,2592891,2211229,2589513,4180305,2012668,1798599,1516675,390264,698067,804980,0,603480,0
371,000932,2018-03-28,0.022889842632331847,0.028612303290414864,0.13668860863843782,32535.0,242939.84998175138,2621,123396662,153221238,1468797,1548362,13107304,10469035,14710801,12382324,21236761,20629333,14788977,15623479,13735902,13202284,7078658,8603871,37269462,70762550
372,000933,2018-03-28,0.001367989056087593,0.012311901504788114,0.13764311889706027,25160.0,180937.1841817205,2828,96546317,100050420,1725989,1917359,15260377,14134260,16341366,13084224,15923673,17857281,12802727,10598664,5584045,6767232,8411600,6694088,20496540,28997312
373,000935,2018-03-28,-0.0595348837209303,-0.02744186046511632,0.37715988327462435,58576.0,402097.29954668647,3255,258625735,240758291,729449,900323,13772273,15290251,19661680,19127083,32548138,35209653,32167334,26831205,24990103,20436062,20391326,17917768,114365432,105045946
374,000936,2018-03-28,-0.02127659574468077,-0.00930851063829774,0.14233295682831082,26600.0,160197.4174482485,2800,113695014,90042304,1618750,1939958,12951381,12943242,16479820,15828027,20621730,19285587,18432711,13397308,6125919,6566476,5870736,3405218,31593967,16676488
375,000937,2018-03-28,-0.001984126984126977,0.001984126984126977,0.11333801887736296,5533.0,85201.95895877526,1983,17852336,24517222,1355257,2657933,4027388,6333177,1816850,2502278,3513702,3560147,1620198,755796,1673348,1059937,2236104,1826363,1609489,5821591
376,000938,2018-03-28,0.030000000000000027,0.04106060606060602,1.292768127965865,46536.0,245559.1416358168,2609,140174990,170100598,903823,1271218,10339608,14070384,13874370,16110419,18530459,22757195,18602650,19566701,16395988,16582267,8058190,11514075,53469902,68228339
377,000948,2018-03-28,0.009090909090909038,0.01909090909090927,0.29237763625853586,16762.5,170328.5075945146,1418,30103661,35730455,874488,929003,6734897,7409631,5669177,4539881,7423890,4215566,3151600,3342652,3646533,955019,929871,2215315,1673205,12123388
378,000949,2018-03-28,-0.007936507936507908,-0.005291005291005346,0.21012918288561758,6015.0,48281.521486630874,323,4804809,1919389,198652,315728,1423561,1162479,585976,332447,1171474,108735,477896,0,380250,0,0,0,567000,0
379,000951,2018-03-28,-0.02136457615437637,-0.015161957270847681,0.3740551029926388,11680.0,50073.40929557567,1505,25401982,12809434,1542914,1047708,9787131,5092961,5183404,3587495,4276693,1437670,936054,739664,343176,387024,868275,0,2464335,516912
380,000952,2018-03-28,-0.0007194244604316058,0.010791366906474753,0.43318842820804604,11360.0,107502.43296254273,1031,26695490,16879821,692755,1338906,3847962,4079503,2530456,4539260,5391484,2625354,4573328,1687143,1013091,1340771,423600,1268884,8222814,0
381,000953,2018-03-28,-0.007017543859649145,-0.0140350877192984,0.2676087574014783,16026.0,135976.9548084053,1022,23122259,20491330,573815,1160594,4702667,4747060,5140832,3461375,4405204,3882809,2195640,1674706,337450,1351819,1283274,0,4483377,4212967
382,000955,2018-03-28,0.035502958579881616,0.047337278106508895,0.13362547689250123,63360.0,313461.38250310783,2586,158245816,228016587,517796,1557686,8563666,9504917,14933149,15866557,31611316,27657098,21642286,26555880,25766317,23706750,12504957,18237737,42706329,104929962
383,000957,2018-03-28,0.00427350427350448,0.023504273504273643,0.24404084973716383,18860.0,88445.56809344843,1473,37268793,33554718,1206003,1216085,6794435,7363508,6947862,5478361,7888032,7686350,5554960,5671935,2536744,3151670,470000,972132,5870757,2014677
384,000958,2018-03-28,0.02517162471395884,0.03432494279176179,0.11396498868569412,11343.0,74980.94003196919,1474,21041703,28624053,1471051,1446047,6638728,6072265,4245254,5726808,3268819,5226283,2282131,2778283,2658680,1714494,477040,1350598,0,4309275
385,000959,2018-03-28,0.017021276595744705,0.017021276595744705,0.11144564406656421,4770.0,51248.6981559308,1790,14186164,19471873,2092123,1864662,4060423,4874965,2132989,1805802,3122534,3914064,719565,2158772,1076115,1382203,481961,2300601,500454,1170804
386,000960,2018-03-28,-0.001537279016141424,-0.004611837048424272,0.2676384783941358,25860.0,272013.21244138206,2365,120166297,91634124,1322373,1491149,10772437,11402228,10584855,11176988,20653061,13050524,12407504,8656876,9098940,5681004,7143259,4422401,48183868,35752954
387,000961,2018-03-28,0.06296851574212892,0.0644677661169415,0.1407449998244945,20820.0,225653.2505497618,2254,63530563,109895264,1505144,1239569,9992570,9980352,10443212,9377043,11782915,14855412,6174827,12870306,5012812,11915639,3620811,3544748,14998272,46112195
388,000963,2018-03-28,-0.022765469824293394,-0.04033613445378148,1.2077827169997568,51004.0,304884.81593784323,2946,231745654,160361520,1357030,924011,13340989,12652327,20889967,15222043,30382055,26868877,29571286,17342310,28103569,15779172,11407859,10629714,96692899,60943066
389,000965,2018-03-28,0.01284403669724754,0.022018348623853212,0.16239711438483984,13032.0,68891.3507971646,1127,18765055,22465368,880155,909828,4385734,5313601,3940339,3914457,4011756,4788699,2465872,4245865,2441284,1387403,0,953400,639915,952115
390,000966,2018-03-28,-0.016997167138810054,-0.014164305949008416,0.11672467436760806,10470.0,82708.05951096778,916,17134620,9879268,651198,734781,4982642,3529062,3039057,1184472,3300847,1184687,704649,753811,1028018,1300125,426777,414318,3001432,778012
391,000967,2018-03-28,0.002645502645502784,0.005291005291005346,0.304984990122364,15170.0,44096.92992120788,614,9855927,8260748,504915,565232,2824044,3604549,2078906,2036382,2381279,1323338,1376416,731247,690367,0,0,0,0,0
392,000968,2018-03-28,-0.0408483896307934,-0.047918303220738534,0.3100644796044649,12250.0,62788.90781430305,1689,40486625,16838354,1688405,1772407,7960450,5608772,6145976,3494039,14910730,2559767,3643452,1577038,3196746,1391811,927486,434520,2013380,0
393,000969,2018-03-28,0.03511053315994794,0.0403120936280883,0.17167037079238193,10569.0,116653.63008597751,2014,40598310,50807697,1735425,2331583,7227800,7684186,5205645,6527157,8065450,8223648,5183123,4869736,4592507,3583248,3813311,2193980,4775049,15394159
394,000970,2018-03-28,-0.006541291905151292,-0.0016353229762877675,0.25844125835204035,26961.0,255539.57856108702,2242,109237130,85054844,1019026,1363899,9806791,12577413,10797039,11807926,17088704,17091146,11058516,11954827,8051671,5436613,4128215,3535528,47287168,21287492
395,000971,2018-03-28,-0.016911764705882404,-0.011029411764705954,0.28634391418349553,27040.0,254405.89186496084,2259,101541656,85409382,1282367,1427751,10446007,11210088,11751043,11130507,15524079,17218220,12947542,7225486,10137418,6148758,3616927,4755659,35836273,26292913
396,000972,2018-03-28,-0.020000000000000018,-0.01749999999999996,0.17743301194379657,8344.0,75740.9804710073,508,9996465,5313154,431495,441056,1819236,1924261,2289418,1239509,2043708,684105,1166904,469023,312816,0,0,0,1932888,555200
397,000973,2018-03-28,0.0,0.009671179883945724,0.15531761505967231,12624.0,104227.64016117858,1109,24968043,21865293,1043564,857380,5660432,4237804,4575685,2959112,4381275,4571526,2964411,1415266,1975263,1388962,0,1324652,4367413,5110591
398,000975,2018-03-28,-0.009491525423728886,-0.008135593220338966,0.338038282900194,13347.0,149441.8919579444,1907,60283584,35662655,2431082,1045310,7875313,7687752,6698522,5808688,8627722,5342814,7655695,3377654,3201627,1528882,3491089,842534,20302534,10029021
399,000976,2018-03-28,-0.006024096385542244,-0.008433734939759074,0.2754741692903439,9047.5,85203.24448861169,908,14641918,6430234,688676,616886,5030982,1141529,1594494,693549,1470903,1370797,1066052,915454,655459,1041919,0,0,4135352,650100
400,000977,2018-03-28,0.008442380751371825,0.017306880540312264,0.40211471945979743,193590.0,1486384.581710573,3475,701870787,899057108,406527,503354,6851456,8371698,13807036,17352751,35999084,40373035,43942068,40820263,46701959,48232356,41120631,44194735,513042026,699208916
401,000978,2018-03-28,0.005369127516778427,0.00805369127516764,0.2449360135283409,7490.0,40643.72103292433,925,10533885,9010281,706523,1015903,4105272,3029370,2548550,2244982,1800756,1289640,667042,263550,705742,722816,0,444020,0,0
402,000979,2018-03-28,-0.011904761904761862,-0.011904761904761862,0.030605512408127623,9212.5,117725.04754661719,3170,69460345,58653465,2347704,2377250,12118416,11881533,9160194,9793204,12306568,11118273,5762375,6404997,4749565,4400525,2649022,3039459,20366501,9638224
