,code,date,pchange_whole,pchange,change_std,amount_median,amount_std,length,sumsell,sumbuy,sell_vol_0,buy_vol_0,sell_vol_1,buy_vol_1,sell_vol_2,buy_vol_2,sell_vol_3,buy_vol_3,sell_vol_4,buy_vol_4,sell_vol_5,buy_vol_5,sell_vol_6,buy_vol_6,sell_vol_7,buy_vol_7
0,000001,2018-03-14,-0.005008347245409106,-0.005008347245409106,0.2054463048875734,52382.0,474348.234212854,3404,306918796,278799872,1282167,1985246,13306556,13524574,18668227,21731535,32066118,37869065,27961336,23706794,26498655,21688408,20317264,17456260,166818473,140837990
1,000002,2018-03-14,0.008014796547472391,0.009556103575832475,0.5560373191910105,75049.0,435762.04205551266,3404,322618609,337233249,1189988,619924,15333047,11358036,26186673,22089646,43942500,41488581,30827800,26673416,26476821,26094296,18923041,28510253,159738739,180399097
2,000004,2018-03-14,-0.0017873100983020196,0.003127792672028562,0.7641149522519841,13590.0,219474.3289089276,858,12850534,12968692,536073,893425,4084033,4718154,2117677,3386120,2552316,1690920,717399,1156287,1039190,347200,412299,0,1391547,776586
3,000005,2018-03-14,0.004889975550122383,0.004889975550122383,0.1537269623624828,6559.0,55996.958692496584,708,8434440,8083874,797327,641070,2452709,2554480,1574368,1087318,889016,1859894,1597595,517870,0,394829,411000,413413,712425,615000
4,000006,2018-03-14,-0.03040935672514633,-0.021052631578947545,0.156136791593456,42483.0,324911.10109906836,3005,229647222,164561875,1133781,1697339,11971394,14730802,18335537,17544112,29125719,25497749,23367283,18690395,14801474,13179611,15244904,10173227,115667130,63048640
5,000007,2018-03-14,-0.037396121883656486,-0.02631578947368418,0.3434051700816127,17413.5,145902.38532475405,1772,55404142,45009314,1218679,1691027,7079496,8107760,8829991,7645110,10215017,9703214,8318073,3858301,2587805,2019315,2627462,1792992,14527619,10191595
6,000008,2018-03-14,-0.002702702702702786,-0.009459459459459474,0.20157216231749148,7360.0,126870.53098310296,1348,32218890,16017991,1630474,1167869,5175623,3311855,3562356,1570932,3755697,1623965,1922622,1271472,1847662,3649817,3298524,0,11025932,3422081
7,000009,2018-03-14,-0.00783699059561127,0.0,0.1349451416198865,15300.0,173937.16996908383,2240,79550282,59018411,2115440,1469066,10853991,7457397,10084229,7190867,11180588,12010633,6139369,8732690,6141575,6616679,4526552,889346,28508538,14651733
8,000010,2018-03-14,-0.020703933747411973,-0.006211180124223614,0.14232677225544657,8143.0,61383.026532433745,1153,16728360,10916163,1278462,957276,4881053,4336619,2871876,1909569,2418561,1461061,934096,802110,1395851,716334,1305638,0,1642823,733194
9,000011,2018-03-14,-0.009264978381717248,-0.009264978381717248,0.4469083338407727,16005.0,60266.90135264752,1312,28712624,14313321,1276686,1461914,7091672,5549919,6035979,3076049,5872698,2242383,4043511,481951,620604,1049341,1939028,451764,1832446,0
10,000012,2018-03-14,0.012345679012345734,0.004938271604938427,0.22221361082960966,12195.0,106280.21284737927,1329,33426508,29758636,1037877,1705360,5585136,4618242,5148593,4681555,4286442,7133713,3580029,2957820,2775653,2413730,6447387,846102,4565391,5402114
11,000014,2018-03-14,-0.009838998211091132,-0.02146690518783545,0.31485239211485794,11060.0,49848.1030950049,1261,22540695,12504696,1131466,1143658,5733610,5314466,5713217,3519805,4502978,2073679,2284022,453088,638716,0,877500,0,1659186,0
12,000016,2018-03-14,-0.004746835443038,-0.012658227848101222,0.21077136755999704,10064.0,72173.66734483905,899,20369879,9062748,954988,822271,4039877,2579121,4598590,2315972,3653050,1372165,2075635,1635355,2037950,337864,0,0,3009789,0
13,000017,2018-03-14,-0.016638935108153063,-0.0033277870216305017,0.20099852988420064,7754.5,40441.508479376986,894,12524955,6972023,1058141,657531,4233779,2477852,2871439,1679060,2945990,1111674,1114106,0,301500,1045906,0,0,0,0
14,000018,2018-03-14,-0.015075376884422065,-0.00670016750418756,0.1602647721438085,6567.0,62195.634204552276,1389,22835341,13183039,1701663,1079762,5653743,3631382,5020514,1758954,4932863,1725880,1875483,1399553,1656862,1633532,0,0,1994213,1953976
15,000020,2018-03-14,-0.0064177362893815815,-0.02100350058343059,0.347903285758775,24283.0,169727.34413236898,2434,100311104,67524652,1393910,1578022,12787126,11475440,12109828,11824092,15979428,13100665,9961859,9449763,6537416,3815252,5746569,1354460,35794968,14926958
16,000021,2018-03-14,-0.02441731409544956,-0.018867924528301883,0.17781399274683746,19734.0,151342.22661739605,2571,89290127,60328344,1634535,2800620,10452768,13016140,12374125,14081641,16721725,11907167,11351757,6569101,6462146,3037054,5413272,1889888,24879799,7026733
17,000023,2018-03-14,0.003551496702181689,0.003044140030441289,0.6192593109293605,9895.0,58544.85425664476,1014,15225352,11549248,1125088,958485,5338027,3638714,2999346,2606822,3607122,1374232,457278,461475,0,1439730,0,475790,1698491,594000
18,000025,2018-03-14,-0.029928741092636546,-0.02446555819477436,0.7920978322115296,41360.0,167162.99119268058,2827,133758183,116446287,1201114,1298226,14771511,13510807,19586634,18008993,28818936,24682352,17590167,14594378,13361332,10627096,11777646,5363772,26650843,28360663
19,000026,2018-03-14,-0.01839303000968051,-0.012584704743465736,0.3515508494785014,6120.0,67893.04951918816,863,13645563,7203537,678787,1190892,2253555,2367586,2009994,1515496,1980632,992849,1959959,429111,1716921,0,838241,0,2207474,707603
20,000027,2018-03-14,-0.005076142131979711,-0.005076142131979711,0.20138038126564875,5301.0,52445.42121103912,861,11358240,4354432,1440371,525029,2430425,1544728,1941418,1005320,1606478,547594,1652595,731761,377305,0,438060,0,1471588,0
21,000028,2018-03-14,-0.00714523097374542,-0.014955134596211339,2.1216726190718473,17754.0,98161.92164579633,805,22699557,11622098,769206,470104,3187252,4943123,1939896,1563543,3396615,1734573,3246106,762445,1042624,626908,2257092,0,6860766,1521402
22,000030,2018-03-14,-0.016883116883116833,-0.011688311688311637,0.22390854160139015,3072.0,40020.00363729339,1183,9656572,6345137,1002188,1872636,1793596,1724722,1212711,841235,2235275,859246,1476029,718684,645274,328614,1291499,0,0,0
23,000032,2018-03-14,-0.023622047244094557,-0.019122609673790758,0.3140259908406259,8800.0,30374.79133881711,801,9531512,6414778,749109,1100372,3940861,3116371,2259316,1463732,2009771,734303,214231,0,358224,0,0,0,0,0
24,000036,2018-03-14,0.004439511653718142,0.0033296337402886067,0.26942180148776507,12662.5,76424.45357970937,1118,22163177,20585197,936140,1409283,4661194,4803510,4714330,4491428,3892214,4945862,2310116,1202875,1471701,0,2710898,1291781,1466584,2440458
25,000037,2018-03-14,-0.014864864864864935,-0.01756756756756772,0.2210423250710928,7440.0,71643.03619396948,1122,18482209,11703205,1197223,956860,4371145,3714862,3226449,2318118,2782190,2198150,857904,1882827,726168,632388,946593,0,4374537,0
26,000039,2018-03-14,-0.01175213675213671,-0.0026709401709400504,0.3648549677290168,22428.0,216953.60635893498,2633,92322707,81293337,2119809,1659411,13049553,12352859,15153952,12418633,18221364,15007877,11348853,7602986,5739859,4976578,3597846,3202736,23091471,24072257
27,000040,2018-03-14,-0.026066350710900466,-0.018957345971563955,0.3843690377710902,4952.0,88896.2704576136,1086,13570378,4646471,1378807,1194375,2878954,1718556,1699382,355936,1453352,622879,1484151,284850,372300,0,0,469875,4303432,0
28,000042,2018-03-14,-0.019871794871794912,-0.019230769230769162,0.7269357620372867,10773.0,122046.88993398442,461,16244198,8410690,321751,515298,1196056,1651406,810159,1641249,1910497,3029626,2263720,230850,2195096,0,1805550,1342261,5741369,0
29,000043,2018-03-14,-0.0011013215859030367,0.0,0.4714909413932828,10464.0,56718.096762934925,370,7811657,3378208,728138,250136,2066558,1071602,2077977,776557,768008,1007213,490320,272700,352692,0,1327964,0,0,0
30,000045,2018-03-14,-0.020737327188940058,-0.009216589861751112,0.2792411278953795,10422.0,60831.41894267165,966,16868502,10965896,949846,1158970,5357889,3332295,3771318,2477186,2680763,1263896,1232374,676438,684902,1339235,1330410,0,861000,717876
31,000048,2018-03-14,-0.021023403411344788,-0.018643395477984992,1.212207560048421,14943.0,54923.41241114749,432,8732499,4196419,397215,381050,3043211,1564160,1966649,832242,1547979,600622,297600,209243,655366,0,824479,0,0,609102
32,000049,2018-03-14,-0.003514463368478049,0.0029737766964044177,0.8670145602441759,22209.0,75116.1798667151,1820,44721668,36974196,1113971,1217639,11872871,8932409,8247733,8266460,9867123,9325977,5045837,3069368,3735259,2808468,2642079,1296825,2196795,2057050
33,000050,2018-03-14,-0.021714285714285686,-0.011428571428571344,0.32726365422880915,26130.0,161664.587994018,2861,123160242,74360654,2221104,1359129,16302278,11299920,18510708,12835637,23377513,16810680,11802893,8359925,9851266,8137832,5629013,3639716,35465467,11917815
34,000055,2018-03-14,0.0036991368680643344,0.009864364981504226,0.19397227213840307,18018.0,87506.93510066957,1749,43120809,40091318,1440602,1538345,9266146,8599138,8766961,8228152,8310588,9060803,3068253,4978197,2030007,2808932,3100192,2079367,7138060,2798384
35,000058,2018-03-14,-0.017699115044247815,-0.013274336283185861,0.2374707848737632,7337.0,45454.085119237476,815,10699649,8404673,651343,1036465,3175190,2569761,1944764,1717341,3019426,1533228,706882,1244134,668312,303744,0,0,533732,0
36,000059,2018-03-14,0.008298755186721962,0.014522821576763434,0.2661223604161984,19580.0,145628.15818676152,1312,36392355,55492911,886115,1286858,6125067,5884480,5155326,6719107,7631211,9170344,4492022,5502940,4215342,5238702,1847714,4495596,6039558,17194884
37,000060,2018-03-14,0.00397614314115291,0.008946322067594492,0.1934628501770536,40400.0,249114.94568753932,2706,169214276,174688762,1426572,791870,10450106,9818396,13483980,14384241,24204312,24918046,15483385,20124604,16198334,17266100,14612184,13318082,73355403,74067423
38,000061,2018-03-14,-0.022253129346314293,-0.02364394993045904,0.23439802328848822,7090.0,62489.61789506987,941,17982037,7536823,1049052,690491,4633938,2296203,3791089,1343583,2216595,1368501,2121087,1411017,359352,0,1361684,427028,2449240,0
39,000062,2018-03-14,-0.035516605166051596,-0.02905904059040587,0.6302404253989308,16848.0,85673.07890915424,1183,30660669,17693283,999544,720301,7249831,4900541,5692299,2824020,5524485,3975698,4089379,1479885,2173080,2361874,0,852148,4932051,578816
40,000063,2018-03-14,-0.00848484848484854,-0.0036363636363635488,0.5653065813753108,118296.0,661635.2702583291,3408,513770816,518070461,608351,588514,11078615,10304327,21980868,20990907,46604572,42139499,40088396,38254684,41782219,39379712,28874691,27128037,322753104,339284781
41,000065,2018-03-14,-0.006309148264984188,-0.0018927444794952786,0.42958578497030836,7920.0,80293.70984673606,1361,24283388,17781781,1959681,1004450,5770942,4281833,3682878,2756629,3587289,3813938,2237123,2415261,2573699,1011555,452452,0,4019324,2498115
42,000066,2018-03-14,-0.027472527472527486,-0.020604395604395642,0.150510587320328,22475.0,197089.6462263473,2343,126080617,74370507,1299716,2010420,8936135,10877537,11554328,10920642,15436231,10981710,13916298,11840501,14135499,8777505,5668136,8490660,55134274,10471532
43,000068,2018-03-14,-0.0062893081761005165,-0.008385744234800652,0.15204891865230535,3792.0,51509.92160170955,986,12616500,5872103,1240729,881154,2701893,1680716,2099434,1512027,1582684,1105556,2217718,692650,1023002,0,905540,0,845500,0
44,000069,2018-03-14,0.0022988505747127963,0.0022988505747127963,0.17100495466696963,9581.0,198959.11855619212,2592,89045704,69722528,2817178,2133637,9177996,8678381,8509772,8043355,8579229,10861204,8433513,9512571,5979844,3818754,9672169,6957450,35876003,19717176
45,000070,2018-03-14,-0.020234291799787196,-0.007454739084132078,0.28735176632045445,9495.0,56298.981918714744,1068,19127751,10532126,993744,1337366,5536529,3735019,3559563,2049563,4447556,1736199,994351,452017,3128008,303620,468000,0,0,918342
46,000078,2018-03-14,-0.014778325123152691,-0.011494252873563315,0.1267404991323249,7956.0,113344.83876846253,2314,56334746,27494468,4017960,838044,10992262,4407908,7965647,4700667,8181516,6150514,3932805,4020294,4787684,4311931,4451731,1326148,12005141,1738962
47,000088,2018-03-14,-0.015151515151515138,-0.007575757575757569,0.2525786037470142,9480.0,63960.878076802226,984,15455609,11922390,853079,1345340,3940915,3875515,3091215,1638014,3867219,1735128,936198,1153146,1012486,392922,0,927460,1754497,854865
48,000089,2018-03-14,-0.017123287671232945,-0.012557077625570678,0.3120046278552402,8670.0,39816.122960928136,788,10739657,5221906,965010,915565,4413476,1869009,1695076,711224,2250396,990858,764725,216250,650974,0,0,0,0,519000
49,000090,2018-03-14,-0.004985044865403632,-0.006979062811565129,0.2364431024581663,5005.0,38257.667505758196,1801,15836756,15859930,1214863,2353400,4659035,5937799,3554205,2974012,2741401,3548922,1936041,1045797,606465,0,0,0,1124746,0
50,000096,2018-03-14,-0.0015117157974300355,-0.0007558578987150177,0.8667793337960005,11884.5,27095.977867197696,232,2758198,1873937,147812,245479,1304591,812498,816222,562352,489573,253608,0,0,0,0,0,0,0,0
51,000099,2018-03-14,-0.005917159763313529,0.002366863905325589,0.23157939871055014,1698.0,25208.476798541647,1333,7507548,6435830,1262587,1431914,3056331,2424916,1660209,1026358,779974,1127642,748447,0,0,0,0,425000,0,0
52,000100,2018-03-14,0.0,0.0052631578947368585,0.0676623546912304,31938.0,474520.6256437382,3182,214109259,238237409,1591922,1474839,15013507,15426580,17010605,16604244,23780583,23367834,14695370,19722445,12443562,10849115,4395934,8633886,125177776,142158466
53,000150,2018-03-14,-0.008887308922858161,-0.00177746178457161,1.9843653494253521,7049.0,45246.234054459994,200,1711422,1620328,199982,256873,625790,722047,503490,79408,165790,0,216370,0,0,0,0,0,0,562000
54,000151,2018-03-14,0.11583333333333345,0.11583333333333345,0.23784319937438303,36585.0,299500.5759218979,2556,128074574,139534329,1885317,1139434,9745128,12169399,13384235,14797418,21090052,21639938,16133105,18768705,12173856,12490316,13703871,13256362,39959010,45272757
55,000153,2018-03-14,-0.03172588832487311,-0.027918781725888242,0.2774537437331546,7750.0,72372.35264515191,811,12261416,6386394,1368213,808556,3589122,2398224,2357187,1602158,1094727,1189956,297990,0,373920,387500,445830,0,2734427,0
56,000155,2018-03-14,0.0,0.002735978112175186,0.15245162532093862,23584.0,163208.79587510158,2303,85519662,71755712,1508186,1767753,10288675,10519989,11819794,12651485,16778553,15098601,11030158,9175360,7276955,7053840,3966271,2711659,22851070,12777025
57,000157,2018-03-14,-0.004640371229698292,-0.004640371229698292,0.1080623336293034,9009.0,76450.8478536435,1595,33094719,17588213,1581807,1488470,7370069,5629375,5108202,3776934,5651581,3061241,3462744,1560801,2789009,379690,1290688,412800,5840619,1278902
58,000158,2018-03-14,-0.013698630136986245,-0.004981320049813109,0.21701979691535847,6848.5,66166.30724998286,1370,23042014,13034699,1648016,1577214,4269489,3979716,4066356,3494159,3437359,2393225,2997122,459996,632255,727486,1395699,402903,4595718,0
59,000159,2018-03-14,-0.002136752136752129,0.010683760683760868,0.18424542670303085,5148.0,37473.18354453662,645,4342948,5892296,649450,1156975,2054486,1625692,1012160,998510,626852,707991,0,734306,0,0,0,0,0,668822
60,000166,2018-03-14,-0.001984126984126977,0.0,0.13447031115925562,11088.0,149169.57992992384,1407,38427777,24860331,1271833,949456,7117492,4082219,5309765,3960092,4639775,3360446,3335064,2579027,3126243,1687354,3000232,3451309,10627373,4790428
61,000301,2018-03-14,-0.01646706586826341,-0.005988023952095856,0.18093654257407904,13450.0,85983.785132702,1364,37194809,20741100,1196371,1222606,6915347,5676464,5309417,4937217,8398005,3830765,3652185,2623486,4382018,1772618,1294522,0,6046944,677944
62,000333,2018-03-14,-0.0049423393739703725,-0.009884678747940745,1.0299864559505445,151325.0,961568.0479477216,3474,683001133,603442542,347966,281901,10101820,7916497,20549573,16599386,57439886,41580539,46579792,45484630,40779949,36606697,34528637,30837890,472673510,424135002
63,000338,2018-03-14,-0.004739336492890933,-0.0082938388625593,0.14834319707638668,25481.0,275253.0730317334,3244,146077700,116907596,2229286,2313212,13988029,17660753,15988421,19426953,17630535,19712112,13194271,11126010,8387473,12813910,4727301,4411060,69932384,29443586
64,000400,2018-03-14,0.0,0.0050000000000001155,0.28279210217246936,14532.0,75129.2109856839,1801,36590997,32213059,1382343,1254946,9387086,8825914,7187485,7003238,6091826,5503570,3011269,3625769,2458709,2487111,2673576,894454,4398703,2618057
65,000401,2018-03-14,0.02137931034482765,0.029655172413793007,0.25685936449287505,72900.0,364066.2818746254,3189,236577257,323570105,844892,842473,12050375,12537469,17869676,21680630,35877551,44911799,29288746,32616745,25024143,31739776,15856574,19362732,99765300,159878481
66,000402,2018-03-14,-0.00387596899224818,-0.00387596899224818,0.2391406101575441,10300.0,120836.83835979828,1863,45928495,36191653,1256244,2076633,7339929,7664032,5274915,5065811,7668251,5249217,4314432,2232861,2936095,2616367,3646380,1753377,13492249,9533355
67,000403,2018-03-14,0.021220159151193574,0.025530503978779873,1.5138297473304794,21297.5,101279.63709727523,396,7366130,11339750,236911,447587,1162596,3206451,1250877,1650856,942849,2057956,479009,714568,365760,1733929,490728,420453,2437400,1107950
68,000404,2018-03-14,-0.006768189509306244,-0.006768189509306244,0.19217536316295256,11124.5,132185.27452658903,946,25290492,14165211,730496,979188,3529215,3512756,3135886,2648724,3429847,3023807,3578927,2254495,1235643,697676,472000,409500,9178478,639065
69,000407,2018-03-14,-0.009302325581395432,0.0015503875968991832,0.18533185042971279,9630.0,67871.14189098,1213,22150658,16272460,1466966,775288,5424493,4322295,4064581,2977666,5221690,3996414,1732400,1914055,1036402,1123870,908309,0,2295817,1162872
70,000408,2018-03-14,0.002379535990481907,0.002974419988102328,0.43381574716598287,21963.0,118909.5331729235,1502,43026197,50974993,891737,1064935,6004026,6392745,7065046,7401015,9312834,19654213,4429983,3933675,3114124,3108153,3641989,1337879,8566458,8082378
71,000409,2018-03-14,-0.02564102564102555,-0.017094017094017033,0.20965176140639755,11440.0,54745.47554674943,779,12868547,8590518,697399,607226,4015585,3105215,2593615,1998397,2212025,1949732,860418,487103,388960,0,1454941,442845,645604,0
72,000410,2018-03-14,0.020938023450586263,0.03266331658291466,0.2088322323560113,73229.0,777570.4146561573,3282,321861467,452484515,813316,955972,12594731,12303246,17872459,22423614,36385572,42174294,30501209,27724837,24477855,19774997,20025765,20171882,179190560,306955673
73,000411,2018-03-14,-0.014427412082957614,-0.012623985572587926,2.134673832143747,13176.0,54502.23575455333,107,1696886,1828576,95491,44741,429695,577309,385280,944326,174800,0,218500,262200,393120,0,0,0,0,0
74,000413,2018-03-14,-0.007117437722420017,-0.0011862396204033177,0.16230812930827734,26257.0,205203.6980396284,2701,113080263,121237242,1744964,1585250,13043520,12586709,14608508,15959550,18987788,20092442,16087379,11460569,7207519,9853009,4700456,5389832,36700129,44309881
75,000416,2018-03-14,-0.00865051903114189,-0.005190311418685201,0.18787588051873172,8790.0,46672.75033657602,947,12526320,11487264,728435,999002,3941133,2997200,3210635,3274423,2780604,1078698,1210077,1998505,655436,660088,0,479348,0,0
76,000417,2018-03-14,-0.0038461538461538325,-0.0012820512820512775,0.24128211979136266,6216.0,33339.36323765047,1045,9116423,5601159,2657275,903377,2387939,1821038,1409106,1909410,763394,765314,930877,202020,334540,0,0,0,633292,0
77,000418,2018-03-14,0.013438625658076964,0.013715710723191998,1.8476782356227262,14697.0,72480.40410648989,1526,32325932,22949196,1280745,2134075,7977936,6333380,8238675,4551299,6836351,5396210,2225950,1666585,2019428,679370,925385,838839,2821462,1349438
78,000419,2018-03-14,0.003558718861209842,-0.003558718861210064,0.3192472503923014,11260.0,64122.1969060946,309,6875147,4262655,232072,246299,1218184,1246642,1240593,1428176,1072710,917599,1972647,0,674702,0,464239,423939,0,0
79,000420,2018-03-14,-0.013377926421404673,-0.013377926421404673,0.10016422550399827,8316.0,139243.2475529829,893,23925680,10665454,609942,1015473,2791838,3200947,2726213,2714325,3069869,1311578,2474831,1231131,2484267,0,1316920,0,8451800,1192000
80,000421,2018-03-14,-0.016274864376130127,-0.010849909584086936,0.20898173487222296,3282.0,30815.89535377979,700,6531176,2258325,880970,385176,1967484,999914,1642345,495767,895935,377468,694262,0,0,0,450180,0,0,0
81,000422,2018-03-14,-0.011730205278592365,-0.0029325513196482023,0.09368042087943397,9759.5,86208.29896475037,1330,23706379,18773006,1408919,1029513,5897494,5544367,3643753,2913285,3520842,2737217,2060874,3105403,1042050,378252,1781595,1358872,4350852,1706097
82,000423,2018-03-14,0.00033134526176281653,-0.00248508946322068,1.040295172922828,12112.0,127872.58273038873,3366,109600943,39437299,747922,253757,36246577,9855037,11200763,7261734,14260216,9438447,6722458,3911561,7609095,2677330,3173305,1349714,29640607,4689719
83,000425,2018-03-14,-0.0117647058823529,-0.009411764705882342,0.0775028259439475,20256.0,223130.5038456947,3027,116787442,107403122,1738996,2450626,12818064,14739652,14338090,14010919,17570088,14925473,10142508,12159753,8746991,9774689,6352326,7135411,45080379,32206599
84,000426,2018-03-14,0.01214953271028052,0.020560747663551426,0.2145501597201713,27075.0,180134.51993843116,2490,100529933,108969587,1365469,1318378,11250589,10317578,12022868,13182581,16712926,21128807,14405499,13268504,6462614,7193357,7438701,4423405,30871267,38136977
85,000428,2018-03-14,-0.002624671916010568,0.0,0.1971430180075457,2681.0,48248.78940211821,373,3879943,2489838,227387,618132,1064524,646288,541067,105546,662452,290702,545100,459600,0,369570,839413,0,0,0
86,000429,2018-03-14,-0.001245330012453305,-0.001245330012453305,0.2737678715355896,4815.0,64752.59520771704,860,8966016,7137245,471317,1896403,1489650,1771601,1217211,527574,685246,880660,2289620,492128,1554700,0,0,0,1258272,1568879
87,000430,2018-03-14,-0.006119951040391758,-0.006119951040391758,0.42714264983748634,3268.0,21508.06463887429,365,2995197,1653250,336258,268335,1535710,1062561,722169,154255,401060,168099,0,0,0,0,0,0,0,0
88,000488,2018-03-14,0.006010928961748707,0.008743169398907069,0.34927012783176337,29384.0,207130.1210348293,2746,134133954,106964968,1015017,2134717,12514102,13285457,15374485,16561588,20896018,21304568,13538973,11053552,9937143,8483771,6645015,8125997,54213201,26015318
89,000498,2018-03-14,-0.00911854103343468,-0.006079027355623157,0.24737805473079588,8528.0,72819.95048365081,707,13870592,6449831,730732,523346,2477697,1928720,2115405,1446201,5012480,1657428,965243,228326,720200,665810,407835,0,1441000,0
90,000501,2018-03-14,-0.01032179720704296,-0.007893139040680008,0.46784076951461384,8164.0,67493.40089125159,1239,26078714,12825129,1060438,1385616,5462842,3461108,4695927,2230876,6493943,2458220,3195695,1416381,1664689,1366416,1300920,0,2204260,506512
91,000502,2018-03-14,-0.027807486631016065,-0.029946524064171087,0.40526114000292746,8334.0,61305.27721878725,532,7308021,3941499,530798,843910,2121454,1324381,1416468,1003108,683558,224100,524272,0,0,0,0,0,2031471,546000
92,000503,2018-03-14,0.0031295137217139946,0.009388541165141984,0.8670078422373726,55178.5,357705.75967651914,2296,192894489,214891008,1187987,736104,10004299,8090089,12653992,10899660,24111358,16076859,24865034,21906656,15684255,13305030,10766710,21442589,93620854,122434021
93,000504,2018-03-14,-0.005740057400574039,0.00041000410004099486,1.334803842403104,24280.0,138302.2278414369,333,15599243,5087173,274963,121801,2197612,1134315,2141755,1258982,2922656,956783,800238,731200,619140,364500,1953320,0,4689559,519592
94,000505,2018-03-14,0.0011848341232227888,0.0165876777251186,0.21605249163385454,16790.0,67764.87167429809,1528,30050126,27608709,1250392,1456533,7073126,8550324,5111962,6195586,7666049,5357592,3086331,1498600,2362912,1711813,2228812,1398837,1270542,1439424
95,000507,2018-03-14,-0.03209109730848869,-0.015527950310559091,0.21425436761393218,19000.0,160056.19312166405,2034,54570837,48505243,1508995,2264217,9564199,12490952,8578865,7329983,9716655,8731437,4979172,2942430,3038552,2957393,1756310,883857,15428089,10904974
96,000510,2018-03-14,-0.00688705234159781,0.0,0.3093775804300099,9464.0,40845.732680289024,550,7297056,4597685,610188,524182,2480581,2245625,2034273,577448,1145414,426436,536500,451043,0,372951,490100,0,0,0
97,000513,2018-03-14,-0.0070700203942895,-0.005030591434398213,1.5084606326829768,29558.0,154536.87387529612,2378,87208171,89204520,1488330,1387976,13294624,10408656,13382256,19241568,14857996,16477225,8784681,10259618,6086383,7056493,5243970,2304129,24069931,22068855
98,000514,2018-03-14,0.0060606060606061,0.007575757575757791,0.19906120056467036,10087.5,59101.52647473473,1100,15251512,14402284,992340,1251667,4631157,4782716,2987743,2970259,3583533,2497322,1522827,1243169,705088,668471,0,0,828824,988680
99,000517,2018-03-14,0.026607538802660757,0.01330376940133049,0.09462805651709538,17404.0,119638.40159375948,2281,56263305,58616026,1830401,1708774,11773412,10228179,9790462,9447974,12419779,10305441,5424378,4348098,4045983,4862677,3494798,4845669,7484092,12869214
100,000518,2018-03-14,-0.03566121842496284,-0.034175334323922835,0.1838637713071531,9690.0,69684.70960823917,1341,21499506,11745724,1501104,1365862,6846733,4099921,4562667,2726946,2627769,2459992,1719355,481246,1079330,0,0,0,3162548,611757
101,000519,2018-03-14,-0.027210884353741527,-0.015873015873015928,0.16742344800374487,32984.0,207828.65184465537,2780,134291940,92269218,1654229,1673387,14365199,11034257,19706748,13993474,27749022,20688503,16798611,10447595,14993710,9463647,7593819,4506544,31430602,20461811
102,000520,2018-03-14,-0.024657534246575352,-0.019178082191780743,0.09059358587961884,10785.0,91407.10337045879,1632,35632202,20679443,1504444,1242079,8016931,6780327,5486311,3301275,5743707,4922584,2844830,967958,2375219,302040,2222342,904955,7438418,2258225
103,000521,2018-03-14,-0.024553571428571508,-0.01562500000000011,0.16156906949388394,4390.0,75243.49908096016,769,10736201,7142866,1151185,547635,2366380,1583602,1435294,1139066,1496776,599053,1677386,886277,654233,0,1314800,0,640147,2387233
104,000523,2018-03-14,-0.007947019867549643,-0.0066225165562913135,0.357153918295372,7510.0,34164.51938119831,446,5883494,2772980,657440,323855,2287833,1051091,1584117,743284,1045524,296250,0,0,308580,358500,0,0,0,0
105,000524,2018-03-14,0.004793863854266611,0.0057526366251199335,0.3621397612888475,4160.0,26770.52523749026,830,3203555,5471433,555255,1498004,1197921,1495150,417785,1043088,674862,647860,0,470533,357732,316798,0,0,0,0
106,000525,2018-03-14,-0.0037894736842105647,0.006736842105263152,0.5576449469156006,18984.0,114224.43457959029,1814,45083718,50737237,1420563,1746412,6691682,8650822,7844231,6607768,9023928,12998732,9733184,4835047,2855695,3395708,1401271,2685900,6113164,9816848
107,000526,2018-03-14,0.008275862068965356,0.006206896551724128,2.1162691311841604,17418.0,86627.65378187374,187,2611440,4280867,119700,130809,971145,716594,655785,511036,399780,592963,465030,989456,0,0,0,423545,0,916464
108,000528,2018-03-14,0.014583333333333393,0.025000000000000133,0.1817434524066701,29099.0,205751.8124681598,2795,96972841,122371187,1294429,1581514,13147852,17830462,14298705,12734492,22437847,24004753,13176497,13888472,7261075,7698190,5188349,5783384,20168087,38849920
109,000529,2018-03-14,-0.004566210045662156,-0.003044140030441511,0.2810183078802372,4620.0,35153.35958792523,546,7011882,2697886,983811,355449,2020634,901450,1662024,746231,1476014,694756,204867,0,664532,0,0,0,0,0
110,000530,2018-03-14,-0.04354838709677422,-0.022580645161290436,0.12176223761740604,30025.0,558386.7500283975,2608,127146580,174181954,893560,2076233,8267019,13829049,10256185,15002108,20532584,21362107,15323666,13288535,12434625,12956716,9417100,11115992,50021841,84551214
111,000531,2018-03-14,-0.012345679012345623,-0.012345679012345623,0.36321958866825566,7200.0,34393.09743450822,402,4596976,3126992,437354,579054,1504744,1033419,1100706,940929,947394,573590,277738,0,329040,0,0,0,0,0
112,000532,2018-03-14,0.02230483271375472,-0.0009293680297397522,0.37046495956269015,13104.0,81061.18738816875,844,16903010,13685345,708642,618696,4163137,3432234,3321730,3017688,3091483,3179287,966080,1252045,1611677,656356,0,474559,3040261,1054480
113,000536,2018-03-14,-0.011574074074074292,-0.006944444444444531,0.11384781958306499,5642.0,64772.05279365266,1444,17512504,13118907,1904510,897631,3711915,5587717,1384746,1705017,2780782,2211015,2034649,475940,1319695,303800,867370,429000,3508837,1508787
114,000537,2018-03-14,0.015212169735788539,0.014411529223378627,0.298095590368494,18960.0,112571.62664813329,1756,38871356,53407141,903753,1332418,6355351,10717811,7037249,7517972,9290900,8226067,4463800,6506416,4058691,4007504,2641847,3144636,4119765,11954317
115,000538,2018-03-14,-0.0028374543980542732,0.00010133765707331932,2.2366790299522967,19870.0,126230.3465512774,1948,52635397,49261705,3518996,2224709,15995758,8501860,6141823,6469625,7763664,7847362,5688045,4150119,2716723,1478195,1772345,4233697,9038043,14356138
116,000539,2018-03-14,0.0,0.0,0.2515330346329121,5568.0,60401.91027342665,338,5148646,2959015,511054,145259,1262745,1331838,707017,573675,343726,675354,438530,232889,705771,0,0,0,1179803,0
117,000541,2018-03-14,0.0,0.003389830508474745,0.22169096139604338,8001.0,30873.103105093338,1594,10439021,13909432,940257,3888407,3756878,6475014,2403288,2041707,1615698,1069451,1012500,434853,0,0,0,0,710400,0
118,000543,2018-03-14,-0.01553398058252431,-0.01747572815533993,0.10318029330491081,17578.0,180565.35961326363,2503,86649043,48167287,1488009,2684835,12143460,10083353,13925298,7874966,19726443,10415132,4455595,6437042,3041269,3230529,1314817,1341110,30554152,6100320
119,000544,2018-03-14,-0.020905923344947674,-0.01672473867595825,0.4831373893172721,14080.0,67948.59924431599,882,18086837,10808867,729550,1047972,3970401,4351057,3044501,1613774,3385686,930890,3874558,927970,325450,677732,2192291,413472,564400,846000
120,000545,2018-03-14,0.00424628450106157,0.00424628450106157,0.15150524852174949,10493.0,86790.74626185528,967,19475313,16596396,1054026,1004902,4676414,3354006,2978496,3418648,3212373,3065946,3425582,2365614,396150,1813271,840343,429299,2891929,1144710
121,000546,2018-03-14,0.02745849297573444,0.014687100893997496,0.40482661999041597,7890.0,55577.84236283822,1497,15069516,20482753,1540623,2275428,4269686,5501271,2441202,2844771,2604013,3977141,1665868,1243546,1683290,1966944,864834,1380565,0,1293087
122,000548,2018-03-14,-0.012461059190031154,-0.009345794392523255,0.2733305662622331,12268.0,50342.12816721884,551,10551402,4577979,528235,544608,3845779,1930632,1194040,859738,2507718,774867,1150783,468134,321500,0,430047,0,573300,0
123,000550,2018-03-14,0.008537886872998834,0.006937033084311706,0.6589199559699223,16969.5,72028.2438204878,808,15297763,13752622,793922,851962,4754239,3685922,3090266,2295586,3538323,2401575,482946,451130,1075904,1081233,474011,470500,1088152,2514714
124,000551,2018-03-14,-0.015047879616962967,-0.0109439124487003,0.31471198582674575,7942.0,91788.9912149237,539,11414109,7448614,442903,518171,1804822,1864177,3019392,1370706,1636125,1203163,1119580,500997,698352,0,0,848523,2692935,1142877
125,000552,2018-03-14,0.002732240437158362,0.005464480874316946,0.09469633738852617,3670.0,73786.03662498739,1498,20738343,16298662,1492960,996894,4367851,3450497,1717292,1932694,3758380,1921006,3541617,2274706,1828340,2533165,1319927,435174,2711976,2754526
126,000553,2018-03-14,-0.01487491548343467,-0.015551048005408963,0.44360379444211856,10325.0,58788.139869237784,1111,18925373,12652868,706144,1383270,4804578,4529005,3268471,2905563,4304379,2123672,2876925,1035926,1398641,675432,0,0,1566235,0
127,000554,2018-03-14,0.00561797752808979,0.011235955056179803,0.2227950800187859,14742.0,99613.57301479732,1022,28641260,21403290,660863,986883,4517570,4656320,4209352,2807083,5955047,4407216,3470635,2709437,3745788,1352018,2246826,1722185,3835179,2762148
128,000557,2018-03-14,-0.00219780219780219,0.00659340659340657,0.1623971638206485,9240.0,63771.19045179369,785,8089213,10265262,693398,794284,3431762,3776519,1698422,1832740,1645504,1894546,274800,426003,345327,0,0,0,0,1541170
129,000558,2018-03-14,-0.017130620985010725,-0.012847965738757905,0.10790320913409632,12142.0,87977.46129044346,1879,46666369,27052514,1902341,1678752,9695979,7224255,7557735,5835011,7729985,3392204,4052213,4543287,3486475,712538,5541414,886023,6700227,2780444
130,000559,2018-03-14,-0.007625272331154731,-0.002178649237472685,0.23504581967285623,12012.0,74289.06898600914,1526,30341958,24827731,1397699,1552306,6631339,6312185,5884358,4728503,6848881,4449344,3045338,2793821,1695253,1854593,2716062,456432,2123028,2680547
131,000560,2018-03-14,-0.018604651162790753,-0.011627906976744096,0.3145641037199622,8500.0,65203.43288284088,747,8248560,8752394,519137,1290331,3126948,2306994,2367267,1070092,2020158,1454324,215050,542825,0,0,0,0,0,2087828
132,000561,2018-03-14,-0.04177215189873418,-0.03417721518987349,0.1919411861023345,7700.0,76137.85943329982,1702,26466462,24166276,1712467,1379739,5737325,5446104,5072926,3955445,5500205,8909941,2492621,864904,1814097,699103,921518,0,3215303,2911040
133,000563,2018-03-14,-0.009569377990430672,-0.004784688995215225,0.09257110337296137,4992.0,100018.56347867608,2048,22291422,20597737,1990065,3368659,4731495,5256705,2145182,2914421,2522184,1068061,2194280,1477923,1399910,993183,493792,876171,6814514,4642614
134,000565,2018-03-14,-0.026033690658499253,-0.013782542113323082,0.27486381298444085,6560.0,59957.14298645999,564,9119975,3895103,636206,387738,2487468,1667906,1748902,553105,354046,624212,442605,0,1710428,662142,0,0,1740320,0
135,000567,2018-03-14,-0.019238023387400993,-0.007921539041870984,0.7753593533409007,21032.0,130972.81025675629,1169,39815189,29851994,794551,798005,4640459,6338785,5471331,4796485,4740466,4506878,4952791,4384048,4051388,2518541,4421235,823493,10742968,5685759
136,000568,2018-03-14,0.0387931034482758,0.036206896551724155,1.0943820584303994,35316.0,249507.20230155697,2811,122641674,182959593,982634,1104351,13938385,10732696,16356126,15073042,22968142,21769404,14896232,19014534,14274620,15998290,9476118,15214648,29749417,84052628
137,000570,2018-03-14,-0.017110266159695797,-0.009505703422053147,0.24401278842477403,5245.0,45854.281320671944,464,6478061,2897073,427783,294843,1650683,1411182,1094683,979037,1695483,0,667685,212011,342818,0,0,0,598926,0
138,000571,2018-03-14,-0.014000000000000012,-0.0039999999999998925,0.16120459991483055,4486.5,51227.62517474301,962,9837071,8827035,889320,730890,2646262,2643746,2565800,1817811,2058523,1469242,676276,748803,0,990753,0,425790,1000890,0
139,000572,2018-03-14,-0.01749999999999996,-0.01749999999999996,0.12232603643201173,7940.0,65159.41393924509,1071,20387668,11321004,1305520,924054,4714916,3199527,3146705,1834560,4133239,2641805,3439037,1487953,1108579,793905,925096,439200,1614576,0
140,000573,2018-03-14,-0.01183431952662728,-0.01183431952662728,0.22485642993547725,6023.0,53120.58828181815,508,8921436,3435645,545231,392728,2239211,775193,1891809,719309,1230025,628112,1596016,252999,996964,667304,422180,0,0,0
141,000576,2018-03-14,-0.00434153400868309,-0.0019295706705257931,1.004511074652911,12474.0,147188.1548805003,425,9763939,10063917,321061,345980,2251092,1178797,1993781,831356,1704145,1671247,1461618,465961,686742,306064,828000,0,517500,5264512
142,000581,2018-03-14,-0.006597938144329851,-0.010721649484536133,0.47442064790543176,14400.0,162980.72127145482,2613,92795033,44883004,3109801,2497566,10522607,10525818,12128713,8772833,11993682,8466553,8935218,4675386,4795745,1755509,6834288,1864236,34474979,6325103
143,000582,2018-03-14,-0.011891891891891881,0.0,0.3157090971768806,10267.0,56324.0022731103,858,12812763,10684828,927608,933260,4465519,3762641,3159978,1774307,2447671,1948293,414557,548090,742810,363870,0,440345,654620,914022
144,000584,2018-03-14,-0.017928286852589737,-0.015272244355909681,0.4570688021628635,23680.0,92561.16778241833,1085,31904324,17172076,679664,672426,9179030,4132260,5142765,4339109,7164889,4914854,2888875,1992061,1370147,633422,853876,487944,4625078,0
145,000585,2018-03-14,0.041095890410958846,-0.016438356164383605,0.101579600752213,7220.0,104858.28746425817,1295,23291845,10872993,1263069,1170630,5627624,3792594,4133997,1372357,4284716,2618272,1714217,494260,1345618,362000,463110,0,4459494,1062880
146,000586,2018-03-14,0.011370814908401972,0.01073910296904601,0.5828320017652462,8035.0,74454.92484481921,737,9130324,10045014,930071,1051802,2396997,2787819,1579346,2144228,1367690,1154248,441290,720807,347600,974865,0,406065,2067330,805180
147,000587,2018-03-14,-0.0028208744710859213,0.004231311706629048,0.19196546782985852,14200.0,136217.15980946567,1365,34641138,40525845,1173962,863256,4704073,5989363,4345653,6366578,6530158,6177929,3556159,6117018,1818464,3562429,1340106,0,11172563,11449272
148,000589,2018-03-14,-0.011520737327188946,-0.013824884792626668,0.2138901057379683,6928.0,67194.87313003094,411,8089547,4196975,563761,192631,1621158,1373032,1084088,1093810,1012385,1001802,1472598,235400,675821,300300,431568,0,1228168,0
149,000590,2018-03-14,-0.001566170712607673,0.002349256068911565,0.6605878255427802,6395.0,96314.26091627372,373,3579562,5982052,490435,210229,1762044,892965,671026,241744,656057,639435,0,254000,0,378880,0,0,0,3364799
150,000591,2018-03-14,-0.013592233009708798,-0.009708737864077777,0.1400495540362472,6156.0,60907.806647957696,1354,24190994,12734263,2038673,801916,5349718,2765504,3546993,2246703,5144100,2562007,3735969,1731651,978774,2116117,2310003,0,1086764,510365
151,000592,2018-03-14,-0.008528784648187626,0.0,0.12256825113920453,11256.0,79923.74292867143,1467,30627150,23350347,1249268,1111701,6237611,5882255,5565166,4384621,5485884,4638695,3784478,3930313,2281781,1393990,2217815,470000,3805147,1538772
152,000595,2018-03-14,-0.02391304347826073,-0.021739130434782483,0.186990647777894,6735.0,39120.44402976588,605,7951601,3215099,815738,569469,2442124,1513585,1598065,622511,1451374,509534,534600,0,659700,0,450000,0,0,0
153,000596,2018-03-14,0.011760966306420872,0.00874125874125875,1.5831480523337278,12595.0,93479.08070145172,1580,37093193,31019351,2209851,988235,6701582,6599241,6900768,4649075,6142112,6480875,2415427,4853079,2734000,1646396,3148414,2745900,6841039,3056550
154,000597,2018-03-14,-0.023946360153256685,-0.02011494252873558,0.31058108087927855,10210.0,91856.67482368826,1130,24167598,13560385,827640,1163146,4434915,4254466,3054202,1724034,3824047,3027872,3083517,2166783,1684543,706584,817050,0,6441684,517500
155,000598,2018-03-14,-0.007905138339920903,-0.005928853754940566,0.13185443141215283,5080.0,127255.43236145639,1475,28105322,11675707,2190947,1029944,4257848,3416385,3147058,2125355,2333693,1841904,3574211,902900,1083150,612350,0,451230,11518415,1295639
156,000599,2018-03-14,-0.012779552715655007,-0.004792332268370503,0.2360132648583381,12440.0,53793.29742028677,703,13661847,7386374,542663,766890,3189953,2717590,2938836,2036290,4341289,879555,755124,659489,310500,326560,438200,0,1145282,0
157,000600,2018-03-14,0.0027510316368639653,0.0027510316368639653,0.16409805089837468,14680.0,93797.46201668675,1965,46741142,39696354,1693750,1587381,8861840,9180956,8608380,7564704,9851921,8685349,6732908,4957368,2494496,3304228,1410787,2675608,7087060,1740760
158,000601,2018-03-14,0.0043604651162791885,0.008720930232558155,0.3140849774208176,6920.0,54532.98707486579,479,5385774,6129299,400132,725797,1441166,1115332,1349079,1787883,718740,1012377,484806,984760,363300,0,0,0,628551,503150
159,000603,2018-03-14,0.01948051948051943,0.008928571428571397,0.34619399612084323,21156.5,92677.63634455015,1266,29333923,35561509,693286,1092222,5723922,7266591,5783701,5534491,7007495,7767343,3760451,4892094,1283215,2520614,1286751,2598969,3795102,3889185
160,000605,2018-03-14,0.007651559741024272,0.0041200706297821466,0.4940561856393453,15466.5,58329.530547016424,1182,18887204,15885329,1056040,991932,6690964,5718735,4622248,3604224,4304036,2746643,1334136,475011,0,719090,0,407759,879780,1221935
161,000607,2018-03-14,-0.010791366906474753,-0.0017985611510791255,0.20688708918110535,3906.0,28479.4433790826,722,3853021,4060354,334617,1333890,1132855,1486475,782953,967020,803636,272969,0,0,333600,0,465360,0,0,0
162,000608,2018-03-14,-0.013850415512465353,-0.012465373961218829,0.24183372606230752,10725.0,43844.66902867958,891,14845127,8371534,933928,766590,4056235,3586543,4168407,1886667,2931581,1223190,651570,908544,1680198,0,423208,0,0,0
163,000609,2018-03-14,-0.02645502645502651,-0.01904761904761898,0.35905890058272355,8491.5,39907.32152503222,692,10769334,4991798,862324,625963,2987351,1807269,2651406,1535350,2605545,819056,1046101,204160,616607,0,0,0,0,0
164,000610,2018-03-14,0.008955223880596996,-0.0019900497512439497,0.6209387774027044,10030.0,29941.798358899858,261,2734930,2803732,229261,212858,1092573,1155101,743153,603707,669943,832066,0,0,0,0,0,0,0,0
165,000611,2018-03-14,-0.004054054054054124,0.0,0.4134809359269179,24970.5,154434.2087960543,320,11173259,10223179,207711,144336,1569860,1037016,1065211,2068945,2776738,2519755,1726928,2462014,342108,688248,0,431145,3484703,871720
166,000612,2018-03-14,-0.005025125628140725,0.002512562814070307,0.1834459175603487,3067.0,30038.623764788597,1886,11037852,10333419,2025099,1831359,3987574,4322274,1714995,2179080,1731080,874053,294400,464214,630809,662439,0,0,653895,0
167,000615,2018-03-14,0.0,0.007291666666666696,0.23245426912008635,17370.0,78152.39025488711,1706,34567878,31358466,1569729,2029339,8615515,8369660,7628454,6468185,6706168,7595948,4159439,1532583,2460777,681996,419244,3086349,3008552,1594406
168,000617,2018-03-14,-0.01620859760394633,-0.013389711064129672,0.6226504208452404,8466.0,89050.02793867118,519,10639988,5726922,372950,732554,1904619,1632393,1262091,1107596,2178114,960395,940993,0,355465,313984,1255576,0,2370180,980000
169,000619,2018-03-14,-0.02284946236559149,-0.012096774193548487,0.33594110878460315,2948.0,48021.11364109356,490,4636411,3846492,293618,515748,1605713,1169541,1081591,967857,284592,506268,250580,0,0,687078,0,0,1120317,0
170,000620,2018-03-14,0.0,0.0,0.18387271597000476,8820.0,53590.00106907938,1139,17123620,11148105,1678505,944804,4804645,3770157,5609261,1678255,2358198,1752115,203651,493289,1295991,324062,0,449352,1173369,1736071
171,000622,2018-03-14,-0.013333333333333197,-0.004444444444444362,0.2594911602005398,6825.0,25465.036781501643,300,2284779,1430350,215473,640006,1062518,604350,330620,50394,349018,135600,0,0,327150,0,0,0,0,0
172,000623,2018-03-14,-0.011904761904761862,-0.011428571428571344,0.3658458105146387,20870.0,126282.09872403456,3295,122102964,43788764,707288,258288,47369891,9620638,15016806,8172974,15808346,7770976,10700119,6054394,5147930,3435164,3563793,2182138,23788791,6294192
173,000625,2018-03-14,-0.008210180623973717,-0.005747126436781658,0.24882076363542915,29184.0,227209.9517669999,2397,107830798,96402165,1634806,1028929,12430878,12063761,10836179,14143485,18237468,18819060,9554483,12135065,7860680,5521533,7712639,7224396,39563665,25465936
174,000626,2018-03-14,-0.006201550387596955,0.007751937984496138,0.32626478694235034,19522.5,141180.3153678515,1566,49719067,43348438,1096891,1049252,7896311,6914066,7230633,5608077,9647780,8796091,4802562,4591610,4982621,1825912,1741555,3900468,12320714,10662962
175,000627,2018-03-14,-0.02977667493796532,-0.00992555831265507,0.19219311126996227,9570.0,101109.35085716932,1760,40731530,19654137,1761115,1500978,8489745,5444919,6115482,3568974,6377842,2581480,3157344,939924,3412696,1748576,1635855,963395,9781451,2905891
176,000628,2018-03-14,-0.029612756264236872,-0.026195899772209374,0.2353779798250437,14586.0,82273.76432767844,1395,31263429,20994788,1251699,1169645,6853140,5326057,6909211,4827094,5850654,3651236,3839522,1692072,325550,1987322,1821817,892213,4411836,1449149
177,000630,2018-03-14,0.0,0.0,0.06013733192086787,5796.0,143949.22330657576,2117,47170431,25763579,2135177,1517625,8093247,5093020,6182443,3923545,5198328,3652603,3946927,1767311,2054392,2387828,469975,446015,19089942,6975632
178,000631,2018-03-14,0.011848341232227444,0.02369668246445511,0.10189091118710863,10650.0,104275.5001801037,1723,24004050,41215221,2483403,1269097,6849998,7563955,3780371,5196428,3446947,6385090,2883462,3698045,1357812,1502133,2566332,3922633,635725,11677840
179,000632,2018-03-14,-0.0033444816053512794,0.0033444816053511683,0.2451146046422776,2400.0,52253.787960099275,595,8544029,3993759,376018,565949,1238961,1071408,2098274,652091,2087016,682225,1498035,696774,331415,325312,403800,0,510510,0
180,000633,2018-03-14,0.004581901489117968,-0.001145475372279492,0.4026492485817295,15695.5,73022.62578634289,470,7506732,8090584,466880,327120,3064085,1866905,1178028,1258658,1505496,1113974,428274,527100,389820,350800,474149,1769027,0,877000
181,000635,2018-03-14,-0.008727272727272695,-0.0036363636363636598,0.4827004412562706,10960.0,35315.517929210044,811,10328958,7738668,514023,953784,3673265,3542494,1956155,1384967,3249407,1857423,936108,0,0,0,0,0,0,0
182,000636,2018-03-14,0.028708133971292016,0.03907496012759171,0.22492377824939175,81158.0,533891.7310146469,3117,295636433,427230528,621727,1016301,9258336,11818013,16830696,16987667,33575322,35344469,30332031,31263047,21767709,27834365,16972738,17771962,166277874,285194704
183,000637,2018-03-14,-0.014625228519195677,0.0,0.2346024302570574,10960.0,60887.71500423196,543,10802909,7749920,416909,448618,2402314,1891980,2575263,1563810,2749939,2043419,1320043,429052,1338441,307414,0,425169,0,640458
184,000638,2018-03-14,-0.024533856722276703,-0.017664376840039187,0.22017208642181096,21525.0,202853.86417083425,2147,80930731,52559469,1088000,1903317,9608945,10734455,10786068,11257961,14319024,11057524,9679868,4872751,4381516,2773337,6028687,926983,25038623,9033141
185,000639,2018-03-14,-0.020820939916716075,-0.020226055919095765,0.4967714022852069,6620.0,63973.73430580507,1145,18615942,8358655,1614288,1356798,3637322,2719799,2859145,1681449,3944479,534664,474488,718859,3045454,0,498000,0,2542766,1347086
186,000650,2018-03-14,-0.011787819253438081,-0.00982318271119842,0.16322448909041873,5060.0,70792.10158623672,973,15186298,7642869,1283199,924717,2796580,1904928,1330675,1274631,1918734,1022450,2597065,1011092,678415,0,1372262,919835,3209368,585216
187,000651,2018-03-14,-0.007796158965582833,-0.007606008746910198,0.8800160589587831,262100.0,803897.690888982,3572,878548208,753173478,20882,83666,3219118,4264121,16272389,19944936,39953099,47048472,50578091,60233058,62299462,60407855,51492689,48475847,654712478,512715523
188,000652,2018-03-14,-0.004484304932735328,-0.0022421524663677195,0.14422497712115645,4460.0,51271.2983711942,957,9699277,8499580,672049,1484163,2641310,2536344,1071202,1258235,2107208,1967516,1414038,723502,0,0,448000,0,1345470,529820
189,000655,2018-03-14,-0.007259528130671544,-0.001814882032667886,0.17375724713491406,6582.0,46062.25388758877,1006,12924264,8538075,1245882,752080,3329822,3190209,2329380,1819278,4032918,1733073,1986262,218435,0,0,0,0,0,825000
190,000656,2018-03-14,-0.013307984790874361,-0.009505703422053147,0.1678935579245725,10983.0,140908.30437525504,982,32627212,12416400,864283,500866,5108681,2087060,5456884,1850138,5611365,1748467,2760030,1712823,2012694,975541,892479,0,9920796,3541505
191,000657,2018-03-14,0.006908462867012188,0.015544041450777257,0.33056481266230453,11720.0,56102.84271161588,1227,15416803,21023905,810070,1303294,4587270,5537815,3435338,3919897,4356356,4142070,1890289,2570832,337480,1348160,0,440513,0,1761324
192,000659,2018-03-14,-0.0196629213483146,-0.016853932584269704,0.14967076288405728,10590.0,125596.12265125726,566,18628440,6826157,368329,502585,2488627,2160948,1985778,1215124,2534078,1387395,1394943,1169155,2127659,390950,879346,0,6849680,0
193,000661,2018-03-14,-0.01858145143608847,-0.019239201929401428,4.431452017504059,36040.0,265486.08711483295,1695,104281871,101169207,0,0,8408029,11469899,7967546,11117201,14138296,14775120,7891136,5805059,5711882,8075435,6810480,5703714,53354502,44222779
194,000662,2018-03-14,-0.024535315985130146,-0.017100371747211796,0.42131330056988237,12060.0,67621.84616068735,1019,21693362,8708774,1015821,773993,4762917,3944106,4332960,1949399,5097565,1840876,1746031,200400,704962,0,1291732,0,2741374,0
195,000665,2018-03-14,-0.028619528619528767,-0.03282828282828287,0.2528962581071473,33509.5,370078.3263914032,2212,164324981,115084635,1122297,984556,10477367,8012760,12505203,9504438,19958553,14363506,15338763,10059259,9175347,7346661,10605352,7598304,85142099,57215151
196,000667,2018-03-14,-0.0032679738562092497,-0.0032679738562092497,0.10179315227381895,6426.0,86455.84170169522,906,15699582,9662630,1422690,560347,3088765,1649985,2007750,403741,3865886,4332359,1392660,0,1083232,665222,424384,0,2414215,2050976
197,000668,2018-03-14,0.0007434944237918462,0.008921933085501932,0.5290280327207474,13580.0,120908.99389907278,646,9546879,16534500,322666,869420,1830422,2612679,2862993,3956169,1364522,3100672,1025500,928955,388600,0,822000,425040,930176,4641565
198,000669,2018-03-14,-0.01935483870967747,-0.013709677419354804,0.4026139834927858,6160.0,59882.35992649166,948,15929067,7148686,1406711,627646,3602733,2613726,2582280,1426910,2772714,1558075,1236898,204844,1078687,717485,1822500,0,1426544,0
199,000670,2018-03-14,-0.0229681978798586,-0.005300353356890497,0.11001722658720627,18777.0,127371.62305151644,2657,78943972,58330700,1720263,1863333,12620746,13260735,12205867,11201010,17983632,12764773,9857176,5984832,3274150,4938559,2639740,2217629,18642398,6099829
200,000671,2018-03-14,0.0023980815347721673,0.00599520383693064,0.1683118190033983,22504.5,224430.33989890202,2464,131731953,101312080,2139078,1270739,9858360,8572407,12125697,9502134,20008807,16164343,13619944,11898728,11416217,6334395,11075707,6801381,51488143,40767953
201,000672,2018-03-14,0.08749999999999991,0.078125,0.21991634884841893,127762.5,730005.5199563227,3398,427673155,568249537,443235,499228,9122079,9352530,20241449,18746549,42393397,48374142,44768439,50992264,31876799,44191160,27559860,29743455,251267897,366350209
202,000673,2018-03-14,0.03393085787451988,0.016005121638924535,0.5039306705990412,21602.0,240022.43685822276,961,24119751,59129804,753549,646670,3941020,4913709,3561302,5156888,3467197,5783089,3949565,5675679,1309953,3842965,1369512,1240746,5767653,31870058
203,000676,2018-03-14,-0.026490066225165587,-0.019867549668874163,0.3908548756657522,10642.5,50023.606953772134,956,13472915,10320115,749854,604417,3588949,4004135,2764952,2136945,4309736,1356001,435780,489660,708369,768735,915275,458722,0,501500
204,000677,2018-03-14,-0.008849557522124019,-0.008849557522124019,0.15247450545973645,3558.0,43591.99758527656,494,5749753,2961273,560594,269529,1626104,1214225,1503878,382428,567681,1095091,221000,0,674531,0,0,0,595965,0
205,000678,2018-03-14,-0.01199400299850073,-0.005997001499250421,0.260308484122649,9937.5,45830.85632958506,656,12120217,4829462,745632,627057,3105129,2104537,2390150,903174,3499273,961318,1240150,233376,726963,0,412920,0,0,0
206,000679,2018-03-14,-0.020989505247376306,-0.020989505247376306,0.22906757242269485,6530.0,60881.7588940674,848,10981371,8970943,1105770,605301,3443804,1998268,2965984,1677298,1991462,1362840,235206,1194143,342825,0,896320,484946,0,1648147
207,000680,2018-03-14,-0.0065502183406114245,0.004366812227074135,0.13781775053438108,5038.0,57998.193477631256,1106,14957412,11508799,987469,1319694,3720090,3029950,1982826,1757217,3195444,2736325,1964211,2353253,1015225,312360,466375,0,1625772,0
208,000681,2018-03-14,-0.008171206225681016,0.01945525291828787,0.5289254936315101,30887.0,170713.25768325938,2365,98774430,88380107,1086691,831680,14695276,10679848,15081092,11492289,16997382,16566347,14802223,12106253,5471479,4134901,5336377,4479155,25303910,28089634
209,000682,2018-03-14,-0.0022123893805309214,0.0022123893805310324,0.21271864511656294,8190.0,43997.5790042652,451,6149113,3927440,395660,458845,2376753,1281190,716520,743380,686480,761649,1611300,682376,362400,0,0,0,0,0
210,000683,2018-03-14,-0.01041666666666663,-0.00694444444444442,0.06628311126482683,5166.0,67300.77628407023,1907,29374514,16930423,1866809,1973266,6017292,4828810,9189928,2821773,5405244,2914395,1816918,630956,329760,332352,1286661,447433,3461902,2981438
211,000685,2018-03-14,-0.011167512690355319,-0.009137055837563413,0.3203463705899222,5892.0,43258.021308166244,945,13231579,5792875,1325368,1045489,4464582,2344912,2087981,1277940,1833649,823877,1259248,0,1790619,300657,470132,0,0,0
212,000686,2018-03-14,-0.002466091245376001,0.0012330456226881115,0.2530183882581999,10595.0,104974.73222717585,1027,26115632,20633516,997685,1004828,4917031,3152008,3433257,3068100,5077395,4537645,3134103,2631714,1767362,1444205,1295344,921195,5493455,3873821
213,000687,2018-03-14,-0.06157849089332168,-0.04596704249783168,0.24536799297549539,25391.0,562612.4481607084,2210,185742415,88421547,992892,1547708,9547585,10346725,10134779,9559536,15800220,14561123,10890826,11125624,8594835,6504486,7403519,5443036,122377759,29333309
214,000688,2018-03-14,0.0,-0.0020470829068577334,0.31057919111800236,12688.0,133966.26308522254,989,24866515,17470909,1262836,1254387,6327080,2785735,2702437,3302029,3150157,3347330,1823410,2299367,704273,0,959875,0,7936447,4482061
215,000690,2018-03-14,0.0011834319526629056,0.002366863905325589,0.26023240713071194,10104.0,194256.74815674833,1054,26942373,29702347,1204601,776408,4445632,3869260,4127307,2646586,4778925,3552494,2561902,2740005,1067625,2083415,1667347,2612303,7089034,11421876
216,000691,2018-03-14,-0.0032573289902279035,-0.0016286644951140072,0.2747583948370488,8060.0,33208.825598185875,499,5473274,3969735,496580,709596,1904676,1883446,1165107,703506,1053529,673187,205355,0,648027,0,0,0,0,0
217,000692,2018-03-14,-0.019230769230769273,-0.016826923076923128,0.19536671030226763,4110.0,43846.153765459225,453,6071240,3160192,261885,516428,1294742,1477351,1560942,432693,1077396,520822,1052177,212898,0,0,824098,0,0,0
218,000695,2018-03-14,-0.006528835690968293,-0.005440696409140244,0.38866213325526144,2745.0,37290.70706630921,560,3344889,2221002,199743,1286845,1239721,695107,0,239050,227822,0,273300,0,0,0,1404303,0,0,0
219,000697,2018-03-14,-0.01440329218107006,-0.011831275720164625,0.6038333938274943,19185.0,71051.38103260176,1036,26064212,14987507,804419,1192886,4597665,5059653,5209480,4326963,6530842,2654401,2264350,1418480,2597421,335124,1379311,0,2680724,0
220,000698,2018-03-14,-0.007130124777183555,-0.005347593582887722,0.22684933846023406,5620.0,70222.49991148959,611,11365544,6228274,1219322,310465,2287679,1755371,1261046,1202550,2104983,1046965,1460104,477381,367822,0,831952,865457,1832636,570085
221,000700,2018-03-14,-0.020715630885122294,-0.015065913370997941,0.15876948071658895,7364.0,125671.67339195588,1120,30738624,13891437,815595,1038742,4040378,2811509,4230793,2180930,4767090,2048704,2145086,1026865,2890685,1007569,906675,413648,10942322,3363470
222,000701,2018-03-14,-0.013793103448275779,-0.008045977011494121,0.26531494082665563,6027.0,114587.09401235734,1075,20995114,12164310,2206898,614220,3820829,2215394,3089841,2510071,3715832,1454648,1583108,1026780,352869,1099721,428911,0,5796826,3243476
223,000702,2018-03-14,-0.005970149253731294,-0.007462686567164201,0.17395250820338726,10576.0,78823.4264556407,1485,31477194,16138456,1693501,1117520,7849952,4565969,5502142,3516316,4817224,2801155,2230315,1734708,1643601,1047323,1770484,0,5969975,1355465
224,000705,2018-03-14,-0.010695187165775444,-0.006684491978609763,0.2859512469229169,3755.0,39237.495429264214,684,7425837,3597569,790622,902316,1642265,1569081,1677936,544928,1192858,581244,908053,0,765903,0,448200,0,0,0
225,000707,2018-03-14,-0.028761061946902644,-0.028761061946902644,0.14353153365158752,5772.0,37356.962369257926,993,12278431,6044044,1635215,886253,4295177,2456376,2504900,1042464,2314509,1318596,228480,0,319782,340355,980368,0,0,0
226,000708,2018-03-14,0.008841732979663952,0.007073386383731117,0.3590342131371483,11360.0,57007.11684653757,992,14035713,11421836,1219775,357001,5773886,2935160,2009222,1564389,1504396,2371321,2143564,1732127,342600,310401,472270,425237,570000,1726200
227,000709,2018-03-14,0.007853403141361293,0.010471204188481575,0.08233519606841706,11107.0,194574.93343885394,2165,53749369,63553235,2178594,1472534,10159029,8289960,6382939,5133702,6721975,6916194,3999481,3865809,3581067,5196553,2208590,2253386,18517694,30425097
228,000710,2018-03-14,-0.024675600935970987,-0.013826845352052697,1.4211927621943068,18922.0,92939.88110502131,1094,32261100,20447466,1172702,1118248,5591556,5313872,4654657,3919166,5536783,4068236,6045210,1714814,4742199,1388330,818356,465100,3699637,2459700
229,000711,2018-03-14,-0.017446471054718415,-0.009516256938937317,0.3945248552765803,17486.0,64403.864729321875,1021,25353273,14523906,583127,833449,4435487,5206082,7388224,3148006,6463243,2741729,3317412,1179056,1046641,678084,936639,0,1182500,737500
230,000712,2018-03-14,-0.01620526671168132,-0.008777852802160702,0.3942789575179507,8922.0,82584.2000879126,1411,29185566,20860700,1170728,1017506,5010179,5475130,4124576,3339031,6111848,4598361,4650552,3192481,685952,654212,3578302,0,3853429,2583979
231,000713,2018-03-14,0.01775147928994092,0.004437869822485174,0.24929007591581612,9590.0,72178.9390135791,735,12703316,9478242,550963,1071677,2857250,2663148,3194535,1593642,2244462,2430399,2402266,1122139,0,0,0,0,1453840,597237
232,000715,2018-03-14,-0.003444316877152853,0.0022962112514350874,0.4470395452574453,2619.0,41998.79076584409,379,2529897,2364147,211118,522453,815435,456492,469490,549115,301316,157651,211409,292120,0,386316,0,0,521129,0
233,000716,2018-03-14,-0.01679104477611959,-0.013059701492537323,0.19036240441657076,5370.0,62401.59662466399,793,10932338,5519077,1051865,889694,2435203,2248505,1280387,997096,2024035,694013,1710049,0,670805,0,0,0,1759994,689769
234,000717,2018-03-14,0.0350877192982455,0.03913630229419707,0.13539963529120058,37917.0,275493.09775515454,3002,156244621,184999520,1776355,1232969,15771126,12815195,19371002,17029356,30526801,23076138,17136089,16784758,12980345,13961385,10941715,14428881,47741188,85670838
235,000718,2018-03-14,-0.00917431192660556,-0.00917431192660556,0.12966494530011133,9638.5,77884.86158037143,1132,26364338,14614428,1135010,965866,5074679,4041920,4071621,1999316,6081935,2788851,4505708,1820628,1361595,368064,1746855,897078,2386935,1732705
236,000719,2018-03-14,-0.012443438914027105,-0.010180995475113086,0.2805436345754382,4380.0,42276.60942695273,993,7797794,6529808,841596,1516005,1874128,2402455,1489405,1410307,1052960,342288,262500,467507,678369,391246,996356,0,602480,0
237,000720,2018-03-14,0.013761467889908063,0.006880733944953921,0.1939078959975156,10416.0,55508.413421653575,505,7260256,7563657,567261,332926,2369301,2042789,1192544,1583335,1029096,1972984,964688,1214437,639726,0,497640,417186,0,0
238,000721,2018-03-14,-0.015873015873015928,-0.01388888888888895,0.19979180243206637,9000.0,35384.0924519194,636,8466650,4626770,799287,636737,3115406,1922363,1179576,1451401,2197386,400338,1174995,215931,0,0,0,0,0,0
239,000722,2018-03-14,-0.016181229773462813,-0.017259978425027023,0.3618006029561721,9200.0,69063.95980437782,656,11162694,6835654,587774,835697,4112003,1768005,1922150,1160928,2582027,1059345,248236,1210283,347004,385980,0,415416,1363500,0
240,000723,2018-03-14,-0.02464788732394363,-0.01936619718309851,0.11625807722519949,27824.5,184573.40877623655,2392,113123608,111256819,679162,2174353,5352025,14437793,7579872,16350540,11316284,19310920,16580773,12138076,22141304,9980825,12216218,7604531,37257970,29259781
241,000725,2018-03-14,0.006768189509306355,0.010152284263959421,0.09870410290639167,264323.0,1473878.9142990587,3600,1135438497,1380104125,59025,85445,3854115,4634672,16436297,17260047,56770291,54244784,59445927,45910137,62635753,55103334,43164710,46177085,893072379,1156688621
242,000726,2018-03-14,-0.007441860465116301,-0.005581395348837281,0.4210683520591537,5355.0,48997.57877800072,651,9037399,4979234,1004587,812947,1721529,1119635,1316494,862224,2836912,1522709,567600,0,1000677,661719,0,0,589600,0
243,000727,2018-03-14,-0.007874015748031482,-0.003937007874015852,0.052641447093296906,6804.0,59768.07926348751,2362,36280648,19918658,2919551,1566073,10046194,5168703,5536634,3352947,7716228,3966018,3180358,2914231,1750961,1003892,1314683,402192,3816039,1544602
244,000728,2018-03-14,-0.007299270072992692,-0.005213764337852034,0.23344052894499814,19220.0,150998.9790119872,1688,68341206,43634772,1381993,1515966,9397164,7321086,7817590,7211977,9569151,9302703,5694771,4751167,8631472,2427716,5143763,2772092,20705302,8332065
245,000729,2018-03-14,0.005181347150259086,0.0012953367875647714,0.17099562001586005,10752.0,104678.1119882343,2041,44948039,33632510,2184882,1344592,9569197,6798582,7419004,6761817,7107793,5817228,3403234,3306851,3457564,1060134,3004711,1788248,8801654,6755058
246,000731,2018-03-14,0.003896103896103842,-0.003896103896103953,0.30781650055836834,15320.0,101919.47274160398,625,17328484,10588070,608019,457144,3359188,2686143,3305523,773292,3179136,2606289,1645716,1319080,1460004,385000,0,0,3770898,2361122
247,000732,2018-03-14,0.008300132802124827,-0.003984063745019917,0.5486378089974454,62118.0,299008.79903578886,3016,242469160,230915186,1134485,1118960,12052669,11840655,17659131,16857190,31783123,36968497,27222346,25560319,20502224,19429969,16592061,20000978,115523121,99138618
248,000733,2018-03-14,-0.012869038607115968,-0.006056018168054456,0.3179908294834729,9303.0,74586.96501789348,1727,28188436,21250080,1111690,2139087,7236994,6659456,3959997,3386964,5582773,2463895,3422242,926697,1719508,1060969,886659,881148,4268573,3731864
249,000735,2018-03-14,0.05084745762711873,0.051977401129943646,0.15538790768614988,58740.0,489437.21006695373,3252,253259887,312377199,1228099,1189211,14330358,12772106,20741496,20460708,36208730,35179374,28833918,22559661,20834914,22369524,17993471,18359023,113088901,179487592
250,000736,2018-03-14,0.0016930022573364845,0.003386004514672747,0.6973534448568119,14208.0,66546.35727527764,645,11015205,8720842,615806,515356,3172719,2610263,1905955,2423313,2300860,1992871,507170,283452,1378125,0,0,895587,1134570,0
251,000737,2018-03-14,-0.021428571428571352,-0.011904761904761862,0.18394714346648564,8280.0,53155.12662529073,521,8035786,3581728,556807,491177,2557224,1128253,1349129,542024,1561566,469974,554247,224930,386048,725370,485297,0,585468,0
252,000738,2018-03-14,-0.016441573693482203,-0.01996476805637115,0.3036078397519323,48372.0,299139.00876597303,3149,227759647,164701100,1385903,1133908,14642299,12243247,23112484,17770997,35253024,30113957,24252662,15087302,19046117,13376585,16405127,9261031,93662031,65714073
253,000739,2018-03-14,-0.01036269430051806,-0.003454231433506094,0.20053220692435275,8625.0,88498.8252551652,834,15404201,12367191,352013,1433201,2140240,3785708,2516561,1780790,3002501,2184718,2654359,1256331,1112746,0,0,862363,3625781,1064080
254,000750,2018-03-14,-0.006479481641468721,-0.006479481641468721,0.14819605075856596,8298.0,129036.6436182968,977,22382332,14183376,1051616,1016721,4740166,2743684,2826444,1606843,2146289,1484586,1261698,1870421,0,351712,1835473,1384000,8520646,3725409
255,000751,2018-03-14,0.008281573498964745,0.012422360248447228,0.1308671987395485,12792.0,101917.1112072723,1364,25546741,32818050,1296521,1351254,5480490,6935698,4446942,5398730,4305681,4302096,2696183,3459239,1358641,2380766,1758708,2270141,4203575,6720126
256,000752,2018-03-14,0.021536252692031743,0.01866475233309406,0.4876661859444829,15499.0,254707.4162870236,816,23838012,21709614,854224,520861,4129513,4164931,2379286,2442932,3624444,2611195,1504563,1444264,687342,2141127,885254,3165020,9773386,5219284
257,000753,2018-03-14,-0.019718309859154903,-0.014084507042253502,0.1367676066479694,3181.5,57966.95986653446,674,8346091,3854113,1080081,418016,1697506,1057754,1427013,494086,926183,498640,1067115,204547,733950,351000,0,830070,1414243,0
258,000755,2018-03-14,-0.013392857142857095,-0.013392857142857095,0.3717421383618643,9662.5,194381.37755992528,326,8951687,4514452,306238,300791,1576768,948166,1709940,275389,582974,707188,0,232560,300755,0,0,0,4475012,2050358
259,000756,2018-03-14,-0.007581501137225111,-0.010614101592115177,0.34521965853409,15810.0,127523.25898330509,1460,45167306,34417899,1023076,1203788,7016403,6059249,6451185,5570570,9671243,5837833,5799856,3653971,2856308,3161501,2260305,1765209,10088930,7165778
260,000758,2018-03-14,0.004815409309791185,0.01123595505617958,0.14393207072337863,18960.0,166242.2414355098,1876,52902018,72602025,1166385,1437014,6936122,9164124,7588317,9610387,10039041,10923143,6678753,8967208,5365342,7923748,3181548,3109477,11946510,21466924
261,000759,2018-03-14,-0.0193470374848852,-0.014510278113663788,0.30660302082725666,8240.0,55991.333026637825,727,11526319,5944302,841737,1026033,3142049,2086873,2411515,1234859,1460997,606268,1468587,246600,0,331669,854115,412000,1347319,0
262,000760,2018-03-14,-0.02425373134328357,-0.011194029850746356,0.14920743262147448,11214.0,74832.58628566378,1293,24754940,15676304,1132327,954765,6910624,4936961,5624514,4088023,5040538,2363665,1886485,519966,310788,383946,1843700,906438,2005964,1522540
263,000761,2018-03-14,0.013698630136986134,0.015655577299412915,0.125666902700184,10220.0,122811.7658382811,1656,33539461,40525703,1437432,1282210,5833499,4970728,5183927,4800844,5766851,7203493,3763652,4106929,1377632,2762935,1346540,1277453,8829928,14121111
264,000762,2018-03-14,0.0006978367062107083,0.016050244242847178,0.29958481969350764,33488.0,142027.14279274392,2289,87080031,101153150,1098709,1111098,10613233,10402193,11929097,12479713,23404648,21452101,11155177,17450463,7445758,11481013,5844240,6619207,15589169,20157362
265,000767,2018-03-14,-0.014234875444839923,-0.007117437722419906,0.14152490230386974,4480.0,60184.211219769786,394,5440527,2523892,380266,290999,1172114,996549,962958,834489,880303,401855,280000,0,305760,0,0,0,1459126,0
266,000768,2018-03-14,-0.04107830551989733,-0.034017971758664944,0.2772709580450363,37800.0,184669.0502030268,3160,172192916,123054308,1349948,1119967,17858356,14113643,21009520,17608931,34863539,30221148,17449379,18023836,13995295,13180186,8008630,7648035,57658249,21138562
267,000776,2018-03-14,-0.002379535990481796,0.0011897679952408424,0.3467027772416399,30222.0,184572.0163351523,2351,130723857,90511460,1143228,1272665,12484804,8629106,12520610,9226930,22645152,18627121,13931662,11375631,11963855,14258264,7518453,4393411,48516093,22728332
268,000777,2018-03-14,-0.010615711252653925,-0.0014154281670206714,0.42751109193149167,11284.0,60716.32252089402,1092,17141717,12595275,813834,1574336,4337166,5190578,1999544,2256571,3718731,2412229,2015478,419799,1338823,0,916000,0,2002141,741762
269,000778,2018-03-14,0.0,0.005791505791505891,0.11815825864601713,9861.0,126012.8566767684,1926,45223068,35701986,2428082,1062405,7790965,5847587,6532358,4593172,6840538,6312166,5639642,3425311,3498617,1063988,491242,2181592,12001624,11215765
270,000779,2018-03-14,-0.009411764705882342,-0.0023529411764705577,0.6104410774717685,7020.5,48820.06752597591,436,6518786,2817555,242613,577797,1353750,1372033,1766922,605235,796796,262490,762716,0,1084789,0,0,0,511200,0
271,000780,2018-03-14,-0.007874015748031482,-0.005905511811023723,0.1929257528483976,10060.0,103160.55374226677,693,13542272,15341471,264766,864053,1962917,2650822,1113112,3077367,1813196,3580297,1716031,810284,1072848,1292358,424848,0,5174554,3066290
272,000782,2018-03-14,-0.027859237536656978,-0.02052785923753675,0.27763332696181137,6730.0,68662.82488391949,603,10728910,5159450,670284,473133,2068875,2098280,1383512,1295605,2072858,429060,276750,863372,1730223,0,415496,0,2110912,0
273,000783,2018-03-14,-0.005326231691078598,-0.0026631158455392434,0.20985833296501422,9024.0,112784.89792000096,1281,28782667,19703465,1325143,1406099,5602879,4210279,3181974,3715022,4167548,1828451,1913870,1804464,4242229,2102052,469623,966741,7879401,3670357
274,000785,2018-03-14,-0.019730010384216068,-0.010384215991692813,0.3906389760438476,9640.0,55175.21005778967,607,11857166,5913259,637068,617633,2869928,2389806,3217924,806391,2736100,947779,1252370,454920,705470,0,438306,0,0,696730
275,000786,2018-03-14,0.0,0.015067406819984308,0.4333711845731228,79019.0,339216.2153262936,3390,241105831,333326429,801945,649172,14956734,9206842,24002684,22835698,43269525,42540719,30305719,39864860,27634563,29828253,16549987,20278512,83584674,168122373
276,000788,2018-03-14,0.007566204287515754,0.010088272383354413,0.32272240202470426,11130.0,58406.31596558108,603,9250307,9407198,718112,507101,3158165,2209950,2300238,1891690,1199378,3201553,1571934,271206,302480,0,0,0,0,1325698
277,000789,2018-03-14,0.06462585034013602,0.0714285714285714,0.20113552013292693,111055.0,362876.5026919672,3429,318753111,446932036,426403,577518,9665503,11649333,19159629,22986563,49768944,45780613,44916771,42305560,36680577,33413166,21885974,26661402,136249310,263557881
278,000790,2018-03-14,-0.011982570806100101,-0.009803921568627416,0.1776155711372969,27675.0,173046.3477926775,2678,106560741,98236157,1496745,1687198,11356369,12924769,14375990,15425672,21452819,20112614,12017277,11187976,7579972,8295156,8471388,5867913,29810181,22734859
279,000791,2018-03-14,-0.008042895442359144,-0.01608579088471851,0.2049852993713163,14580.0,85838.56099316245,1325,29045668,22096963,1281139,821296,7939353,4598459,6057082,4412031,3907136,4382473,2697611,1526141,1786215,1380034,1648939,1288603,3728193,3687926
280,000792,2018-03-14,-0.012426900584795342,0.0014619883040936088,0.2460126311166227,60038.0,323823.3979850116,3096,260611215,222676380,1325477,944936,12665018,11544501,20270475,17916584,35667403,26146205,29762584,24709985,27933837,16933421,27387444,12348426,105598977,112132322
281,000795,2018-03-14,0.09322033898305082,0.09322033898305082,0.10193887458029695,62177.0,738379.7952710926,3363,444187689,284920898,1547098,913713,17412058,10524359,24338780,18336665,40320457,36111683,34584308,19220249,22176957,18754961,21564988,10335894,282243043,170723374
282,000797,2018-03-14,0.016339869281045694,0.004357298474945592,0.30920297598264473,7359.0,60276.25247128299,881,10123063,11628885,1273877,622892,2997314,2432102,2729916,2013000,1649026,1709288,745210,3168189,0,661752,0,0,727720,1021662
283,000798,2018-03-14,-0.005917159763313529,-0.008284023668638896,0.36525484494474786,5908.0,48456.10249981795,535,4961807,4003863,436701,772639,1668141,1773446,644515,806025,893828,651753,0,0,0,0,415500,0,903122,0
284,000799,2018-03-14,0.012552301255230214,0.015481171548117123,0.48560109044602606,21519.0,99403.84136744554,2423,62619625,61364636,2155605,1747166,12377684,9695107,14504657,11994240,14344098,13148368,7002891,6811860,4906476,2959003,3150497,2640051,4177717,12368841
285,000800,2018-03-14,-0.0162308385933273,-0.0027051397655545317,0.2617591795733859,23247.0,149011.6335734178,1796,68991242,48907813,928552,1022379,9662852,7857151,9637876,8415487,15110639,9810574,6523999,6814457,5889241,3858803,5695638,2592833,15542445,8536129
286,000801,2018-03-14,-0.01176470588235301,-0.005042016806722782,0.14740302039956393,6501.0,78348.44407045496,1632,28764109,17903396,1711778,887245,6565922,4145859,5192373,3919684,6237045,3349119,1549575,1761303,1656767,1326428,1751647,904118,4099002,1609640
287,000802,2018-03-14,-0.009113504556752194,-0.0041425020712511085,0.3717655218633515,11995.0,52482.55265195347,1054,17938153,12315205,973662,814588,4267907,4105074,4008477,2368331,4618530,2118052,1490895,2229755,2096282,679405,482400,0,0,0
288,000803,2018-03-14,-0.009496676163342821,-0.003323836657169954,1.9412553391094662,12588.0,45695.65301889385,117,947281,1969142,62567,36794,434423,782912,313856,379530,136435,352306,0,0,0,0,0,417600,0,0
289,000806,2018-03-14,-0.037275064267352165,-0.020565552699228773,0.13957969440181042,35650.0,240807.56048802266,3115,163728924,130359541,1906478,1583661,14533708,14614631,21544640,16657308,29170110,22743698,18722400,21075936,11462730,9233257,11573462,7943061,54815396,36507989
290,000807,2018-03-14,0.0,0.006864988558352492,0.1531719742317168,60044.0,318879.9020444529,3261,246612265,282288639,958207,1006435,12531927,15053069,20799170,21842364,32835228,38094104,32348019,24090068,22007072,20268410,20362163,21217377,104770479,140716812
291,000809,2018-03-14,-0.014409221902017322,-0.014409221902017322,0.17147855829087014,10380.0,69296.13539673245,409,8793355,3269203,421742,195480,1978008,1501289,1526832,861699,1792944,710735,693661,0,0,0,428750,0,1951418,0
292,000810,2018-03-14,-0.014175257731958713,0.0,0.15752221663193525,16579.5,312903.3549680972,2438,89685312,100543022,956102,1999920,13196122,10592269,8511431,8826380,10485525,15281584,7293128,7601115,7206003,6551831,3643289,6227952,38393712,43461971
293,000811,2018-03-14,-0.015604681404421394,-0.013003901170351218,0.28609393104230735,7610.0,90675.08584992656,722,16995698,7921874,879265,920878,2811513,1447080,2388748,1819201,2832284,1805964,1659642,0,2224856,704136,418550,0,3780840,1224615
294,000813,2018-03-14,0.01616628175519641,-0.01732101616628179,0.2590164073616293,5148.0,63155.91360776774,1120,12067039,12418339,1132788,2146940,2201577,1876701,3136506,1411395,1042611,910796,962082,3320029,647580,1015643,861580,869240,2082315,867595
295,000815,2018-03-14,-0.028974739970282326,-0.02303120356612187,0.3156485294989647,17199.0,62602.72555708176,1819,41219756,17506609,1466159,1005970,13827716,6292844,7887204,3686926,8083597,2642225,3025533,1294382,2720970,1781208,2240485,803054,1968092,0
296,000816,2018-03-14,-0.00952380952380949,-0.004761904761904856,0.0716509654225547,52959.0,556212.7171107426,3469,262360819,300902487,1090447,1409165,12827655,17042709,21717025,23958847,35878438,36836110,25385424,30004146,16800234,21385944,11372224,16914170,137289372,153351396
297,000818,2018-03-14,0.0032102728731941976,0.0,0.3509886088284588,7494.0,110973.39519189332,1260,24423815,17575629,778664,2348070,4295122,4496725,3320989,3199915,4114962,2761588,2505688,2254669,686085,311500,422055,417411,8300250,1785751
298,000819,2018-03-14,-0.01298701298701288,0.0019980019980019303,0.3664035159815717,9935.0,49427.936399138955,746,11394441,6071613,967461,763510,2533670,2774505,2987532,1717321,1820462,397260,1194748,419017,622696,0,451973,0,815899,0
299,000821,2018-03-14,-0.027906976744186185,-0.012403100775193798,0.2878441361143009,6515.0,76942.17114894383,2011,34055596,21971925,2228769,971606,8428082,5771198,6103499,3587921,4907209,3745919,3316781,2694881,2714490,623205,1351345,1812948,5005421,2764247
300,000822,2018-03-14,-0.00464576074332157,-0.00464576074332157,0.18341255751198013,9449.0,67982.51928497021,2206,38320113,34763133,2828689,1780269,9102360,7568905,7529746,7175214,9926339,5848674,6463001,4313698,747568,2033732,429000,880688,1293410,5161953
301,000823,2018-03-14,-0.027102803738317638,-0.017757009345794383,0.22993460904823096,24357.0,177310.00967967717,2167,97439421,56581691,914417,1448096,8618524,10940505,16095569,10379550,14070213,13151350,13082530,6227824,3388669,3048497,3944654,892385,37324845,10493484
302,000825,2018-03-14,0.026153846153846194,0.030769230769230882,0.1131697136794031,53325.0,419327.4645574189,3309,258249178,302188545,1822232,1183169,14187421,12274883,20433032,17294489,33686709,36782402,28866238,25921509,19018922,26890365,19603463,20577149,120631161,161264579
303,000826,2018-03-14,-0.00879864636209815,-0.006429780033840982,0.7320522189480535,20636.0,168584.65368325575,1629,50315269,50328265,1462346,970974,9484229,7114474,7324898,6468056,7855425,7410436,4927611,4765345,6817418,3294040,1375441,1826026,11067901,18478914
304,000828,2018-03-14,-0.005489478499542622,-0.0036596523330282293,0.5308651675002677,10900.0,60380.47749878534,423,5390355,5092623,316573,494981,1825018,1481541,1065846,916781,1854118,501466,0,266328,328800,0,0,0,0,1431526
305,000829,2018-03-14,-0.01624365482233503,-0.018274111675126825,0.2550884650134724,11640.0,103695.87888284659,1492,37741355,20530975,1378180,1475446,6654264,5458448,9089772,4087283,7939077,2424539,2805797,1667145,2162830,983700,401440,427769,7309995,4006645
306,000830,2018-03-14,-0.002942618930848573,0.006375674350171501,0.3437773863996778,133947.0,478921.59312896285,3520,518108695,471943542,343395,398113,9245045,8810387,21947399,20027141,53046267,50817969,45735048,48811667,44890297,37187179,39172529,39401635,303728715,266489451
307,000831,2018-03-14,0.02106227106227121,0.026556776556776684,0.2271570670778824,32944.0,210995.8039976687,2313,100250148,127887648,969766,1028712,9516448,10356685,10099258,14471044,17434527,24445741,11327238,14788713,7999055,11862790,5657337,13777194,37246519,37156769
308,000833,2018-03-14,-0.00924499229583986,0.0,0.20669421085520653,6460.0,52698.20608565622,986,9724252,12240347,797202,1464736,3518136,2986759,3249817,1754825,1392247,1589338,766850,707839,0,1787245,0,0,0,1949605
309,000835,2018-03-14,-0.010178117048346036,-0.011450381679389388,0.3011160022932295,8635.0,46809.29824625334,681,9944494,5918660,641759,701287,3289516,2238786,2268008,982850,2526618,1012754,227468,255258,0,310000,468000,417725,523125,0
310,000836,2018-03-14,-0.015037593984962405,-0.015037593984962405,0.11498856302586394,19188.0,134575.832149283,2146,78679399,46863757,1323184,1567395,10092209,9211011,10112518,9602473,12658017,9794786,9919564,4379126,6962526,2516815,5833877,4318409,21777504,5473742
311,000837,2018-03-14,0.010327022375215211,0.020654044750430423,0.17040907322619336,13604.5,122079.9617659623,1164,31732894,28831860,1038349,869023,4796569,4102883,4545485,4613103,5229221,5895594,4587989,2123934,990666,3044823,2751813,2366813,7792802,5815687
312,000838,2018-03-14,-0.011090573012939142,-0.005545286506469571,0.16507609232543777,9756.0,109160.82206009023,1075,23769545,10353428,1000800,1051117,3835197,4152254,3300070,1982683,3948368,1374460,1722396,0,661084,314902,853780,442538,8447850,1035474
313,000839,2018-03-14,-0.017632241813602123,-0.011335012594458571,0.14731354209622152,31640.0,241987.15644560393,2910,161372315,113448526,1829717,1575696,14511408,12262752,16068959,16312133,27992029,21812798,15800531,14464858,14205004,7183423,11841267,5718799,59123400,34118067
314,000848,2018-03-14,0.008376963350785305,0.008376963350785305,0.2294588174476727,4855.0,65445.73201320235,1733,13223884,23301280,1131265,3080618,4221939,5046582,2479292,3251777,2668770,3876142,1607716,1745214,318780,1400927,0,0,796122,4900020
315,000850,2018-03-14,-0.009237875288683584,-0.006928406466512715,0.2258041550253919,3906.0,51825.95855226058,367,5209214,2007805,526657,232354,1274474,724259,837645,346765,506765,251710,752419,452717,774614,0,0,0,536640,0
316,000851,2018-03-14,-0.028235294117647136,-0.018823529411764683,0.23420097332343934,16640.0,122056.8676553237,1318,32849555,31071952,931095,1206040,5522177,6619173,6698940,4776165,6564152,4593836,6010654,2961691,1632071,1342116,1269580,2279059,4220886,7293872
317,000852,2018-03-14,-0.01744186046511631,0.0023255813953488857,0.208952948925877,16760.0,79456.6653184233,1695,38354036,29237717,1538077,1550865,9379698,7375474,6911519,4939296,9867306,6926838,5221215,3631452,1679760,1452620,2315429,447535,1441032,2913637
318,000856,2018-03-14,0.029791459781529195,0.02482621648460781,0.37295010034781845,39359.0,168342.26198949435,2918,123745550,150587719,1017570,1100366,14532415,14810670,17671451,18243401,25348412,29611051,12277009,15041227,13728879,13191280,11241733,12642712,27928081,45947012
319,000858,2018-03-14,0.02094594594594601,0.01851351351351349,1.2547046347932629,193336.0,621516.6628777167,3479,612327974,693268474,221775,303706,7764989,6396510,18685103,16726110,40581304,41482185,51273318,48919128,39919194,53853686,34601735,43405879,419280556,482181270
320,000859,2018-03-14,-0.01285347043701801,-0.01285347043701801,0.17068482960823952,7660.0,45337.70727382974,519,7891797,4324899,561194,247269,2922990,1094501,1457847,1053002,1430900,1136715,531794,456927,987072,336485,0,0,0,0
321,000860,2018-03-14,-0.0019762845849802257,-0.0004940711462450009,0.46838737300568317,6120.0,80239.3591692527,1868,37768262,18014754,2553800,1210041,9203109,3833094,5646876,2451664,5306234,3086295,2905981,1428208,3421992,2042645,1264282,873980,7465988,3088827
322,000861,2018-03-14,-0.013468013468013518,-0.010101010101010166,0.11999251955071964,3528.0,51017.291465819595,613,9086520,2576740,628925,608970,1687963,1227915,1965123,249270,1448499,490585,1246293,0,981078,0,451851,0,676788,0
323,000862,2018-03-14,-0.012106537530266248,-0.004842615012106477,0.1455303557376714,9645.0,94177.13067889326,806,16812127,9362395,814320,686224,3966112,3174634,2985483,1555472,2350824,1027463,2360929,1011363,1042248,1086909,468384,820330,2823827,0
324,000863,2018-03-14,-0.00982318271119842,-0.003929273084479323,0.1919583116361087,2028.0,18346.28832863083,704,2695705,1867544,354118,833873,966655,380606,595885,328078,779047,324987,0,0,0,0,0,0,0,0
325,000868,2018-03-14,-0.019151846785225635,-0.015047879616962967,0.13064703486057694,33902.0,234118.13632073405,3139,156010942,120051061,1525584,1487269,16307865,14679401,18952752,17474015,29480390,27129257,19660969,14746268,13445571,8260892,14557567,5398529,42080244,30875430
326,000869,2018-03-14,0.002461706783369655,0.005196936542669617,1.1851938618539886,10980.0,45311.73147301176,951,9805652,11348570,489682,1404297,2913277,5934596,2020641,1526779,2020818,941269,872102,461790,366300,1079839,402600,0,720232,0
327,000875,2018-03-14,-0.008955223880597107,-0.008955223880597107,0.11291089210249262,5678.0,72299.22202008983,882,12891815,6732751,1020748,1002141,2859409,1697395,2018389,1057725,1732259,1032975,815408,249648,730400,309929,1402364,469728,2312838,913210
328,000876,2018-03-14,-0.0065359477124183885,-0.0091503267973857,0.17298993885031624,12208.0,148905.61098431694,1957,70196696,29959032,2214572,1047857,10824987,5324274,8621824,5017408,10174174,4570662,8595763,2713658,6752242,1734538,3036215,3187252,19976919,6363383
329,000877,2018-03-14,0.024454148471615866,0.029694323144104695,0.207290718251985,52568.5,250115.76770164544,3056,193290763,193134763,997841,1162762,12122259,13348712,19888854,18513717,34353929,33206699,27282441,22622480,17117967,20051216,17540672,8848237,63986800,75380940
330,000878,2018-03-14,0.0040000000000000036,0.010399999999999965,0.27292493578196847,25240.0,211025.13855088633,2098,73691000,92378889,823481,1096327,11219110,10633473,9275511,10903151,12994827,16250082,12133289,12037807,7436393,9710387,3503285,5128356,16305104,26619306
331,000880,2018-03-14,-0.005359056806002238,-0.003215434083601254,0.5308905416804308,9756.0,40401.757146342155,308,4559871,3073805,443104,297704,1811650,1143733,1305615,297327,381379,1335041,266623,0,351500,0,0,0,0,0
332,000881,2018-03-14,-0.022364217252396124,-0.019169329073482455,0.3960559442321403,12360.0,61106.25776512054,999,18492442,15487899,758918,1187458,4309420,4678004,3738815,3121025,4481318,3007420,1944597,928356,1286249,1707096,850265,858540,1122860,0
333,000882,2018-03-14,-0.018633540372670843,-0.018633540372670843,0.0799176134237076,8640.0,131956.89112872185,1633,45232791,18339703,1625370,1604322,6114398,5096506,5256589,3281405,6956858,3736759,5452220,1263681,2669655,1630004,1350826,481390,15806875,1245636
334,000883,2018-03-14,-0.01091703056768556,-0.0065502183406114245,0.11542334198023806,2742.0,66199.45098894912,1578,20967989,11874472,1786397,897640,4320579,2983648,2418798,822789,5539348,2389816,2994476,1114609,2057434,309846,1340731,439634,510226,2916490
335,000885,2018-03-14,0.06066411238825031,0.04597701149425282,0.3112363754222319,40417.0,180410.73029734436,2534,115692883,140239269,1059575,1458347,11636693,11250073,14669327,15007688,23437089,24490396,15186322,20307718,13305746,12352775,6677132,10486201,29720999,44886071
336,000886,2018-03-14,0.022761760242792084,0.03490136570561453,0.14871958791181972,21080.0,179395.25728091778,1967,64689258,87612913,1418883,1382977,8109932,7528298,9526486,8078316,13801241,13630360,8473565,8362942,7185908,9845478,3107371,5293765,13065872,33490777
337,000887,2018-03-14,-0.03318335208098988,-0.02924634420697414,0.4404288446957313,17730.0,136773.52680508772,1630,55776377,39574246,1140310,960911,7790132,7971337,7715799,5621048,9581625,7992929,6606784,6185951,5612679,2037440,950270,435214,16378778,8369416
338,000888,2018-03-14,-0.003012048192771233,-0.0010040160642571516,0.31240346004000774,7944.0,87911.68982105002,1016,17711741,10206655,1295025,1089249,3112741,2769325,2505991,2316217,2583472,1751604,1816557,1130260,398000,653000,1889651,497000,4110304,0
339,000889,2018-03-14,-0.014577259475218707,-0.011661807580174988,0.4749796512838816,13560.0,104259.09915913305,834,23347004,12428480,608183,835739,3451061,3301124,3414438,2770424,3724597,2628330,1761054,1758840,2496875,729023,1287550,405000,6603246,0
340,000890,2018-03-14,-0.028610354223433276,-0.016348773841961872,0.1569536356682551,14680.0,373556.5622969817,2197,69053627,100361935,1400651,2124339,6591229,9619454,7291637,9644155,10084211,12430824,7570400,7383612,8369612,5930594,4479634,4912082,23266253,48316875
341,000892,2018-03-14,-0.011249999999999982,-0.003750000000000031,0.3302907565923077,8005.0,50079.135576805995,586,7902529,6613822,603144,642306,2656683,1741656,1505048,1415261,777887,1578057,924876,477152,1434891,319200,0,440190,0,0
342,000893,2018-03-14,-0.03322259136212613,-0.03322259136212613,0.14586661369275467,15158.0,99391.9190144652,1707,44771404,30997568,1011532,1750426,7554029,7928315,8004404,5933487,8658163,7401071,4743377,3038691,3098765,982162,2302234,0,9398900,3963416
343,000895,2018-03-14,0.019964349376114132,0.018894830659536455,0.5940559452294342,28250.0,242434.94355978922,2233,70082288,131158155,1926219,1001251,10166102,6940859,9669740,8503825,14886977,17198306,10138813,27782836,6486006,15411264,4956037,9318210,11852394,45001604
344,000897,2018-03-14,-0.0030030030030030463,0.0030030030030030463,0.1088792833044298,3320.0,69864.42496481721,938,8529595,6199391,719841,1270942,1797463,2518475,1092393,742554,1215477,1273481,567720,0,331000,393939,446519,0,2359182,0
345,000898,2018-03-14,0.017937219730941534,0.022421524663676973,0.1282904259264707,26840.0,286480.2562814785,2725,124522700,184909608,1729806,1414604,9172659,12769604,9534333,16911066,15036065,20723537,14627897,19297351,12603070,15882162,7117126,11333656,54701744,86577628
346,000899,2018-03-14,0.0019417475728153999,0.0019417475728153999,0.30300319717785157,6458.5,39312.42816089863,288,3959266,1888014,283637,233206,1055889,956031,950178,429297,573639,269480,465700,0,630223,0,0,0,0,0
347,000901,2018-03-14,-0.01644895984518646,-0.007256894049346929,0.49211071724434957,18702.0,83911.90103875741,1764,40460905,30952105,1210693,925421,9858346,9426980,5767422,6928864,7922809,6031701,4239252,2964379,1098628,1719249,3486375,1706128,6877380,1249383
348,000902,2018-03-14,-0.0009920634920634885,0.00694444444444442,0.27852481747007696,5095.0,58015.25694434274,1310,15991477,13154489,2045466,897122,4098077,3774346,2279486,2145669,2738399,3344246,453336,626442,1068228,346087,423360,482832,2885125,1537745
349,000903,2018-03-14,0.04113924050632911,0.04430379746835422,0.07614228062767125,12413.0,147065.6023922638,1734,41439959,48202851,1555712,1476145,7006623,6729140,5354025,5255280,8520362,6970232,4331691,4504709,5289713,4264534,3992075,3532307,5389758,15470504
350,000905,2018-03-14,-0.0065727699530516714,-0.005633802816901401,0.3180401866054966,12708.0,85609.6655720998,1121,27784187,15650363,873674,985927,5420927,4535083,4754104,4373384,3234324,2002454,4740540,1593899,630576,687534,2287229,408960,5842813,1063122
351,000906,2018-03-14,0.00991325898389106,0.0024783147459725985,0.37270566981026065,12527.5,49570.16166272087,468,6805239,6054457,427450,485429,2262271,2136244,1537085,1631460,919490,764460,1166703,200749,0,383325,492240,452790,0,0
352,000908,2018-03-14,-0.015845070422535135,-0.008802816901408383,0.2425106625002044,5640.0,43522.72395133068,548,7264434,3597180,528649,373716,2172946,1369856,1335102,990944,2012216,584612,282500,278052,391017,0,0,0,542004,0
353,000909,2018-03-14,0.0039447731755424265,0.014792899408283988,0.3262490951096705,17561.0,72644.95400176404,967,19182838,21384200,649669,639192,4413668,3983165,3799468,4740106,4519645,4730861,2425505,2388639,2353183,2365049,425082,1314888,596618,1222300
354,000910,2018-03-14,-0.008071748878923701,-0.008071748878923701,0.5993764001555701,8882.0,65460.58393448043,1384,28776858,16148584,1563574,899132,5111095,4662895,4559014,2982535,10484433,2714280,2328481,2497614,1798594,633088,1791260,922854,1140407,836186
355,000911,2018-03-14,-0.0037974683544304,0.0025316455696202667,0.26168152008131973,7128.0,43800.39541316671,911,11145622,9422099,1626813,678978,3418575,2586394,2884541,2437305,2111342,1757766,0,1047850,693665,0,410686,913806,0,0
356,000913,2018-03-14,0.001129943502824915,0.009039548022598876,0.5969014710206698,17740.0,83836.93363150973,879,20064666,15266440,888898,685250,4755393,3322835,4308640,2560949,4466592,2504604,1702172,998762,1011280,316484,1281391,1340734,1650300,3536822
357,000915,2018-03-14,-0.01764705882352935,-0.019607843137254943,0.5902579089867915,25315.0,145878.18110883865,1868,73416737,37832928,675721,1502966,10196803,8269839,12552883,6543146,20744343,7375286,4453595,6376516,4638593,3165318,2813516,933797,17341283,3666060
358,000917,2018-03-14,-0.0024968789013731785,-0.013732833957552981,0.19036850907981095,15820.0,142034.07584889483,1772,59395424,40040055,1115933,1814101,7237687,8179736,6787969,7060263,9168713,6396178,7090074,4983504,4635658,4158987,3237036,2456941,20122354,4990345
359,000918,2018-03-14,0.0014184397163119478,0.0014184397163119478,0.23816291983635796,7826.5,87067.57686961844,876,15911006,14082036,827473,784159,3231204,2563920,2917669,2162356,3346070,2617799,1417276,1205796,1000051,1732254,827675,426216,2343588,2589536
360,000919,2018-03-14,-0.014285714285714457,-0.010714285714285676,0.34474774582251233,3347.0,34753.681437682266,593,6418970,3539878,720568,389412,1994073,1572964,1416757,1009626,965316,567876,656973,0,665283,0,0,0,0,0
361,000920,2018-03-14,-0.0186263096623982,-0.013969732246798539,0.3605120130224797,11011.0,55735.81265999005,567,10375904,6038663,502785,567536,3226285,1752835,2532654,1097605,1847919,1181746,255000,645856,656405,307164,847857,485921,506999,0
362,000921,2018-03-14,-0.005970149253731294,-0.0029850746268657025,0.31099600520159293,6710.0,80812.00351257338,1857,26578703,20662884,940290,3414493,4877855,6968347,3776476,3162332,6542399,2880842,2443421,803755,1396219,1363322,432497,881541,6169546,1188252
363,000922,2018-03-14,-0.0013927576601671099,0.001392757660167332,0.278095945128726,11512.0,57507.202050407635,666,11345916,7953674,739257,412668,3228806,2211964,2318928,2373962,2476573,1178344,1198062,841213,664290,0,0,415117,720000,520406
364,000923,2018-03-14,0.0026833631484795006,0.01073345259391778,0.5680752870473833,20349.0,67022.42372366512,1549,28193497,32884306,1027408,1143074,8935035,8043415,6153257,7552901,6037088,7210053,2682819,3332990,1934091,1652478,0,893919,1423799,3055476
365,000925,2018-03-14,-0.016220600162205945,-0.016220600162205945,0.41371994772979154,8522.5,35546.2399232097,888,8306794,7660501,444220,1971477,3208416,3241412,1430521,721932,1928793,657707,446584,1067973,362700,0,485560,0,0,0
366,000926,2018-03-14,-0.003741814780168329,-0.002806361085126219,0.33511832383060086,14924.0,146970.39329598704,1017,32197322,19012981,756002,559345,4709227,4751285,4353867,2962283,3954749,3232416,5256407,2290427,2747851,1274270,1746552,405460,8672667,3537495
367,000927,2018-03-14,0.013921113689095321,0.023201856148491906,0.1183231123814145,8840.0,70325.35829091638,1330,19646536,24644711,1131681,1427181,5600835,4815384,3331292,4788459,4076430,4775516,1475663,3485869,1788756,1473948,426755,843480,1815124,3034874
368,000928,2018-03-14,-0.009448818897637712,-0.011023622047244053,0.16237508911566842,18780.0,115209.56935862052,1531,45114663,38919338,881582,1320920,6613728,6338615,6690337,6463342,11605666,10412993,4868214,4208433,3382802,1988807,1828924,1737509,9243410,6448719
369,000929,2018-03-14,0.0,0.0011350737797957144,0.31641259856177667,7956.0,36228.3133284661,775,7488359,7458567,717468,1335949,2719782,2748428,1878565,1563261,1121224,1131627,528600,679302,0,0,0,0,522720,0
370,000931,2018-03-14,0.004559270516717451,-0.001519756838905706,0.29030184565066236,9840.0,36712.30899392371,513,7095997,4092976,583724,478959,2544113,1827033,1548566,935430,1749834,851554,210560,0,0,0,459200,0,0,0
371,000932,2018-03-14,0.03737259343148369,0.04303510758776907,0.15748818619507887,49995.0,362815.6708158724,3149,205563826,297936614,1335485,1412205,14245264,13288572,18463309,18706463,30081497,27417549,25725638,25879427,16407155,24770603,16236783,20816100,83068695,165645695
372,000933,2018-03-14,0.012941176470588234,0.021176470588235352,0.14943772934964125,54305.0,279477.03329244256,3242,193199759,256284368,1033125,1590974,14612501,13638990,23324751,19343221,39917471,34899542,27489892,28135287,16658942,18614856,10852410,17586845,59310667,122474653
373,000935,2018-03-14,0.027517886626307053,0.021463951568519324,0.3386935639289793,43129.5,176058.54255677635,2880,131529445,149389454,1110122,1429688,13541225,14569175,20087408,19209462,25893318,28256676,15103127,16013618,15863029,12802775,7188078,11737818,32743138,45370242
374,000936,2018-03-14,0.0277777777777779,0.018939393939394034,0.14275859495847415,40500.0,316671.4502523478,3091,179971342,216780092,1507146,1783994,12585650,13421223,17763099,19005712,26102974,24337245,21287055,19582190,14072044,14878162,11855006,13361643,74798368,110409923
375,000937,2018-03-14,0.0017889087656528524,0.0017889087656528524,0.13048819769122202,5580.0,92052.82086012485,1838,29642167,18458599,1545992,1325541,6700747,3691656,3859513,2608215,5379591,2311765,2745327,2706797,383904,1367566,896560,0,8130533,4447059
376,000938,2018-03-14,-0.02143374366401163,0.003620564808110016,1.4471736851205663,41994.0,301639.1932769893,2278,158989414,131103848,1283981,1139385,12104083,8775923,13648436,13047777,18435330,18304802,15618624,17473287,17225444,11055359,15540492,8843202,65133024,52464113
377,000948,2018-03-14,-0.0950510604870386,-0.08326787117046353,0.269126314226974,24320.0,1105981.8178732784,2241,112111523,143780117,855414,1616440,8164822,9674555,10578417,11806425,16469842,13417195,10569059,10871274,8352412,9330625,6206407,3067719,50915150,83995884
378,000949,2018-03-14,-0.0024449877750610804,0.0024449877750609694,0.20746428867790415,8393.5,71367.768724149,388,4253433,5033055,438285,312761,1520606,2429683,819648,54806,1144822,204267,0,419976,330072,0,0,409000,0,1202562
379,000951,2018-03-14,-0.005006257822277815,-0.0012515644555693983,0.41266191618159614,9603.0,76988.61078554815,1500,34096051,16668260,940483,2350909,5262587,5050801,6448585,2679352,9026688,3005665,2745899,1266773,2395126,333424,3134036,1418332,4142647,563004
380,000952,2018-03-14,0.002865329512893977,0.004297994269340855,0.4719493429751692,14070.0,55895.944236613694,875,13321837,14553971,555392,919820,3555351,5217190,3665410,2936986,2928331,1682489,1005500,1454708,702803,1007154,909050,1335624,0,0
381,000953,2018-03-14,0.027954256670902122,0.029224904701397714,0.2303389161953238,12495.0,79064.97105282712,1168,17659144,22471158,1023660,1253556,4698690,5863578,3213568,4114275,4380689,3215415,687112,1204407,1470578,2901784,442335,413600,1742512,3504543
382,000955,2018-03-14,0.001494768310911887,0.004484304932735439,0.25609744679325214,10050.0,67668.5115445839,682,10813314,10233630,369098,786101,3256553,1572362,3235347,2299743,3018916,2555348,266400,1127494,0,678743,0,0,667000,1213839
383,000957,2018-03-14,-0.0449438202247191,-0.027153558052434357,0.23332250725055095,25950.0,254538.88795533654,2098,92409896,86292741,904290,1383386,7454447,10704984,7726037,11011004,16900867,16586558,12307517,8469158,6224046,5672037,6999462,3647623,33893230,28817991
384,000958,2018-03-14,0.002109704641350074,0.00843881856540074,0.13997354532452688,9620.0,64453.259996828405,1148,16447120,16811331,1252338,1197010,5151129,4580509,2325025,3943268,3081105,3337514,1403631,695118,1468774,738784,1765118,439680,0,1879448
385,000959,2018-03-14,0.0035906642728904536,0.0053859964093356805,0.138245493187787,3913.0,40843.29430304666,1627,10764417,11908413,1920440,1910863,2824218,4266646,1898157,2584424,1365412,1722331,488967,526876,0,339716,907403,0,1359820,557557
386,000960,2018-03-14,0.009333333333333416,0.016000000000000014,0.2954403019096154,47120.0,236922.4279023625,2579,140605108,158094800,720926,1173803,10528130,13416163,15421428,18181193,26273864,28467208,18968436,16304815,13002594,14970342,10989807,12428204,44699923,53153072
387,000961,2018-03-14,-0.00832177531206657,0.001386962552011095,0.16086139158427037,14520.0,128033.12127102826,2012,55051489,49308708,2071762,1201813,11058855,7002114,9175132,4929337,9854928,7455843,4792662,5702035,4690434,4944554,1818522,5730696,11589194,12342316
388,000965,2018-03-14,-0.008944543828264706,-0.007155635062611854,0.1933210598516997,6116.0,50310.24792324436,836,12045076,8061737,816281,848423,3282677,3126260,2403384,1989755,2268554,1288410,1443490,808889,1050658,0,0,0,780032,0
389,000966,2018-03-14,-0.008695652173913104,-0.008695652173913104,0.15040985513290175,5152.5,66929.98210363246,526,7296294,4736845,491210,450113,1809088,1585595,568361,597386,762457,873571,221440,248472,1867722,323292,0,0,1576016,658416
390,000967,2018-03-14,-0.009779951100244544,-0.009779951100244544,0.3028379711375187,6528.0,60840.152955566955,729,11566038,5318992,617340,766592,2568528,2406350,2458291,1248941,1613205,650809,1722858,246300,1043078,0,411138,0,1131600,0
391,000968,2018-03-14,0.003676470588235281,0.014705882352941346,0.42413031534960166,10952.0,55409.987399547914,1028,12135685,14908576,1027500,1142482,4305788,4092327,3541242,3044822,1596316,2524462,724543,1708499,333792,1018975,0,0,606504,1377009
392,000969,2018-03-14,0.00248447204968949,0.011180124223602483,0.2039970988187828,10673.0,102072.762251985,1559,29513967,31749299,1014655,2107447,5431430,6550130,4144215,6420649,5740577,6660109,2974678,2546863,2309382,997495,2670134,2239607,5228896,4226999
393,000970,2018-03-14,-0.014074074074074017,0.008888888888888724,0.23563090016587296,79692.0,869055.5364677125,3289,408625536,536987340,1121596,983642,12000012,11693703,20531021,16672884,34427523,32546091,27518868,26824203,26938750,30372403,23123370,17130351,262964396,400764063
394,000971,2018-03-14,-0.007968127490039945,0.0,0.34226600860512113,12640.0,65337.12893887824,1345,25339145,18461830,1153712,873089,7491286,5111579,6192333,3597757,3919794,2979862,1706764,2851236,1764101,1060244,423909,400345,2687246,1587718
395,000972,2018-03-14,0.005319148936170137,0.005319148936170137,0.2031205462139278,6813.0,48565.54254730077,342,3463654,4021795,377340,321658,989122,931489,710180,339520,630513,1516799,0,595789,332383,316540,424116,0,0,0
396,000973,2018-03-14,-0.0018348623853210455,0.003669724770642091,0.1323164703842743,13725.0,120188.89531815589,1701,39911288,32588655,1362433,1249583,7616617,7249351,7368671,5328831,6926032,8599135,3552859,3320264,1930315,1086017,461916,901774,10692445,4853700
397,000975,2018-03-14,-0.011667810569663706,-0.00823610157858623,0.33937692990613083,5816.0,55772.87629210034,1846,23071879,15194511,3032654,1475409,5618163,4608593,2574251,3439013,3860621,2223975,3646555,1508133,944651,1334524,433200,0,2961784,604864
398,000976,2018-03-14,-0.0011764705882352233,-0.0023529411764705577,0.40303309400600495,8470.0,121190.4801765985,444,10710675,5927654,481664,287958,2905799,1106759,1050115,917086,1174600,1781924,254700,428745,0,304432,0,0,4843797,1100750
399,000977,2018-03-14,-0.042857142857142816,-0.024761904761904763,0.3665980047820225,113940.0,567930.734621993,3287,486163419,434522411,381707,548992,8580950,10261246,18037518,17944359,42988825,33443456,43959695,34282135,31075400,31558330,36611318,29333746,304528006,277150147
