,code,date,pchange_whole,pchange,change_std,amount_median,amount_std,length,sumsell,sumbuy,sell_vol_0,buy_vol_0,sell_vol_1,buy_vol_1,sell_vol_2,buy_vol_2,sell_vol_3,buy_vol_3,sell_vol_4,buy_vol_4,sell_vol_5,buy_vol_5,sell_vol_6,buy_vol_6,sell_vol_7,buy_vol_7
0,000001,2017-09-26,-0.018650088809946674,-0.019538188277087087,0.20122790708309643,63726.0,781501.9692000186,3135,422529880,319082137,524626,953396,9937504,11249269,35030507,20683121,37462881,28413353,23287446,22271936,14099569,14680389,24126662,13551195,278060685,207279478
1,000002,2017-09-26,0.024502297090352343,0.021822358346095028,0.45175124833320945,146575.0,891777.4265087334,3348,545281807,706485867,351947,729297,6601598,6510544,18231524,19686118,48928681,39785486,43651309,41210438,38455624,31542382,29720105,28616700,359341019,538404902
2,000004,2017-09-26,0.011671529804085035,0.01125468945393937,1.0249536290287082,12150.0,222197.04578650303,548,10314374,21442793,548576,529444,2819978,2103517,2021307,1179714,1843639,1376844,757770,456689,0,330444,0,1858112,2323104,13608029
3,000005,2017-09-26,-0.001980198019801982,-0.003960396039603853,0.1633688059603517,5060.0,50004.43720389079,956,11683155,7708045,909454,857815,3216393,2741862,2668809,1355485,1811065,1198245,481013,0,1699896,378504,896525,0,0,1176134
4,000007,2017-09-26,0.06973684210526332,0.03815789473684217,0.5435748570693186,17341.5,102212.57411702427,782,18536647,22405455,823818,476674,3746583,3181514,3240115,3015090,3766710,5171085,2421095,2097700,3086665,2770999,891171,426330,560490,5266063
5,000008,2017-09-26,-0.01687289088863897,-0.019122609673790758,0.27177494825642345,9729.5,76529.30613131107,1070,24444220,10343896,1119675,1041001,4734781,3328002,5202885,3975555,4357491,1230178,2468357,239360,661500,0,844560,0,5054971,529800
6,000009,2017-09-26,0.007882882882882747,0.005630630630630407,0.17359994848182148,17920.0,177684.79637805725,2619,72939718,126368712,1055282,3088142,6760973,13807670,9221708,12224372,14219638,17355399,9010920,12724273,7259632,11707825,4880245,12495059,20531320,42965972
7,000010,2017-09-26,-0.007827788649706457,-0.00391389432485334,0.1973897999528286,10160.0,61861.96067531139,670,10407742,9090924,574381,531176,2459240,2890969,1733262,2373707,1427734,1583381,1948373,983005,352044,0,897294,0,1015414,728686
8,000011,2017-09-26,0.01048218029350112,0.009958071278826086,0.4689701577527537,21164.0,122569.15579966086,1655,41243312,49287479,1176846,1574087,7669685,9461072,7685096,9201587,9370712,9468209,5261873,5591142,2090647,1631367,1881863,849570,6106590,11510445
9,000012,2017-09-26,0.0,0.0,0.24768363148724262,11704.0,93524.51266643291,1139,26427870,19936284,810557,1485174,4034071,5650200,3250312,4380180,3579101,3570266,2725522,1003695,4082583,978804,2690198,1737487,5255526,1130478
10,000014,2017-09-26,0.003010234798314304,0.0012040939193256328,0.7821877142009542,14998.5,127644.7179681298,450,7026210,9003489,383087,485383,2988325,2225131,1441833,1717302,873956,783841,524790,289884,360220,0,453999,0,0,3501948
11,000016,2017-09-26,-0.019434628975265045,-0.007067137809187329,0.15179123444955064,11718.0,95440.14905254125,1393,29079131,31196023,946202,1283885,4393232,6677579,4818434,6502950,4102510,7130198,3217459,2942844,2153613,2447476,2695792,447984,6751889,3763107
12,000017,2017-09-26,0.0,-0.0038510911424903815,0.4461498884810908,9372.0,64929.94598502316,304,5960491,2843179,278519,363770,1289126,1018253,1302303,866382,732475,594774,480967,0,1099101,0,0,0,778000,0
13,000018,2017-09-26,-0.00996264009962633,-0.00747198007471972,0.22586795690934136,14400.0,98716.28883114367,1264,28636059,27893609,1126688,1330068,5641122,6426093,3959450,4078149,3974517,6077665,4688849,2986737,2047164,1368420,2195977,811030,5002292,4815447
14,000020,2017-09-26,-0.00736842105263158,-0.01000000000000012,0.6472322301384378,9375.0,70910.6471532372,862,16389252,7456627,1611289,728710,2869844,2828462,3120589,1335640,3000559,1794287,1965950,239104,380000,0,850190,0,2590831,530424
15,000021,2017-09-26,-0.010752688172043112,-0.016129032258064502,0.20851902933931757,12992.0,134047.37007921826,1991,60640454,39976777,1411442,2343740,7758358,9203204,7372619,5756193,9140011,7687099,5970379,5581855,5491488,2821104,3507036,461160,19989121,6122422
16,000022,2017-09-26,0.007114624505928813,0.0007905138339920903,1.0211172877897225,15347.0,64985.86626491159,613,13681917,7694301,225998,574135,2667443,3435556,3031669,2025876,4047534,1184594,502018,474140,733504,0,0,0,2473751,0
17,000023,2017-09-26,0.012658227848101333,0.010548523206751037,1.4224351581879031,11985.0,81738.40218972259,277,4154218,4643695,237419,277899,1343717,961561,715259,734529,564925,539801,494322,0,327352,672185,471224,0,0,1457720
18,000025,2017-09-26,0.0042687036620985275,0.007638732869018172,1.1268116076072616,22140.0,81818.48083032547,1560,32122175,37057155,1329413,1723998,7955783,8666552,7601258,6452362,6800297,6948387,2536157,4436766,1679520,2814711,1340640,1356928,2879107,4657451
19,000026,2017-09-26,-0.0017391304347825765,-0.003478260869565153,0.36930256259324984,3444.0,42150.479724339355,969,10174904,5559033,1079708,721755,2099912,2044722,2077509,1603086,1839494,1189470,972514,0,1056212,0,421632,0,627923,0
20,000027,2017-09-26,-0.0015552099533436836,-0.0015552099533436836,0.24831276313538997,5136.0,63643.9197064878,670,8509610,5774264,651124,760424,1916665,1448014,1205810,1575014,1385416,1199134,276912,419257,0,372421,912529,0,2161154,0
21,000028,2017-09-26,-0.0007429420505200568,0.0026745913818722045,2.638504570001189,13502.0,81608.57394952327,650,15142860,10498999,1069447,350141,3397681,2575728,1818734,1973180,3067889,2456023,1118618,894623,1627068,698524,0,898940,3043423,651840
22,000030,2017-09-26,-0.009049773755656076,-0.011312217194570096,0.24106178733372538,12278.0,47486.780292830044,1345,20684347,7948291,928012,961062,9478740,3302075,2630768,1554129,2704126,1136058,1477278,555848,2067490,0,0,439119,1397933,0
23,000032,2017-09-26,0.00540540540540535,0.006949806949806847,0.4860832884626501,13060.0,87645.5705031603,709,12895934,11715755,678499,560054,3440812,4026433,1778762,2069513,1640579,1911926,783190,1007279,617727,1501100,910709,0,3045656,639450
24,000034,2017-09-26,-0.007299270072992803,-0.00583941605839422,0.6267851046572718,8228.0,98758.000507275,1075,19667850,13803340,672392,1189137,4140744,4192227,2674219,2101192,3260812,2369794,2057259,1314514,0,312872,0,1735079,6862424,588525
25,000036,2017-09-26,0.009756097560975618,0.005853658536585371,0.2327707471301406,17552.5,182143.52675992987,1940,55823522,58883131,887923,1745426,7071308,9539642,9304404,7958597,9541303,10266832,6128734,5747356,5877803,2349802,3548404,3140303,13463643,18135173
26,000037,2017-09-26,-0.012471655328798126,-0.00793650793650802,0.3742643223340442,8740.0,63450.600993305474,555,9467064,5545597,690516,652949,2293051,1777770,1760457,987724,1944062,1182668,244640,944486,1051185,0,0,0,1483153,0
27,000039,2017-09-26,0.02857142857142847,0.027428571428571358,0.3448618084372191,19778.0,138550.12210028007,2577,62886927,78765402,3501112,1786059,10551549,16561801,8539065,8200316,10900574,11604256,7032804,9097707,6458172,5104396,2977367,4628314,12926284,21782553
28,000040,2017-09-26,0.029881862404447457,0.02432244614315504,0.5297156258333571,14560.0,652272.3223336115,738,27191456,57576818,905156,456839,2457098,2380040,2790786,2493833,3283807,2993006,1913831,6090239,990969,2170573,1739690,831390,13110119,40160898
29,000042,2017-09-26,-0.0018018018018016724,-0.004204204204204198,0.6800835587194041,4980.0,32716.901191045134,599,4603264,4536745,741910,712998,1880541,1354985,1046481,373385,934332,1310869,0,457291,0,327217,0,0,0,0
30,000043,2017-09-26,0.008653846153846123,0.004807692307692291,0.4690569723161572,10500.0,105512.0989275301,491,10725304,11213297,341186,458711,2770809,1282521,1556590,728989,1559969,2197475,2245028,751180,1100322,693971,419200,1385933,732200,3714517
31,000045,2017-09-26,-0.004397537379067673,-0.0070360598065083435,0.4119764299099177,11370.0,111036.09875275401,761,19558319,9716993,524713,721417,3312617,3368271,2929177,2391119,2951649,1854864,2655751,203523,2674258,705223,0,472576,4510154,0
32,000046,2017-09-26,0.0012285012285011554,-0.0012285012285011554,0.45020223394707753,8119.0,69677.0550702018,326,6002235,2326170,312251,328126,1862359,907187,966020,467773,627625,398696,242190,224388,0,0,0,0,1991790,0
33,000048,2017-09-26,-0.013209013209013243,-0.005827505827505797,1.6122964473537946,7743.0,48568.08153949281,254,4055993,1562487,360146,138716,780755,907928,829984,515843,568324,0,682224,0,384000,0,450560,0,0,0
34,000049,2017-09-26,0.005402276673741158,0.0027011383368704678,1.4327514659776606,20716.0,81045.63682945115,1308,29882702,27076056,823683,595271,7011122,6198513,6934014,5468528,6378287,6144868,3932412,2432997,2761631,1689149,845160,2185050,1196393,2361680
35,000050,2017-09-26,0.013979496738117492,0.011183597390493905,0.42696592796676097,34912.0,221466.05126443892,2527,115939252,135001505,1049462,1005339,17099315,10575526,15089421,12088282,17684636,20491066,15395698,15124680,8729640,8391202,8395843,12650720,32495237,54674690
36,000055,2017-09-26,-0.0013089005235601414,-0.005235602094240788,0.222902788759492,8393.0,79194.55232757446,1175,24593374,12377640,1092318,1167077,4918395,4597668,4048199,1806761,4935032,1943221,2636282,1304215,1431403,640363,0,918335,5531745,0
37,000056,2017-09-26,0.0008264462809917106,0.0016528925619834212,0.9020626918156348,4852.0,18906.335645864092,179,1426360,578984,284114,103291,725464,290050,74237,185643,342545,0,0,0,0,0,0,0,0,0
38,000058,2017-09-26,0.010322580645161228,0.00903225806451613,0.32582248726893953,10948.0,50224.863110958424,565,7429364,9393279,524561,713835,2197277,2449230,1899625,2024309,1661736,2090753,756165,1691549,390000,0,0,423603,0,0
39,000059,2017-09-26,0.016528925619834656,0.011019283746556363,0.263914610640327,27500.0,207034.17985205026,1703,71002507,84900974,678155,910734,6938067,8048435,7515943,7147666,14343005,11653909,10998319,12545543,4915743,9633100,3231653,5372850,22381622,29588737
40,000060,2017-09-26,0.010779436152570376,0.004975124378109319,0.2495007597864356,18270.0,217718.49748587198,2338,82040642,93820475,1839672,2037673,10054988,9977741,10227591,9404402,13678440,14461690,6594142,9918525,4876018,7658477,5261199,4779792,29508592,35582175
41,000062,2017-09-26,0.010116148370176159,0.0037467216185835817,0.8908548022248879,18788.0,98424.60559427812,897,23963362,20133692,595466,609896,4272469,4073857,4330231,2822589,4830912,3209133,5399444,5400460,753879,627821,404680,0,3376281,3389936
42,000063,2017-09-26,0.018000765990042078,0.011106855610877098,0.449531402444676,123962.5,783781.700153366,3376,578029082,517099575,569833,484983,11519427,7322720,17700260,16677898,42442976,39617741,36776792,41312613,40419193,33301792,27658020,31429262,400942581,346952566
43,000065,2017-09-26,0.0031631269769543113,0.0031631269769543113,0.6793315273481787,11090.0,67346.77684529642,1061,19480872,12441752,1228398,707439,6263399,3627862,3798819,1728319,3610620,1976197,3029431,1210340,663205,332250,887000,0,0,2859345
44,000066,2017-09-26,-0.006944444444444531,-0.00810185185185186,0.18012757701104176,18039.0,236551.45704260276,2303,117213807,77706463,1723672,1588907,8141438,10222914,9291956,9241014,16682320,11151333,10877521,7815329,8293293,5634080,9942284,4818837,52261323,27234049
45,000068,2017-09-26,-0.004366812227074246,-0.0014556040756913413,0.2594503899678848,11696.0,48399.70392795021,701,11575244,7928865,590866,707136,3413903,2895745,2470035,2139120,2224406,1591048,1093426,252816,1372469,343000,410139,0,0,0
46,000069,2017-09-26,0.0011918951132299238,0.0,0.15927648826608598,17703.0,205415.34418236904,2781,105514637,96214295,1336501,1808601,7880303,18438099,9526250,11582765,12906282,13303520,28397933,14313026,5349614,6314657,4085043,2306390,36032711,28147237
47,000070,2017-09-26,0.00877192982456143,0.0008771929824560321,0.23353186223361255,25990.0,218598.0620566593,2389,117921762,78245964,1457990,1004763,11199929,10667792,11739622,11675813,15948003,16409473,11846713,10040568,10810776,8092390,6675335,5233798,48243394,15121367
48,000078,2017-09-26,-0.03801169590643272,-0.03801169590643272,0.12068077574582452,47628.0,559516.0527867083,3226,354864650,304442315,1546542,1461210,10585372,13877020,14910450,19155276,24538340,29775281,21977280,25863678,22782974,24845563,15434191,20930521,243089501,168533766
49,000088,2017-09-26,-0.0011061946902655162,0.0022123893805310324,0.29730893485325455,9060.0,69760.24926645186,924,15441092,13710898,1112923,1271165,3668529,2977008,2542151,2077514,3017648,2189756,1879011,473976,1095860,2449434,862869,1706077,1262101,565968
50,000089,2017-09-26,0.004689331770222793,0.004689331770222793,0.274307530350844,7704.0,75107.02517609102,967,13304790,12306201,1168201,698891,2300014,4222686,3081155,5699443,1591977,1128131,1198811,557050,0,0,427500,0,3537132,0
51,000090,2017-09-26,0.006487488415199305,0.005560704355885182,0.3299468109931529,17424.0,126212.32902263984,1069,29865065,20956536,466537,926026,5085196,5748293,3809973,3705591,6354230,3054276,3257786,3033994,2116216,973704,1782738,922036,6992389,2592616
52,000096,2017-09-26,-0.0007163323782236608,-0.0014326647564470996,0.7639058116194449,6975.0,15306.98975307616,333,2272291,1651148,620766,297371,1105072,1140103,335882,213674,210571,0,0,0,0,0,0,0,0,0
53,000100,2017-09-26,0.01139601139601143,0.01139601139601143,0.07038067632012061,9856.0,236233.06556899878,2507,62390961,89365573,2165133,1649862,8720396,9734674,8734423,8249680,7152722,8915093,3706142,6060308,5278830,5901567,1872884,3924414,24760431,44929975
54,000150,2017-09-26,0.026420557365182784,0.017372421281216077,1.3769272316996293,11160.0,82853.7501005932,402,4309205,9767819,458277,307756,1563063,1486041,705811,657297,1375668,665150,206386,2496018,0,1047156,0,1346801,0,1761600
55,000151,2017-09-26,0.008144269924374559,0.0,0.6211650771385308,15489.0,61562.51800682603,765,14188934,12382075,292296,1130854,3493697,3952400,2528674,2746074,3786190,1502949,923446,2232198,1702679,344600,443244,473000,1018708,0
56,000153,2017-09-26,-0.021235521235521082,-0.018339768339768248,0.22889790727416903,2038.0,29595.20584868554,2049,17338520,5930069,2890709,604827,4672669,1814418,3315221,1894891,2703354,1615933,3029415,0,326136,0,401016,0,0,0
57,000156,2017-09-26,0.0034867503486750717,0.002789400278940146,0.4984058727897185,2876.0,57749.05687516678,827,11274157,8130149,934607,366965,2547713,1715879,1757072,1795950,2357563,1735667,2221832,979268,985798,718500,469572,0,0,817920
58,000157,2017-09-26,0.004514672686230403,0.006772009029345494,0.09138754169982564,6230.0,153497.0451741993,2360,33670895,46262616,1491394,3132995,4852738,10442100,3264527,5351804,2148805,4921594,1860712,6808561,669000,2705431,1864932,3957964,17518787,8942167
59,000158,2017-09-26,-0.006711409395973145,-0.006711409395973145,0.31201587405256426,10430.0,126066.78054036434,1117,24432011,21531800,813827,995897,4859899,4769977,2739545,3837005,4091323,4139993,2503326,2225484,1309961,310800,1391625,0,6722505,5252644
60,000159,2017-09-26,0.005899705014749346,0.002949852507374562,0.23701142483950136,9562.0,56678.76282450517,818,12953280,11252956,914860,779603,3231924,2899593,2316480,2477600,3061378,2564441,1438603,906361,1051681,0,938354,1625358,0,0
61,000166,2017-09-26,0.0,-0.003424657534246478,0.1516876643920527,11660.0,208320.9641469172,1484,44367444,30589808,1216521,1326141,6964424,5342324,5245357,4929405,5438058,3414145,4988988,2824233,975883,1667879,864589,1391463,18673624,9694218
62,000333,2017-09-26,-0.012265679240916483,-0.012265679240916483,0.7680414669701706,51510.0,337606.87969068467,3166,221623184,261656849,1073204,1993893,10262454,14918154,17085070,19600112,34340922,30786284,24180383,28193251,17474475,22069841,13366775,20462768,103839901,123632546
63,000338,2017-09-26,0.010928961748633892,0.010928961748633892,0.1332822015207787,22785.0,308262.21365011844,3026,123758415,119796949,3610748,1206528,14556440,18272033,13869763,15905475,17512965,11311596,8916040,8393051,7007496,6260112,3867131,3543988,54417832,54904166
64,000400,2017-09-26,0.008610086100860892,0.009225092250922495,0.3811295671829214,11424.0,104502.2290445159,1820,38205535,29173542,2448964,2427190,7948031,7463485,8185166,4738351,4558368,4156761,3082966,2327924,2417090,1444515,2734317,491399,6830633,6123917
65,000401,2017-09-26,0.009691096305269431,0.009085402786190189,0.32035214086533614,37904.0,277876.0902264043,2657,113724679,151824661,1326775,1706601,12509760,13372262,14715421,16201904,23715811,25478206,14521273,17334007,9538184,13562113,6679160,8999664,30718295,55169904
66,000402,2017-09-26,0.015075376884422065,0.023450586264656792,0.23085081361343812,19360.0,188945.2330280233,2678,107830886,98948551,2012800,1878242,13775872,9221372,12263875,9374242,15065206,14493748,10918512,14793373,9565756,7069339,5421897,3958316,38806968,38159919
67,000403,2017-09-26,-0.016745655608214727,-0.008846761453396468,1.1093542183266702,40571.5,118796.59661186622,814,38876110,12902971,538889,443084,3813996,2686441,15089939,2633951,3181436,1949116,1431123,1037451,3342722,1273008,2290766,2316249,9187239,563671
68,000404,2017-09-26,-0.008917197452229186,-0.016560509554140124,0.20954460016106416,23430.0,206298.30570172405,1404,80080602,43597066,932698,1058263,6189437,6718095,6557245,6529246,10641062,9835442,7690247,6441065,4719557,4189522,5242951,944622,38107405,7880811
69,000407,2017-09-26,-0.004981320049813109,-0.002490660024906499,0.37406992348484075,10471.5,80087.77961814064,460,10600988,6035532,508334,456244,2200215,1674744,1226277,1184748,1560737,2012351,1777811,707445,648818,0,0,0,2678796,0
70,000408,2017-09-26,0.01758241758241752,0.014285714285714457,0.3821557812615293,42366.0,234632.70809267997,2271,105058547,125284459,845007,1260781,10427120,9261016,15130149,12403859,23373234,23669109,10610694,19805228,9517226,10247010,6582970,10515375,28572147,38122081
71,000409,2017-09-26,-0.012178619756427533,-0.014884979702300294,0.2619210566353072,10192.0,66086.94491581728,802,13430572,9995038,626014,957789,3252413,3198411,2058048,2674073,2882693,1430655,956605,509244,669268,749234,861185,475632,2124346,0
72,000410,2017-09-26,-0.021590909090909216,-0.00454545454545463,0.30664047737801914,8830.0,85875.26105001502,823,16535232,10585957,720526,1253130,3202375,2852153,3603634,2076000,2159561,2063717,1244073,1372226,1016274,968731,1740006,0,2848783,0
73,000411,2017-09-26,0.01214953271028052,0.004672897196261738,0.7888287137527926,4274.0,34807.69710322203,737,5729387,3714512,1788638,171322,1239836,1044517,757252,741300,1104412,217451,424865,1178701,0,361221,414384,0,0,0
74,000413,2017-09-26,0.058878504672897236,0.04485981308411224,0.1787294353330573,339465.0,1444568.8530095546,3589,1076479668,1451357239,95255,68742,4016868,2321788,13249527,12223064,42746704,39759585,72942869,48882675,69723335,60421195,64659521,46669244,809045589,1241010946
75,000415,2017-09-26,-0.0030030030030030463,-0.0015015015015015232,0.1650825590664115,2656.0,57668.899592944086,1630,11796852,14628041,1279631,1838367,2827638,4859461,2295750,2240159,1072767,2329353,949638,976510,0,1718526,452200,0,2919228,665665
76,000416,2017-09-26,0.005208333333333259,0.01041666666666674,0.34029599476363076,7760.0,95021.15056827135,509,6689753,6713765,444527,629655,1436699,2133882,898148,1061744,1780312,1032241,233100,250250,324786,0,429447,0,1142734,1605993
77,000417,2017-09-26,0.01089324618736387,0.01089324618736387,0.27100307925421446,18480.0,103352.76247921346,1148,25497629,34680293,1031455,900335,4959834,3643940,5661049,8776127,3749539,7060268,4323021,4201778,2086608,2132060,1816106,2808078,1870017,5157707
78,000419,2017-09-26,-0.007163323782235054,-0.0014326647564470996,0.308243560575251,9765.0,48579.83905240439,512,8671498,5510090,437292,525719,2909826,1668491,1865791,883569,1902560,1385471,1202461,0,353568,1046840,0,0,0,0
79,000420,2017-09-26,0.0235294117647058,0.002941176470588225,0.12015784051052497,3060.0,40059.518941808936,802,5889916,5802171,897087,481949,2790307,1439951,1088981,948028,903144,1193603,210397,248540,0,0,0,890281,0,599819
80,000421,2017-09-26,-0.008498583569405027,-0.011331444759206666,0.21374737599971802,20213.0,33720.28235436271,1091,19291263,5300106,1202277,471965,11466904,2182058,2568132,1205530,1977377,1130132,976080,0,681996,310421,418497,0,0,0
81,000422,2017-09-26,0.004983388704318914,0.004983388704318914,0.17677851455279026,13266.0,137632.93723069105,1160,31308143,29291845,516228,1211572,4680645,5158789,3387848,2991868,4601479,6788646,3860654,1523966,2017085,5330571,3013516,0,9230688,6286433
82,000423,2017-09-26,-0.0018492834026815341,0.0001541069502235537,1.296630569444623,51976.0,301832.5451240288,2504,161032048,176931484,1055312,809829,10478275,9608902,18577965,15415572,31867907,24063294,20173878,18975662,14552594,17581220,8445694,6992715,55880423,83484290
83,000425,2017-09-26,0.0,0.0,0.06959689027596776,8074.0,93932.17127016501,2790,34941681,32542481,1562904,2305610,12332547,11233302,4672473,5020396,2456271,3556131,533994,1209158,1846470,2567839,857870,1288127,10679152,5361918
84,000426,2017-09-26,-0.003593890386343279,-0.011680143755615546,0.24620607067072725,13266.0,111325.21206056795,2046,52818417,37911626,2441029,1202329,12384852,6993325,9245194,6060517,6838655,6494656,4642129,2256213,2754420,2429952,3076552,2298941,11435586,10175693
85,000428,2017-09-26,-0.0020703933747411307,-0.0020703933747411307,0.23059659566760224,6506.0,48564.069420673906,438,3916155,5992096,257669,729585,1003425,1549463,1494979,571929,1160082,1024238,0,1250862,0,383019,0,483000,0,0
86,000429,2017-09-26,0.009422850412249772,0.0,0.21933421468921196,5866.0,66174.68221680321,1500,15856581,18300182,1878801,1332779,4437692,3983155,1837530,4246059,2293269,3120008,863290,1677131,1680065,1062225,858831,889515,2007103,1989310
87,000430,2017-09-26,-0.004757373929590747,-0.007611798287345373,0.4302086566481822,10510.0,53553.578579929796,596,11123459,5596972,478842,533727,3113577,2307597,2606959,1083007,1956263,865917,1425302,497844,0,308880,937928,0,604588,0
88,000488,2017-09-26,0.01746478873239421,0.00901408450704233,0.3465779937665767,35600.0,263392.5755024352,2625,160748110,147297403,1176081,1726893,10178084,11932182,11623252,13558531,19646998,25194275,12303448,18113948,15521230,16294454,11468688,8518061,78830329,51959059
89,000498,2017-09-26,0.013414634146341697,0.009756097560975618,0.2362850537119701,5726.0,51232.09276208558,1205,12387129,12491063,1685901,1307749,2731313,2404204,1843636,6034133,1692757,846920,939696,770972,1326679,686183,407043,440902,1760104,0
90,000501,2017-09-26,0.03638430926662872,0.015349630471859,0.48817153029726695,7144.0,83905.39175210103,1298,15838768,25818839,740697,1489491,4772071,5412972,2359544,3628871,2855059,3860691,1807872,1509261,663210,2459225,0,1414808,2640315,6043520
91,000502,2017-09-26,-0.007556675062972307,-0.004198152812762479,0.4804176940486489,7152.0,45399.3728632916,614,9631425,4532270,1121080,330818,2177169,1168413,2190904,1754289,2366382,1033610,438790,245140,357000,0,451440,0,528660,0
92,000505,2017-09-26,0.005655042412818112,-0.0037700282752120007,0.437325070308325,12690.0,80329.36296332414,588,11692039,9078385,356047,592271,2540196,2976934,2169829,1742733,2141536,2703041,1584080,432500,371700,0,422541,0,2106110,630906
93,000507,2017-09-26,0.005911330049261032,0.002955665024630516,0.2375765815555925,17357.0,117193.92700827806,1826,41177878,44465396,1122465,1333507,8719717,8884793,7438446,8019797,8213945,8934327,3363135,4267453,2675671,3298414,3145030,428637,6499469,9298468
94,000510,2017-09-26,0.006000000000000005,0.008999999999999897,0.30312727618714297,12078.0,55919.29666595112,1088,15445192,17817243,737504,982374,4772073,5441194,2943345,3991853,3466809,4512790,1719441,1688433,697040,303000,0,0,1108980,897599
95,000513,2017-09-26,0.009601920384076701,0.01880376075215029,1.0541691686284822,25050.0,197270.23999943185,2249,69271973,111976111,628929,1676497,9622356,12365090,9335148,8925895,11248963,10031572,10562759,27828906,4590737,5964211,1709188,6685795,21573893,38498145
96,000514,2017-09-26,0.006518904823989535,0.0026075619295959918,0.21686456362973128,11565.0,58912.15196418559,1251,18190293,16103381,1045031,1614465,6312059,5326986,4423667,2905134,4262437,1807720,1376654,1227535,367290,699588,403155,421850,0,2100103
97,000516,2017-09-26,-0.009708737864077777,-0.011650485436893288,0.1561846551834942,10180.0,125073.05698891408,1088,25002092,15664182,716085,1135367,4012664,4287278,2876080,3111948,2866366,2545477,3143561,2660849,1642653,1003734,817920,0,8926763,919529
98,000517,2017-09-26,-0.006993006993007089,-0.006993006993007089,0.12100448564585065,2135.0,37154.044514025896,1259,7146427,9116132,676923,1677342,3528220,2382665,934694,1398624,1202820,1436237,220150,952834,0,666972,0,0,583620,601458
99,000518,2017-09-26,-0.013440860215053863,-0.010752688172043001,0.26232320479829674,8118.0,44663.585646900356,804,12395470,4725523,1192996,728085,3832010,2118768,2413358,999742,2334414,644568,460029,234360,671564,0,893829,0,597270,0
100,000519,2017-09-26,0.010762331838565009,0.007174887892376747,0.24027621810355385,23520.0,125355.71507536394,2154,54683923,79595775,1191650,1205966,10470705,11697724,9857904,12693182,10762557,17558635,5915357,8657865,5168416,7447436,1366380,3070034,9950954,17264933
101,000520,2017-09-26,-0.001941747572815622,-0.001941747572815622,0.16429176432343767,9785.0,72830.22647327393,983,15630163,12906148,542534,1279408,3713147,3517247,2394779,2368828,1909391,1739291,3299836,1428177,1047243,698497,412000,494400,2311233,1380300
102,000521,2017-09-26,-0.0034305317324185847,-0.0034305317324185847,0.21842737765182402,5820.0,81151.87974063134,712,12341495,6428010,883322,747964,1585562,2041016,1243989,1405896,2443403,366449,1899899,875500,1079422,0,812700,0,2393198,991185
103,000523,2017-09-26,-0.002134471718249653,-0.0032017075773744796,0.42511692214232444,9390.0,57975.97885671557,485,7839333,4640615,405444,715607,2096532,2078905,1392138,830543,1304217,406610,1039886,281700,0,327250,873686,0,727430,0
104,000524,2017-09-26,-0.012232415902140636,-0.00993883792048933,0.5224530561674442,9044.0,39762.29378712651,626,8497593,5045575,501547,695249,2163868,2220260,2202288,958203,2066494,1171863,933234,0,630162,0,0,0,0,0
105,000525,2017-09-26,0.0033222591362125353,0.0037968675842430244,0.4901684763399185,12786.0,92829.54741873327,1853,25017059,33367034,1724296,1390061,8361674,11346465,3384995,5013811,3138884,4199868,2204663,2190836,1350453,1426090,895649,1396694,3956445,6403209
106,000526,2017-09-26,0.01449275362318847,0.01449275362318847,1.5299015604925599,17470.0,112881.76636303152,508,11076605,11183527,347102,265935,3061264,2232488,1500637,1770223,2191256,2128721,732812,255500,369600,1028660,859064,0,2014870,3502000
107,000528,2017-09-26,0.005733944954128267,0.006880733944953921,0.18855481031123492,6132.0,39486.20631763032,2141,13617076,23003069,1300313,3895517,5248975,6821989,3119079,3873502,1391480,3616439,1884804,1967411,672425,1342830,0,882388,0,602993
108,000529,2017-09-26,-0.009650180940892428,-0.008443908323280902,0.2754783541615157,5761.0,57320.82471756244,906,12649297,6665872,944746,1536939,2089675,2395604,1733707,1944109,2850975,789220,680334,0,1061140,0,1318421,0,1970299,0
109,000530,2017-09-26,-0.015978695073235683,-0.017310252996005304,0.3260241829817666,14860.0,163600.08335640267,530,24043724,5194141,408622,468364,2791375,1476242,3341631,1341805,3173515,1065180,1353804,221325,745500,621225,887400,0,11341877,0
110,000531,2017-09-26,-0.008018327605956554,-0.010309278350515427,0.3521414730112091,6062.0,26140.144066583463,614,4820864,3481860,934516,627186,1739833,1994566,699006,628824,695260,231284,752249,0,0,0,0,0,0,0
111,000532,2017-09-26,0.000764525993883769,-0.00993883792048933,0.5523647721550109,11785.5,84019.77374345118,560,11980851,5555062,349060,628883,2544888,2189691,1470381,831412,2382982,1084450,1147190,518425,0,302201,916110,0,3170240,0
112,000533,2017-09-26,0.006666666666666599,0.0028571428571428914,0.4161400929791457,17867.0,404708.61495665717,636,13755205,56540086,446218,432747,3006787,2810607,2863129,2231384,2076249,2485543,1486243,695651,690879,651571,408450,436800,2777250,46795783
113,000534,2017-09-26,0.001310615989515096,0.000655307994757548,0.5473838636456808,12272.0,71415.01495390483,777,14393840,14484589,1080555,412903,3643410,2608169,2967320,2619821,2954817,3448990,1194219,2450630,1364885,1378501,0,931455,1188634,634120
114,000536,2017-09-26,0.003389830508474523,0.005084745762711673,0.19656108745984924,10047.0,74237.52773537824,901,14777908,15728627,837158,770729,2961655,3448026,2299097,2501776,3057186,3560687,1648513,2740554,2009255,1050683,467284,880072,1497760,776100
115,000537,2017-09-26,0.026785714285714413,0.022321428571428603,0.2471396613064021,34800.0,279259.1058350151,2059,123751183,151609596,1179715,647576,9816145,6233372,9556691,7709149,14918736,17925413,13281267,15808314,10566815,14311269,12888266,9476821,51543548,79497682
116,000538,2017-09-26,-0.0017001020061204741,-0.0037402244134647766,1.959643536241996,26334.0,322649.29085716663,2027,109822585,103776740,2380576,2282237,9493995,9293679,10884216,10776994,13018253,9074366,6289446,8872439,4176728,4765204,9234670,4024541,54344701,54687280
117,000539,2017-09-26,0.0038610038610038533,0.0,0.21104166546699799,5698.0,34031.53488733465,602,4114750,3447196,1774124,308116,1235908,789541,228914,405006,875804,820565,0,259000,0,359736,0,0,0,505232
118,000541,2017-09-26,0.003325942350332678,0.0,0.27241982356696703,4510.0,57574.17692988303,1096,15121437,8160500,1518766,729145,4694696,2159938,2585269,1482185,2103282,1530655,1250936,441807,1696560,358491,0,0,1271928,1458279
119,000543,2017-09-26,-0.008976660682226356,-0.008976660682226356,0.17341271964840763,8280.0,193582.3782582192,1032,31085547,21938494,754286,1113526,4005338,3563701,2022292,2105939,3055670,3049536,1267795,1511755,1485783,1688541,1282820,1344669,17211563,7560827
120,000544,2017-09-26,0.014880952380952328,0.005357142857142838,0.6797386682258335,10098.0,35890.425465189284,610,5760479,7371594,531025,754814,2627123,2504897,1198130,1489581,1404201,1756223,0,219699,0,646380,0,0,0,0
121,000545,2017-09-26,0.011494252873563315,0.0016420361247946325,0.17554351923810657,12240.0,100683.15571382828,1204,27178716,21891529,662539,1374247,3239334,6914147,3300095,4429030,4877771,4724188,3461310,676676,3657162,358605,0,1790718,7980505,1623918
122,000547,2017-09-26,0.037358818418766315,0.023457862728062606,0.21883031003738518,39066.0,216878.83922835166,2769,136618833,147658583,1181044,1070445,14388163,12845435,17997551,14947999,25815786,24425391,16632695,21275775,8780083,8968499,12593764,12456494,39229747,51668545
123,000548,2017-09-26,0.001280409731114096,0.001280409731114096,0.2849084045520577,7830.0,47425.617622891725,751,8658753,5739856,580989,667802,2540518,2791772,1106192,1426399,1381919,649783,1383704,204100,392500,0,0,0,1272931,0
124,000550,2017-09-26,-0.004952947003467156,-0.00643883110450727,0.5519865265608209,10130.0,69142.02547913621,1338,24491283,17356082,1269050,918207,6193340,4970807,4590999,3212189,4160872,3311441,2840591,1808950,1689618,733774,1350317,1274001,2396496,1126713
125,000551,2017-09-26,-0.017204301075268824,-0.018279569892473146,0.38138320053991837,16497.0,88263.0224698619,594,17093918,7368051,408064,607955,3567501,2485443,3471732,1640704,3515672,1177410,707224,240760,1724874,742280,411750,473499,3287101,0
126,000552,2017-09-26,0.010025062656641603,0.010025062656641603,0.09343957707670132,2418.0,64155.16046562732,1833,17992896,18287603,1399119,1069838,5750022,5661823,3344566,2408352,1853534,1226396,2085288,968164,342400,1315358,401401,2027456,2816566,3610216
127,000553,2017-09-26,0.018532246108228234,0.02223869532987388,0.3875110973896864,11084.0,57196.37238529838,1212,13436066,23124436,677175,2003736,3711907,6039643,4057240,3925029,3552627,5283866,676075,2198504,761042,1311809,0,444906,0,1916943
128,000554,2017-09-26,0.014522821576763434,0.014522821576763434,0.22940003144136978,27608.0,105050.45179579365,1767,54724304,47895500,1188559,1175264,13883054,7627316,8956533,7288929,8836470,11744275,8292943,7315435,2844799,6431696,3033159,2695235,7688787,3617350
129,000557,2017-09-26,0.0033840947546530664,-0.006768189509306244,0.15653607067332095,14850.0,73578.1768249819,1427,29573953,22636978,1189598,1153455,6628333,6481168,5090258,6384471,7672267,5043333,1956824,1802133,1727276,700452,1247079,0,4062318,1071966
130,000558,2017-09-26,0.004573170731707377,0.0030487804878049918,0.19585820885329902,10608.0,44962.37214664589,1122,14222355,13524825,935004,1279326,6651970,4601421,4519128,1897131,1915258,2115496,200995,730805,0,1773348,0,423078,0,704220
131,000559,2017-09-26,0.026431718061673992,0.01938325991189438,0.21784438518875418,36928.0,228501.00350703072,2717,113430962,158624639,1100459,1116903,13310781,12852811,15643557,14941409,25627461,27804576,18752533,13961836,10812353,16494301,5827590,6643698,22356228,64809105
132,000560,2017-09-26,0.008434864104967188,-0.0018744142455482393,0.2971121673469092,16065.0,81360.11676802294,1290,26358044,25370302,1085431,770206,6991206,5396984,4690087,4522834,7214219,5869425,3383277,2103332,342400,2479499,900336,425020,1751088,3803002
133,000561,2017-09-26,0.0,-0.009737098344693274,0.28697561450091463,14196.0,69000.56266199457,1281,27088382,20454296,938873,1076057,5924461,6270218,4908959,3178459,6376931,4570018,3527123,1861584,1805364,1327074,1807308,413499,1799363,1757387
134,000563,2017-09-26,0.0,-0.005660377358490565,0.14805692159333353,7920.0,132606.35950560626,1283,31233209,24970545,697730,1658536,3477845,4362308,2620686,3490379,5195506,2713481,2883125,3799836,2425898,1141952,1343525,0,12588894,7804053
135,000564,2017-09-26,-0.023809523809523836,-0.02529761904761907,0.18618382488452603,9907.5,65772.6538151155,1304,24058537,15794963,1231262,1255221,5385292,4760792,4925318,2903287,4747353,2614896,2722923,1672101,1725992,1314228,1325932,0,1994465,1274438
136,000565,2017-09-26,-0.016949152542372947,-0.018008474576271194,0.3322265683318464,11340.0,96444.14433716414,807,19110979,8222006,758106,905005,4699595,2702720,3649163,1686782,2474310,1219687,1204419,803382,1712222,303180,880968,0,3732196,601250
137,000566,2017-09-26,0.002338269680436378,-0.001558846453624252,0.6375823020735903,8946.0,105803.0605009074,404,8126965,6547752,473871,352432,1428401,1271548,1244934,701476,1063380,1476304,1223797,254123,0,688499,0,423887,2692582,1379483
138,000567,2017-09-26,-0.004297520661156962,0.0033057851239670644,0.8576914139712487,18414.0,124676.289224351,1250,33871582,27355765,1141791,940810,7266007,4465673,6706345,5107517,4884576,4165280,4207380,2293746,2385851,2294998,0,1279099,7279632,6808642
139,000568,2017-09-26,-0.010808926080892567,-0.00958856345885628,1.1317531786768835,56715.0,266940.3282107872,2570,180829661,128472124,914095,829016,9105523,10704797,15724424,15665919,43723303,24342170,20130895,16411484,15453533,9707933,8511969,6730988,67265919,44079817
140,000570,2017-09-26,0.002865329512893977,0.002865329512893977,0.16294880927119965,702.0,16528.971204848458,1835,6391424,2991703,2086553,201281,2008135,1381524,1033116,828830,772120,372761,491500,207307,0,0,0,0,0,0
141,000571,2017-09-26,-0.0013850415512465242,-0.0027700831024930483,0.2216788407131747,7220.0,113101.52681088918,1061,23652912,13768803,927397,778193,3925305,4193263,2777879,2440900,4781200,3156959,1371730,578000,664127,682128,856700,486675,8348574,1452685
142,000572,2017-09-26,0.0,-0.005940594059405946,0.14652580348592092,10160.0,132338.36860815107,1189,29021478,24602601,593540,1251626,3605651,5715539,2876138,4944187,2034581,3721688,1935520,3218319,351719,315071,2737094,0,14887235,5436171
143,000573,2017-09-26,-0.0066334991708125735,-0.0033167495854063977,0.19755735986709716,4852.0,58486.02181704547,932,11918470,9281779,694061,1024569,2295820,2265238,2304971,2661757,1981168,1898916,1215446,475629,1557640,356288,403872,0,1465492,599382
144,000576,2017-09-26,0.004270896888346476,0.0036607687614398365,1.1476630415496607,8164.0,281632.476718518,203,1919060,6591043,316702,204263,873050,521117,146968,806495,217735,583626,0,475510,364605,0,0,0,0,4000032
145,000581,2017-09-26,-0.010377750103777506,-0.017019510170195096,0.5207845316735421,21681.0,267977.6237292162,2140,115218459,74816567,1568671,1405359,8649466,10031233,9448307,7600392,14544155,8559227,13927278,9268629,6981039,6017357,8736167,5449557,51363376,26484813
146,000582,2017-09-26,-0.0033812341504649845,-0.005071851225697421,0.41145637608934077,11760.0,49178.243061402805,826,13100537,10724407,668347,761521,4334331,3713644,2755522,2265556,3062598,2347438,1392951,438308,392955,656320,493833,0,0,541620
147,000584,2017-09-26,0.0,-0.002781641168289384,0.5645754729685312,24283.0,124078.17699501314,648,19854207,15946435,335684,300783,4750674,2959590,4054072,2006540,4445994,1741633,2573563,1055811,1003153,1495788,429900,0,2261167,6386290
148,000586,2017-09-26,-0.01750000000000007,-0.015000000000000013,0.9211626431446551,11808.0,59236.79992618312,471,9896793,4848255,492829,541675,2197256,1576705,2449675,1007677,2409828,1253526,1097058,468672,0,0,0,0,1250147,0
149,000587,2017-09-26,0.0,-0.0051679586563307955,0.29645219075950885,6184.0,96026.03652619325,681,14798072,9751113,589218,579977,3701353,1331145,1796372,1310300,1727215,1125901,1035220,262386,3728589,316566,948065,1352404,1272040,3472434
150,000589,2017-09-26,0.02782931354359941,0.020408163265306145,0.1859575863547989,5967.5,65681.84945350676,840,5718424,11200328,281975,1654879,1916174,2766170,1599645,852507,874354,1388894,220725,1214550,388979,325800,436572,409295,0,2588233
151,000590,2017-09-26,0.005732484076433009,0.002547770700636942,0.8889803833259533,7870.0,25227.501300954114,311,1982570,2520619,427303,274199,817406,1305532,405406,346099,120505,381405,211950,213384,0,0,0,0,0,0
152,000591,2017-09-26,-0.009933774834437026,-0.011589403973509937,0.11843310990734128,3648.0,106923.00854483614,2607,37070333,37149957,1060009,3852330,4362895,8438500,5784629,5573735,5310590,4284152,2315180,2826905,2100136,3318796,479596,1384345,15657298,7471194
153,000593,2017-09-26,0.028229255774165907,0.022241231822070162,0.36390875086736385,20153.5,158401.1984637335,1032,33798967,33993910,633211,643097,3791456,3990608,5124020,4731654,6532728,6734278,3665826,4113481,2476912,2260293,2645601,1794817,8929213,9725682
154,000595,2017-09-26,0.0057581573896352545,0.0038387715930903177,0.177574087669846,8891.0,54929.89017658309,861,10344541,10238319,756835,802268,3495223,2600082,3432780,1900259,2125371,2102862,534332,484872,0,623036,0,0,0,1724940
155,000596,2017-09-26,-0.00691443388072599,-0.009680207433016452,1.467421387410816,28850.0,205237.52378872977,1555,78606226,63831233,686895,562098,8296775,6738517,11197528,6116647,12944346,8136482,8033879,8191323,5498485,5575564,1349352,2253339,30598966,26257263
156,000597,2017-09-26,0.00900090009000909,0.0036003600360037247,0.4413770959524495,11160.0,74810.17077007312,633,10409415,8958512,400576,568317,2605227,2734756,1180140,1259168,3311695,850615,1586268,643491,750529,610143,0,0,574980,2292022
157,000598,2017-09-26,0.0,0.0,0.14737061506694007,5700.0,96131.78040436356,1498,31018256,19932728,1159693,1391567,5204440,3412273,3622957,2338114,6130301,3580865,3154464,979046,3591276,2472468,1281360,439099,6873765,5319296
158,000599,2017-09-26,0.0030487804878049918,0.0030487804878049918,0.2593890845653885,12464.0,66019.72469600472,639,10709567,9282725,529480,669921,2889573,2840611,2278851,1380753,2929909,1163551,803052,1257828,312912,980580,0,457968,965790,531513
159,000600,2017-09-26,0.009743135518157864,0.007971656333038313,0.2372884196760221,24024.0,144502.94221059245,2265,76284626,89543894,1275849,1219934,10188045,10245453,10774047,10761916,16488391,18580243,10125373,13446820,8397510,7433172,2671859,7144681,16363552,20711675
160,000601,2017-09-26,0.0040431266846361336,0.0013477088948787852,0.3010277641664687,7450.0,56370.79751546555,607,8007702,7911725,470718,529525,1695615,2890376,1902991,2311741,1381947,355040,982980,439550,1071183,372500,0,401348,502268,611645
161,000603,2017-09-26,-0.0021505376344085336,-0.005734767025089571,0.4380294533063135,6965.0,66937.87191160272,1014,15411897,9104095,1446938,795935,4026429,2742234,2575121,1797514,2558684,1562576,1708399,480198,357846,638409,1348480,412533,1390000,674696
162,000605,2017-09-26,0.012982195845697264,0.015207715133531252,0.5753690024760061,29480.0,203874.0826436296,2197,86118332,104420357,846594,1138572,11009652,10740482,12132917,11422782,19097331,15148868,10361739,11250941,7056848,6084104,3495350,4902061,22117901,43732547
163,000607,2017-09-26,0.035308953341740335,0.030264817150063017,0.17843094196759754,22764.0,115640.97483340821,1977,45559922,74334726,1534610,1531417,8874875,9968938,8169844,11088727,11725378,16139658,5528208,9587800,3113465,7448463,3402011,4264594,3211531,14305129
164,000608,2017-09-26,0.03172588832487322,0.038071065989847774,0.21451077644251731,19452.0,167237.4906784541,1352,34197764,50649685,1213764,815604,5667495,5649277,6290809,7167442,9138866,10176234,4028173,4866063,2411197,2526041,2141574,4863199,3305886,14585825
165,000609,2017-09-26,-0.01447277739490005,-0.011026878015162,0.5513120505401039,14310.0,204880.46793554586,692,13411912,18496575,429277,844887,3176651,2977329,2835296,1681676,2690507,1086529,1186129,492080,0,0,1362366,841264,1731686,10572810
166,000610,2017-09-26,0.01920122887864828,0.006144393241167334,0.4274546172141265,13110.0,201296.74281248526,927,15673794,39157733,871791,683882,4181260,4231501,2166903,3303745,2019804,4138234,1642576,2137894,1056495,1824606,0,1351248,3734965,21486623
167,000611,2017-09-26,0.01348314606741563,0.010112359550561889,0.3541871286202592,14208.0,71154.95955719962,631,12185638,9646887,638095,585137,3301540,2504584,2533116,2199996,2527958,2130835,1464648,269656,685291,790770,430680,461819,604310,704090
168,000612,2017-09-26,0.02226345083487935,0.0157699443413728,0.30092266990665456,17432.0,220157.62654584798,1284,34677013,52629378,1069047,859740,6266516,5104731,5299203,5015624,5726861,5243753,2153016,4475462,2137921,3250338,2698810,903935,9325639,27775795
169,000613,2017-09-26,-0.0009699321047526022,0.0038797284190106307,0.30628259206666286,10435.0,80772.36545017101,1134,22979720,14621320,1098325,919143,5413630,4363430,4179219,2537952,4395700,1893466,2538115,645975,986287,373360,1311408,0,3057036,3887994
170,000616,2017-09-26,0.00445434298440972,0.0,0.14775038074663516,18470.0,89634.05224491307,924,14587379,21938406,612090,664824,4215517,7193489,1589781,3704481,2309014,2405272,2039953,1482435,1359281,720698,1362843,891176,1098900,4876031
171,000617,2017-09-26,0.013357619914997176,0.012750455373406355,0.691817957669291,8340.0,63909.222044126356,566,6036629,5436556,582740,797048,1344073,2393779,814768,1544365,836998,701364,297438,0,0,0,936837,0,1223775,0
172,000619,2017-09-26,-0.02617801047120416,-0.03141361256544506,0.28964239863653357,15263.0,85445.85063374968,1087,32245599,14293107,917448,1317813,5012205,5107893,5407855,3586386,5086952,2490693,6463960,1009709,3481536,364814,1381586,415799,4494057,0
173,000620,2017-09-26,0.0095367847411445,0.008174386920980936,0.23173487858223796,2956.0,106219.82922302709,1004,8904279,11067968,959384,1044695,2009327,2758998,1490757,587639,522725,988068,232892,1057386,0,335960,0,0,3689194,4295222
174,000622,2017-09-26,-0.015280135823429464,-0.006791171477079749,0.2613032633192529,7062.0,51386.31323677795,508,8465030,3420574,618258,412750,1809866,1602729,1948223,820434,1645153,361981,725976,222680,672150,0,460404,0,585000,0
175,000623,2017-09-26,0.003605227579990933,0.002703920684993255,0.6197999188301514,20016.0,97597.25507126465,1281,31632919,31526380,704812,1127925,6412144,6258169,5120210,5345437,4797584,7487003,4317055,4305247,3145331,2684492,2250611,1861695,4885172,2456412
176,000625,2017-09-26,0.004379562043795637,0.0021897810218978186,0.28550193068725926,15103.0,123040.50983187862,2303,56789621,60823850,1149660,2267593,7734673,13506691,7361190,8036073,10313102,11361462,5529216,6564118,2181176,4042911,3008344,2572026,19512260,12472976
177,000626,2017-09-26,0.03670811130846663,0.043220840734162325,0.3951820659678553,24359.0,406758.53163495887,1829,66946443,91421477,793787,1465376,6389847,8760074,9528539,8919864,12858175,11426622,6647601,10165901,7071827,7357920,7007648,8051610,16649019,35274110
178,000627,2017-09-26,0.004469273743016755,-0.0022346368715083775,0.2114254918497226,14304.0,146077.04520501013,1793,50929429,34918113,1355501,2095136,6839748,8590140,7785386,7303621,7884012,5365475,5710759,3914113,2275686,3374747,896894,862559,18181443,3412322
179,000628,2017-09-26,0.00899100899100902,0.003996003996004083,0.4125322643346027,10040.0,32589.810648412276,588,6333748,5681693,412056,606140,2596675,2121929,1671278,1224181,1308338,1326436,0,403007,345401,0,0,0,0,0
180,000630,2017-09-26,0.006666666666666599,0.006666666666666599,0.0638370852275422,9060.0,180489.64994342782,2231,53367836,56514015,1860620,2273555,7113297,8971054,6126806,6063763,5400445,6852168,2829851,3040300,3880420,6225785,3175958,2244432,22980439,20842958
181,000631,2017-09-26,0.0,-0.002481389578163906,0.15524472470287712,5245.5,83650.64011071497,674,11838221,7216702,709747,520902,3079848,1984829,1685209,631547,1160486,1339758,1153730,936766,0,303000,1609998,429300,2439203,1070600
182,000632,2017-09-26,-0.020746887966805017,-0.02766251728907332,0.21040547581683747,11925.5,82249.19951198652,1182,30198043,16260300,1485989,733924,5819028,3414494,5812040,2464840,4813640,3499558,4253185,2137452,2436319,694606,1686854,1441760,3890988,1873666
183,000635,2017-09-26,-0.009879253567508184,-0.00548847420417109,0.562417838489365,12677.0,62016.12801187592,1049,18596282,15254416,1110091,949574,4648373,4500094,4355515,2767338,4382269,3112137,1472760,1581446,1742824,361800,884450,405664,0,1576363
184,000636,2017-09-26,0.005341880341880323,0.0064102564102563875,0.21923505202436605,18800.0,111805.89396854407,1824,54261476,40900605,1307451,1788620,7927121,9035994,8373737,8753210,10810087,10149576,7037191,3811632,4207629,2448067,1361835,926538,13236425,3986968
185,000637,2017-09-26,0.007363770250368162,0.010309278350515427,0.15036284801456998,1370.0,26894.875778207577,2040,3846660,11522942,443593,3527151,1395846,2889839,580299,2611468,1226217,1404043,200705,208161,0,0,0,0,0,882280
186,000639,2017-09-26,0.004694835680751019,0.0023474178403755097,0.8893753305717823,12750.0,105042.26357029004,573,11784849,9128092,245145,598746,1874480,2928159,1184773,2222175,1435099,1759124,2612329,678719,382140,355905,1309723,0,2741160,585264
187,000650,2017-09-26,0.0017152658662091813,0.0034305317324183626,0.17599762988761897,6435.0,43533.05234962626,1098,8277993,9467322,479086,2849625,2206152,3693208,1558374,1387165,1252425,918178,727821,0,306075,0,0,0,1748060,619146
188,000651,2017-09-26,-0.013107170393215073,-0.011308147005910985,0.661482520318382,157665.5,798197.4242125066,3460,749482837,575765182,331201,354372,8967193,7868881,20980268,20668789,45474245,43830390,44162630,40206413,44492140,42854482,44360404,29462729,540714756,390519126
189,000652,2017-09-26,0.0039447731755424265,0.0019723865877712132,0.17452720050596246,5090.0,66614.21253445809,844,8832010,7794446,758357,773282,2431149,2472445,1118479,1345301,1786733,674796,919201,869497,387089,0,442611,429419,988391,1229706
190,000655,2017-09-26,0.008244994110718551,-0.0011778563015312216,0.26476193007998017,13624.0,88084.86684365668,1028,22141535,18696516,758928,1202338,3627723,5860037,3874540,3273286,4064525,3856859,2261659,1503274,2438553,955603,920420,446160,4195187,1598959
191,000656,2017-09-26,0.005976095617529875,0.0,0.11338000879694325,12549.0,117839.34401810398,1966,47391852,45759806,1431873,1511253,8053815,7142261,7153982,6824885,9176203,9307357,7642692,5791107,2040934,4469248,2249647,857966,9642706,9855729
192,000657,2017-09-26,0.01089918256130784,0.0034059945504087974,0.3765444989002074,17730.0,81370.63650127154,1520,33025869,35857177,1105574,1164048,7529907,8261841,6688001,6641802,8921954,7487355,3438762,3206684,2066174,1345395,1290916,4054483,1984581,3695569
193,000659,2017-09-26,-0.020408163265306145,-0.020408163265306145,0.15361285119004797,9762.5,162204.04292996164,652,18189425,8946555,399849,686721,2533496,2771007,1780286,1574445,3037483,2180462,1769685,504740,1760920,0,1356129,453180,5551577,776000
194,000661,2017-09-26,0.003155680224404156,0.0005610098176718203,4.482291596536434,42804.0,194928.21757225832,1012,38773142,49164051,9956,20501,7837314,5457550,5451485,7956190,6380209,6412953,2820154,5257103,1753260,3742304,1818440,471867,12702324,19845583
195,000663,2017-09-26,0.0339443312966734,0.02851323828920571,0.5991891539020486,17198.5,101736.12645430728,604,8381900,21219672,416815,441956,2339153,3483628,2449596,3188940,1761644,4940296,226050,1871079,689142,1361013,499500,451500,0,5481260
196,000665,2017-09-26,0.0008417508417508657,-0.0016835016835018424,0.46255698249461363,4736.0,70180.49359338028,659,7885927,7274199,1269613,374654,981282,1200953,1382124,697566,1715327,2237746,205178,768760,699435,1102122,488579,892398,1144389,0
197,000666,2017-09-26,0.007451564828614199,0.0044709388971684305,0.568087884160064,18090.0,74911.06315871145,1255,22701067,18979848,794003,873879,9072112,6224409,2960889,3344628,3119302,4103802,2355882,405715,986527,673461,1335477,464830,2076875,2889124
198,000667,2017-09-26,0.005970149253731405,0.0029850746268655914,0.08823547771093251,3360.0,58606.38261130262,1448,17505321,9793453,1250409,1025406,4591909,2771605,2736310,1310467,2888875,1057951,1853032,498207,3092671,1047606,439683,882154,652432,1200057
199,000668,2017-09-26,-0.0082938388625593,-0.01421800947867291,1.0637516376235947,8370.0,82554.9145463063,251,5639747,2268393,152363,264891,969555,771395,853536,312845,1211418,526342,737831,0,714844,392920,0,0,1000200,0
200,000669,2017-09-26,-0.004361370716510882,-0.010591900311526459,0.5072403618973355,11109.0,67467.96393750868,1001,17111074,8676236,1358250,729693,5801940,2656159,3614479,2624434,2372473,2425200,209616,240750,376992,0,460520,0,2916804,0
201,000670,2017-09-26,0.017467248908296984,-0.013100436681222738,0.1385824299761418,20610.0,96316.97782180227,2463,64415278,57737425,1711811,1956097,10719639,12760252,12380756,13783787,15424245,12031181,8668651,6665977,4622256,3104995,3976219,1264977,6911701,6170159
202,000671,2017-09-26,0.012569832402234526,0.0,0.14334148761212917,28314.0,396112.2518825356,2501,138944576,154612414,1302071,1907518,8235252,10889649,14308520,13465159,15974155,19339671,9189384,13578728,13875808,10971596,5864791,10352282,70194595,74107811
203,000672,2017-09-26,0.0009960159362552012,0.006972111553784854,0.20824736092090435,19820.0,93570.04317857488,2326,60639037,59350833,1588195,2110014,11141039,10282061,11727011,10452385,15838813,11791815,7988222,7103969,3366614,5391231,1820104,4863958,7169039,7355400
204,000673,2017-09-26,-0.006878761822871837,-0.015477214101461856,0.3430726852569852,10332.0,217145.59786419937,1149,26664582,23914894,895926,714374,4012256,4452385,4311957,2473809,4102517,2346282,2187474,1781630,1661508,0,459200,918712,9033744,11227702
205,000676,2017-09-26,-0.002159827213823018,-0.008639308855291628,0.4281183357116217,2782.0,56771.44740122655,1053,12742502,6704349,1137696,650676,3381603,2759621,1600500,1804315,1644981,934137,997270,555600,391920,0,1248822,0,2339710,0
206,000677,2017-09-26,0.012903225806451424,0.006451612903225712,0.21255754367073057,9290.0,76188.75391575255,478,7519330,8658009,414415,463504,2078297,1679073,1388069,1247781,1327823,2091089,563642,1060521,0,696501,885964,1419540,861120,0
207,000678,2017-09-26,-0.020262216924910592,-0.01191895113230057,0.2682329321478825,4160.0,34719.704303701306,978,9657975,3863280,2380947,468162,2118499,1355404,1958316,599978,1816971,460880,691770,480736,691472,0,0,498120,0,0
208,000679,2017-09-26,0.0033296337402886067,0.0011098779134295356,0.4444957680393347,7911.0,42851.55315455379,410,4015148,3931630,509004,518258,1257470,1637876,855241,646075,425603,679728,247338,0,310632,0,409860,449693,0,0
209,000680,2017-09-26,0.007067137809187329,0.0017667844522968323,0.16647578297667778,7924.0,73338.15439965062,1157,19040828,13619535,854163,1246164,4079900,4219063,4064342,2336765,3260912,2328523,1246696,536889,381696,1802915,931070,0,4222049,1149216
210,000681,2017-09-26,0.03147835862844306,0.025857223159078124,0.49826020133884347,9100.0,85162.45847106648,1276,11685310,27570999,1062696,2227658,3600164,5225707,1877746,3303751,3832295,6052975,428409,2120818,0,3257126,0,1291246,884000,4091718
211,000682,2017-09-26,0.00379506641366234,0.0,0.20940231262238798,6371.0,78349.66919954291,633,8772962,5786783,523308,694348,2138887,2565481,1354179,827901,1091465,645239,982909,525814,0,0,443610,0,2238604,528000
212,000683,2017-09-26,0.015673981191222763,0.012539184952978122,0.07374772790520573,9997.5,164507.13321079497,1884,41125881,55855564,1738233,1739721,6950533,7229373,5903516,6146864,5893040,6137682,3427707,7094344,3427423,5249998,1740236,3607257,12045193,18650325
213,000685,2017-09-26,0.0,-0.0009293680297397522,0.3475585456841395,5400.0,109178.79309325988,958,17157074,12076523,595371,1403763,2726596,3491344,2267393,1452313,3138994,1704094,676299,663822,992223,312534,855230,0,5904968,3048653
214,000686,2017-09-26,-0.0029041626331074433,-0.0029041626331074433,0.2687861981041303,14420.0,176719.0875412218,1477,51464769,27825031,653441,635134,10157258,5006435,4284761,3402888,6276005,5263291,5313430,3532070,2362864,3535842,2651933,897003,19765077,5552368
215,000687,2017-09-26,-0.004267425320056972,0.009246088193456625,0.29876417789865317,28480.0,157739.3578782014,2216,90150228,80813065,1145779,1307063,10825560,10254686,12917607,13256043,18101359,18790206,12181923,7896783,8187760,7007189,6282556,3964517,20507684,18336578
216,000690,2017-09-26,0.031047865459249646,0.02199223803363526,0.2113914959033419,24195.5,104243.92160007692,1338,25983227,52373628,683102,1072778,4017847,7099354,4796159,9364397,4429618,21387661,3549702,6785035,3670559,3808482,1356981,470436,3479259,2385485
217,000691,2017-09-26,0.0,-0.003973509933774877,0.5436923660388188,8775.0,30516.31511891739,192,2271046,984988,224552,165170,1032280,513518,348842,152700,440372,153600,225000,0,0,0,0,0,0,0
218,000692,2017-09-26,0.01041666666666674,0.008928571428571397,0.35191436109683,4753.0,36843.352201590285,364,3147034,3087640,369777,173942,904937,1445940,839611,978704,552656,213854,0,275200,0,0,480053,0,0,0
219,000695,2017-09-26,-0.020797227036394972,-0.019930675909878515,0.4826852770941741,9168.0,32731.269916405472,571,7014234,3640654,700971,434552,3064352,1309389,1433474,1041274,1139611,628439,211296,227000,0,0,464530,0,0,0
220,000697,2017-09-26,0.04234918098282048,0.038753495805033955,0.5229476504234967,46746.0,235078.1000853196,2294,115112159,148988376,901829,855705,8084197,10560783,13782399,15054190,19957408,25888783,15772468,18662261,7117826,12834632,7591114,9361097,41904918,55770925
221,000698,2017-09-26,0.00917431192660545,0.006116207951070374,0.27210955495683586,11203.0,59578.02311123394,577,8183929,10025254,538212,534722,2165866,2695213,2207499,1700408,2167496,2522041,1104856,711844,0,1000426,0,0,0,860600
222,000700,2017-09-26,0.008733624454148492,0.01455604075691408,0.27399713455363023,10365.0,80545.57261821588,628,9150515,12067594,640242,648114,2765693,2108436,1778548,1588604,1287638,1610031,441881,3140052,0,2423121,402853,0,1833660,549236
223,000701,2017-09-26,0.0032626427406199365,0.0016313213703098572,0.4308269551449997,8610.0,49617.22430165513,809,11243762,7698620,970319,778107,3167319,2927047,2172562,1506654,1494217,1615717,1207877,222448,708628,648647,909340,0,613500,0
224,000702,2017-09-26,0.0034802784222738303,0.0011600928074246841,0.2764674235620653,9449.0,54706.301513038234,972,12980876,13260424,969005,1241084,4042700,3882792,2522474,2001665,2732801,1876143,2028752,1687543,685144,1360793,0,0,0,1210404
225,000703,2017-09-26,0.00991325898389106,0.005576208178438735,0.4275869861985858,6504.0,40685.09070397242,1425,17882564,10758575,2620453,843355,8047432,3654239,3879848,1868466,1592052,1019136,709939,1954033,1032840,701243,0,0,0,718103
226,000705,2017-09-26,-0.01745877788554795,-0.014548981571290032,0.28655702928362253,20520.0,345055.6595318648,1296,43449424,10270977,1110305,696364,13380958,4486181,2925198,1666943,3584848,1696430,2129611,1389150,659804,335909,1217200,0,18441500,0
227,000707,2017-09-26,0.0057388809182210565,0.004304160688665792,0.3133578418966661,9730.0,57082.65121280384,494,8933888,7084749,465594,570028,1741077,1463805,1585498,1792252,2570077,2484948,1310044,434216,708690,339500,0,0,552908,0
228,000708,2017-09-26,0.026666666666666616,0.01703703703703696,0.36454002720381246,21776.0,137272.96646968453,1372,42596967,47466910,1325263,687511,7040745,6153502,5948491,6226659,6746849,7856795,4543817,4753532,3076563,3078983,3915476,5495659,9999763,13214269
229,000709,2017-09-26,0.006864988558352492,0.009153318077803174,0.08229619047408707,25842.0,338369.7720032155,2837,134019611,189013324,1180847,2438898,9393729,14350273,17518094,15068818,17861609,21627980,10717301,13184916,6008237,8031154,9019126,10200670,62320668,104110615
230,000710,2017-09-26,-0.018575851393188736,-0.03003095975232195,1.3633788443243031,43918.0,173860.7126552604,2249,117829042,91735989,810686,1111170,8736314,9428912,16772903,13548639,24975773,19901080,14287175,9518876,12729935,9629431,7002136,4871856,32514120,23726025
231,000711,2017-09-26,-0.012439530062197779,-0.008293020041465149,0.5592396792011177,14300.0,62877.73772927429,669,11702498,8578535,631941,454711,2550451,3384361,1991613,2534601,1914949,1026404,1741580,1178458,991904,0,466506,0,1413554,0
232,000712,2017-09-26,0.05485017775520551,0.012188928390045595,0.4797077313023306,27790.0,143749.09506790497,1685,68362494,55990295,1385680,1139465,9090055,6968164,10364141,8451010,11685064,12159873,9494319,6887560,3886713,6020770,4871199,2182348,17585323,12181105
233,000713,2017-09-26,-0.006038647342995085,-0.009661835748792313,0.3649486475239058,16420.0,42305.41696390683,514,9954600,4702046,482269,420945,3681123,2092649,2198044,1180194,2379294,533179,502659,475079,302211,0,409000,0,0,0
234,000715,2017-09-26,0.005474452554744325,-0.0018248175182482562,0.4467833998487198,5435.0,34597.87693670102,601,6345179,4181327,705905,440152,1677081,1719374,1048937,1569616,1662145,234786,925311,217399,325800,0,0,0,0,0
235,000716,2017-09-26,-0.0031250000000000444,-0.0031250000000000444,0.17813728105822502,8326.5,83519.19434589641,1292,23182983,16938709,1589493,1477121,4426857,5272995,4738616,3503127,2895923,1553968,2503876,1332287,955176,1472263,1732106,872180,4340936,1454768
236,000717,2017-09-26,0.010269576379974277,0.007702182284980763,0.13945986697624188,66640.0,439275.93106268183,3127,275149965,367113331,935352,1475624,11164598,13039834,14263769,21214421,28129198,33095047,27274126,30466990,24841569,24968172,20670482,25092864,147870871,217760379
237,000718,2017-09-26,0.0,-0.003629764065335661,0.12777547539690473,4424.0,107023.87755951293,1864,33674571,19298278,1109021,1571211,7672832,4395642,7598481,4123201,3892586,3064930,3272925,2115831,2016755,1361346,896446,0,7215525,2666117
238,000719,2017-09-26,-0.006616257088846944,-0.007561436672967825,0.28124689556417043,10530.0,51941.47698852451,1416,22150216,9963287,1727224,579893,9599284,3127850,3261657,1936068,2590393,2216283,1379747,451203,1019853,0,847650,402948,1724408,1249042
239,000721,2017-09-26,0.006738544474393482,0.0,0.2760498584937679,7430.0,55685.12456923083,722,8582575,8231891,556682,1131143,2331263,2952474,1253212,1587435,2003252,700014,1178766,445057,0,361841,0,455940,1259400,597987
240,000722,2017-09-26,0.0,-0.005037783375314908,0.6234786404624533,11915.0,76065.1247354601,364,10365011,3392346,303260,308075,2380910,1260509,2119588,430725,1805686,507075,1021720,291550,750652,0,846780,0,1136415,594412
241,000723,2017-09-26,0.00837320574162681,-0.003588516746411363,0.24664063086628996,9996.0,129722.27110152978,1149,29200372,20129759,1001844,746182,4419372,4615186,3629544,3474544,4615396,3613339,2034146,1425275,2531496,1369656,2978915,2198670,7989659,2686907
242,000725,2017-09-26,0.047738693467336724,0.05025125628140703,0.0668812282123226,361146.5,3754666.327215598,3572,1928176500,2562808468,407876,249622,6015801,4326291,13356056,9137640,41606711,21237738,61331799,36772841,52118655,29770060,39775944,29600692,1713563658,2431713584
243,000726,2017-09-26,0.0033585222502099388,0.0008396305625524292,0.3115081948491909,2481.0,49111.15717355176,1462,12018467,9869825,1547991,1436579,3477608,2780686,1164498,2047032,1934506,854538,1165930,457436,360890,662071,428230,492339,1938814,1139144
244,000727,2017-09-26,0.010830324909747224,0.010830324909747224,0.06791087358894303,3891.0,103672.48452121494,1676,21892847,31761905,1279497,1158507,4328450,4958800,4278250,3436678,3659176,3426789,2919098,2437137,1360919,331800,857350,3070350,3210107,12941844
245,000728,2017-09-26,0.01013024602026058,0.0021707670043413785,0.2917535782929575,41775.0,238639.22630057452,2244,113935265,138202645,884653,1110385,9146259,11722219,12617402,12575594,20535218,19912520,21245673,18982168,12422727,16903565,13053517,13906196,24029816,43089998
246,000729,2017-09-26,0.0015673981191222097,-0.0015673981191222097,0.17234221879449257,2548.0,29568.118410200044,1372,9769050,8468063,1371237,860266,3580463,3533246,1743997,2304945,2403949,1358096,0,0,669404,0,0,411510,0,0
247,000731,2017-09-26,0.013285024154589431,0.008454106280193274,0.27875177220283126,16720.0,76115.9478386748,882,18796911,16080335,587303,834127,3642701,5196948,3303452,3128349,4501776,3405437,2461013,1954635,0,676739,1244963,0,3055703,884100
248,000732,2017-09-26,0.004456824512534929,0.005013927576601684,0.5008954922993587,14519.0,110650.50213711496,1285,28016301,25711806,1000868,1068807,5253864,7357272,4807674,3636755,4417916,4756235,1475230,1245162,1796178,1823333,900910,1765848,8363661,4058394
249,000733,2017-09-26,0.006105006105006083,-0.001831501831501714,0.4669586467251019,20570.0,108190.31616850724,1230,31866140,31321607,809579,1098656,5808292,8107800,5285164,7146889,5964081,5806631,1926160,922360,2039854,3406968,916799,900731,9116211,3931572
250,000735,2017-09-26,0.008426966292134797,0.001404494382022392,0.21080112062078468,14220.0,154459.60254282708,1141,39042869,25103613,1055159,1013611,4157033,4458558,5205050,3377413,5179092,5764984,3104419,3223864,4124266,3103397,885795,0,15332055,4161786
251,000736,2017-09-26,0.002457002457002311,-0.0036855036855037993,0.3724006081628369,26064.0,148200.30215556125,1913,61146194,64131074,1341371,1091829,9635064,9790230,10858952,10134447,13483142,11316604,7419314,5816465,6815177,3859601,3177431,5907605,8415743,16214293
252,000737,2017-09-26,0.014970059880239583,0.007485029940119903,0.17305941042449363,14217.0,73985.08551772118,1492,30923087,29576204,1037428,1294128,6518757,7372029,5766167,6361405,6675490,7646600,3459687,1678993,3438034,1708409,2267956,1388944,1759568,2125696
253,000738,2017-09-26,-0.003024193548387011,0.0,0.5179865586177039,21879.0,108612.01852412453,1467,50749685,34943175,1143627,1004005,7668930,7048543,9327325,7460100,8688208,7776455,6143996,5032185,3759236,1843417,2252333,2187468,11766030,2591002
254,000750,2017-09-26,0.0034364261168384758,0.0017182130584192379,0.15041287544661455,5840.0,96076.34989495839,1499,24518625,20783765,1150526,1483213,5133390,4457356,3175542,3372278,2763134,3119951,2353095,1591787,2118040,1031067,2268215,0,5556683,5728113
255,000751,2017-09-26,0.01990049751243772,0.00995024875621886,0.12985770271819427,20757.0,154575.04899744797,2160,61721889,77242373,1444166,1494039,10114174,9843025,9621264,11647817,11714379,13968603,5372082,6730696,5621323,4669349,5008057,2736751,12826444,26152093
256,000752,2017-09-26,0.011535688536409516,0.009372746935832899,0.506906271217916,12595.5,72535.99721410773,748,14191651,9231116,679826,906322,3438862,3431079,2465305,1718688,2038589,1541275,1019720,282000,1008499,351000,1260910,425600,2279940,575152
257,000753,2017-09-26,0.006651884700665134,0.004434589800443645,0.1927582180082281,8750.0,55924.74543685839,547,7945336,5075023,406624,693678,2849442,2046519,1279400,915706,1081428,704422,745750,714698,680049,0,0,0,902643,0
258,000756,2017-09-26,0.007702182284980763,0.01347881899871628,0.4287464943936587,14364.0,120963.756820248,1324,25044380,36496647,1419523,983863,5194813,8381062,2462861,5389511,4396756,4465375,1733951,2276037,2099258,2342639,1867072,1373195,5870146,11284965
259,000757,2017-09-26,-0.009210526315789447,-0.0052631578947368585,0.21949645586132072,15813.0,109846.82846822227,1201,25342658,32229315,1131489,860069,6011492,4923322,4238754,3995845,5315432,8042536,3301742,4368653,2493456,716834,1296093,1803853,1554200,7518203
260,000758,2017-09-26,0.009358288770053402,0.002673796791443861,0.16836756920717738,15080.0,122587.59819411702,1976,55623455,41649038,1847606,1664763,9420828,8441859,10744173,6787106,9043958,8834890,5275465,2917096,2791760,3492607,3921596,1819321,12578069,7691396
261,000759,2017-09-26,0.01074113856068748,-0.011815252416756294,0.3127188525322287,9330.0,59021.40699399146,886,14629144,10559390,759270,1137140,3648854,4353872,3070871,2070566,2588165,1707538,1505846,279600,1650619,0,0,463999,1405519,546675
262,000760,2017-09-26,0.003076923076922977,0.007179487179487243,0.40200813805290275,9800.0,73528.37203464423,588,10714732,8706143,647309,665076,2593826,1613808,2039369,1853556,2990811,1569691,782496,565865,371640,720654,485583,438614,803698,1278879
263,000761,2017-09-26,0.00978792822185981,0.004893964110929794,0.1450614054194924,16848.0,170208.521609992,1789,59677589,66703137,1239545,1768015,6260960,7736077,6851404,6591268,9609223,12551293,6155961,7075564,6068820,4039491,3973167,1686763,19518509,25254666
264,000762,2017-09-26,0.02142161635832518,0.009737098344693162,0.3666016906378874,98230.0,547916.0188735913,3143,385399249,455441895,578453,741386,8600922,11106036,14878961,19161449,31615695,37163655,31457475,38746982,28555583,24635638,24482139,29518971,245230021,294367778
265,000767,2017-09-26,0.0028818443804032867,0.0057636887608070175,0.16314628375445706,6960.0,105910.97278797894,452,6266137,6981903,316956,441804,1625657,1432930,721295,658714,1391135,459556,262332,209400,652707,731496,414665,0,881390,3048003
266,000768,2017-09-26,0.006493506493506551,0.004870129870129913,0.4443104469061893,22362.0,156291.9163161355,1730,58843079,57867997,1336753,1150324,8792796,8226218,8100015,10296637,12185138,10104528,5444214,6782359,5101328,4239600,2738515,3602191,15144320,13466140
267,000776,2017-09-26,0.0005302226935313126,-0.0005302226935312015,0.41142731054528614,24531.0,299034.80348244554,2101,142152781,109941278,2025151,939347,10694708,7558853,10339449,5879582,17828578,10921332,9146126,10156606,11887148,6632505,5839167,7556246,74392454,60296807
268,000777,2017-09-26,0.0028868360277136684,-0.0017321016166282899,0.646060208430683,10383.0,76150.24178575176,718,16610983,6759285,721796,849009,3457241,2446080,2779264,1475690,2217991,994412,1409481,994094,1385744,0,885312,0,3754154,0
269,000778,2017-09-26,0.0016025641025640969,0.0016025641025640969,0.1427449427782977,12580.0,127048.31467374541,1914,46726881,52448724,1424859,2112013,7263760,8099817,7148648,7054475,7195383,8728206,6377928,4754257,4701097,4073814,401302,3017698,12213904,14608444
270,000779,2017-09-26,0.008350730688935437,0.005567153792623625,0.6232858602317393,7235.0,46147.261457542154,531,6345771,5030011,315553,559139,1545424,1847033,1372248,1165722,1998714,643616,741280,231360,372552,0,0,0,0,583141
271,000780,2017-09-26,0.003898635477582957,0.003898635477582957,0.26497595605077806,10320.0,72336.46979502379,374,6866000,5914802,204832,370753,1070357,1563269,936896,1134549,935426,1338890,1656295,1507341,0,0,438780,0,1623414,0
272,000782,2017-09-26,0.01807228915662651,0.003012048192771122,0.2937684940403536,13939.0,78431.4041227044,1150,23740801,22761762,1072810,1063044,4402816,5372582,4891453,3924668,5701523,4883697,2171901,3378805,1469464,1273906,410764,475000,3620070,2390060
273,000783,2017-09-26,-0.0010214504596527396,-0.002042900919305368,0.2469511022435415,11736.0,127529.26275627222,1572,34084870,30794326,1145104,1746692,8473303,5751099,4911441,5599768,4375573,5655326,3139044,1705836,2179198,2492471,987778,944680,8873429,6898454
274,000785,2017-09-26,0.0017667844522968323,-0.012367491166077826,0.5291926340024229,11190.0,44211.23311116424,457,8224194,4291573,391917,307198,1844820,1724243,1831804,875284,3105820,1047048,733433,0,316400,337800,0,0,0,0
275,000786,2017-09-26,0.032509752925877766,0.016254876462938883,0.2869176080281539,39475.0,217265.1349698617,2875,118883139,178040871,1005390,1546996,10834129,17003945,15338788,20804307,20277641,35101043,11729403,21570331,11005818,11719470,7933676,8106214,40758294,62188565
276,000788,2017-09-26,-0.014720314033366044,-0.01079489695780167,0.3925824596389408,8112.0,69355.81453425599,673,11330895,6933213,572435,593736,2279410,1901826,2053280,1703646,2715304,1489926,213110,637179,303300,606900,1379856,0,1814200,0
277,000789,2017-09-26,0.00901916572717032,0.007891770011273946,0.19536257479553706,26339.0,172268.83304781443,2065,87288431,77668431,1759652,1333137,9029023,7899850,11759020,12317676,14990735,14452530,10993000,8613350,7535343,6181514,7928843,7169272,23292815,19701102
278,000790,2017-09-26,-0.00403632694248246,-0.00403632694248246,0.5770825935062425,15335.5,79966.72662736563,294,6601808,7436426,368266,187550,1595530,556910,1285029,1046713,2000037,2854258,234156,1745691,386880,1045304,0,0,731910,0
279,000791,2017-09-26,0.012391573729863659,0.0012391573729864103,0.3055275849052381,8877.0,78334.76645940237,697,14074870,9639757,731362,906978,2726872,2356841,2805454,2657258,901936,1714383,715578,1111677,1073989,0,2212941,892620,2906738,0
280,000792,2017-09-26,0.1310734463276837,0.10451977401129953,0.29634552258230973,423356.0,2169655.8129683826,3586,1425408605,2030921330,139460,150442,3931916,3126282,11329099,10246402,30802504,33895919,38543594,44780233,48839679,37339131,46183919,48785799,1245638434,1852597122
281,000793,2017-09-26,-0.003976143141153132,-0.003976143141153132,0.34416520719906685,11060.5,197174.9458409141,854,33586596,20560135,403190,638701,2730668,3159221,3217859,2342533,4227206,3212963,1585363,4529804,1936326,351792,2121788,2625000,17364196,3700121
282,000795,2017-09-26,0.007884362680683266,-0.0013140604467806183,0.1533578969182483,20763.0,95898.04570731908,2466,66966553,60339690,1672008,2111055,11212693,13064364,13614381,12637872,14486438,13897981,5194935,7393973,5747164,4961297,1788420,456252,13250514,5816896
283,000796,2017-09-26,0.02490421455938696,-0.008939974457215838,0.3633213220665242,21588.0,79563.92241106006,1859,44990759,43241353,1170333,1302450,9859129,9406503,9582992,9369014,12112091,10780897,5731496,4708166,2710930,4514140,417611,457170,3406177,2703013
284,000797,2017-09-26,-0.03135593220338995,-0.028813559322033888,0.26896397547342943,34665.0,506121.6330403177,1934,118816821,108676169,1100744,775876,8588348,7143549,10546872,9023111,16990009,14244058,15157183,12096948,10015776,8884623,12891697,5206641,43526192,51301363
285,000798,2017-09-26,0.005319148936170137,-0.0031914893617022155,0.45026599557634933,9580.0,51247.57983334817,435,8132656,4548346,671151,345597,2088926,1189441,1837270,926263,1780203,1095713,1022092,991332,733014,0,0,0,0,0
286,000799,2017-09-26,-0.018505586592178824,-0.016061452513966512,0.5491996251795546,40040.0,228789.108516694,2722,154701269,127418795,1108245,1270060,11747356,12285309,17216918,14543247,25200293,25200247,21109804,17858569,15359705,12358145,8987350,7916422,53971598,35986796
287,000800,2017-09-26,0.03305785123966953,0.025619834710743916,0.2347625597928002,40491.0,295125.1314775925,2660,168949699,191096864,1489684,1213449,12220236,10108525,14075966,13230561,26663010,25607705,17694673,15738582,12888586,11817100,9194084,13337737,74723460,100043205
288,000801,2017-09-26,0.007343941248470154,0.007343941248470154,0.22116090445967249,16340.0,68849.68660734402,1365,28437070,22506547,1353530,1174038,7684264,5623759,5681845,4987695,6825659,3683777,2742177,3607314,1672168,1697982,897015,851814,1580412,880168
289,000802,2017-09-26,0.0006277463904582614,-0.005649717514124242,0.39998502474158215,16059.0,78212.30900457391,1586,41015683,27522913,1240339,1397166,8105982,7210531,7432974,6353986,9197491,4681414,6284623,4202468,3252232,699625,1713052,436320,3788990,2541403
290,000807,2017-09-26,0.012396694214876103,0.010330578512396826,0.25207304001670633,105624.0,447517.5771010891,3323,388523502,433892168,659440,763125,9585589,9784452,19895695,18074088,41382658,41519464,38251671,42748957,32661343,29283553,27369292,27293811,218717814,264424718
291,000809,2017-09-26,0.009456264775413503,0.004728132387706863,0.1769871758648687,11024.0,84884.66902951719,571,12298031,7166555,451599,579017,2464371,2776423,2789305,1748337,1475939,821940,1893951,234686,316200,0,424000,485352,2482666,520800
292,000810,2017-09-26,0.005499541704858002,0.00274977085242889,0.3872860836636451,9855.0,33028.8010791608,793,8009438,6982948,817104,854460,3761377,2890801,1561197,1509233,1211666,890218,261704,507244,396390,330992,0,0,0,0
293,000811,2017-09-26,0.006250000000000089,0.0010416666666666075,0.3591082858350146,9600.0,90465.98438273877,714,14674664,10192199,542754,1231090,1845533,3130115,1906613,2171104,2295502,1943830,2546482,576300,978499,1139760,479000,0,4080281,0
294,000812,2017-09-26,0.012850467289719614,0.001168224299065379,0.4202745159342023,8620.0,73872.48419883568,414,6988603,7444064,365739,464698,1549721,1452575,843112,1090586,1367329,2315766,1254475,248530,698217,691650,910010,0,0,1180259
295,000813,2017-09-26,-0.002525252525252486,0.0,0.21290294596151782,2373.0,42905.37864807963,1386,6645478,8643190,1554030,1774848,2834859,2259669,1095999,610747,363723,307368,410952,651885,385915,1479306,0,447363,0,1112004
296,000815,2017-09-26,0.03755868544600949,0.021462105969148215,0.5251067683536284,15170.0,92069.03724133046,806,13757491,17279384,575410,566169,4100068,3991278,2724737,2965778,2957562,3631826,1407703,1631414,748311,986537,486200,880140,757500,2626242
297,000816,2017-09-26,0.03382352941176481,0.0,0.17194278478931627,23086.0,205018.13296008424,1567,63465895,31272004,326953,761988,16040873,4400221,13601601,4557638,4192225,6387893,2700586,2931626,1971939,3144415,2166793,2122650,22464925,6965573
298,000818,2017-09-26,-0.006272401433691788,-0.0035842293906810374,0.3751803747203226,12408.0,99352.79617769382,885,21317620,15280433,568177,649524,3988156,3982867,3139537,3542223,3704079,2300649,1797576,2118331,2424862,671423,1300125,454986,4395108,1560430
299,000819,2017-09-26,-0.0034129692832763903,0.004550625711035483,0.6699020368787753,12344.5,44812.20563493253,688,8479013,10860040,534340,795359,2557502,3400835,2754295,2831755,1712787,2317173,243294,1161918,676795,353000,0,0,0,0
300,000821,2017-09-26,-0.01917177914110435,-0.01917177914110435,0.35569281694342897,15504.0,93763.72558058692,1345,38590694,23488743,721679,1192891,6931774,5701061,6487979,4632433,7837170,4314045,4775997,1149002,3116609,2451672,2182444,1807461,6537042,2240178
301,000822,2017-09-26,0.04017857142857162,0.020535714285714324,0.22216376781512306,34620.0,241243.72492293143,2544,110977836,138618728,1086064,975411,12141915,11466518,13671931,17748469,21858040,23315193,10877900,15575049,7134778,8818983,6673937,7635848,37533271,53083257
302,000823,2017-09-26,0.006346967559943462,-0.0035260930888574293,0.44028434621620877,21090.0,134096.3435043478,1037,32083493,27438793,683774,629473,4870886,5249313,5408113,4234702,5740583,6212361,4612835,2116315,1447551,1768129,1271250,913987,8048501,6314513
303,000825,2017-09-26,0.010080645161290258,0.008064516129032251,0.10259951101487377,20958.0,208349.181570541,2346,91174875,105377685,1201290,1765896,9322705,10451704,7305338,9904016,11669168,14667536,22832921,12658244,6277720,9642488,3144632,5986598,29421101,40301203
304,000826,2017-09-26,0.003171856978085419,0.0005767012687429851,0.7648188899297695,27624.0,217029.26155852713,2056,99442168,72463695,588920,657943,13582220,9212011,11230750,9253962,16916653,11436087,9264475,4793843,11142987,4967929,1750058,3743740,34966105,28398180
305,000828,2017-09-26,0.03338762214983704,0.002442996742671122,0.5218209085343043,12350.0,129422.43292918935,553,16249718,8709678,450405,290677,2638498,2690058,1733878,1022697,2107203,752005,1168620,1272102,2122951,1448139,1830184,0,4197979,1234000
306,000829,2017-09-26,0.00700700700700696,0.00700700700700696,0.2584738702756598,8000.0,69284.07917011625,1494,12462321,21555751,517921,3133899,2314393,5741424,2553817,2744675,3256248,3324240,1897528,1101444,306000,663960,0,987207,1616414,3858902
307,000830,2017-09-26,0.06019417475728139,0.06019417475728139,0.18765944512083754,124712.0,1487391.0395116243,3017,776997469,712273057,1283154,177202,12082300,4595304,14551559,11224226,33700369,27851779,31678276,27034864,34849206,28010114,30682055,22002536,618170550,591377032
308,000831,2017-09-26,0.010238907849829282,0.004778156996587013,0.3015159727454136,29560.0,158412.70205891418,2362,95755756,85872292,1040570,1384018,10302281,12077864,14718253,13601664,18883930,18109651,10157409,11929011,9175938,5814524,8032919,3913361,23444456,19042199
309,000833,2017-09-26,0.004907975460122671,-0.0012269938650306678,0.28417463235072377,9768.0,63674.66584004786,822,13340853,9677421,695424,1181738,3741245,3655160,2902376,2620454,1837079,1084640,978522,406505,326800,728924,475605,0,2383802,0
310,000835,2017-09-26,-0.0010482180293500676,-0.0062893081761005165,0.30299699342236713,4725.0,64482.34808192836,991,13459539,7284142,1564161,627406,3235802,2360131,2356799,952926,2654242,1800875,1507516,0,1007019,390576,0,0,1134000,1152228
311,000837,2017-09-26,0.0027137042062415073,0.0027137042062415073,0.2700972958898752,11122.5,50509.562497812105,744,11932300,10288745,542272,973664,2717450,3296546,1987106,3166176,2608651,2197483,3196387,654876,0,0,880434,0,0,0
312,000839,2017-09-26,0.007366482504604033,0.008287292817679592,0.19403909125834515,68014.0,479044.6026819347,3136,259727956,362213322,902006,936915,10758115,13329428,14992830,24070044,29702233,41195815,30014879,37983961,24060067,26174207,16741392,21797027,132556434,196725925
313,000848,2017-09-26,-0.0041753653444677186,-0.007306889352818424,0.2448035206087914,9510.0,166206.95814584784,1532,46606224,32490536,2519921,1210455,4897894,5437212,5444714,5564924,8105469,4446065,4522952,3449300,2198332,1356496,1906182,2697507,17010760,8328577
314,000850,2017-09-26,0.003816793893129722,0.00190839694656475,0.2640435541806705,5786.0,60522.02489582766,393,7092301,3837867,243890,357230,1228151,1149322,1883260,815413,1474324,644408,463740,210400,313800,661094,435136,0,1050000,0
315,000851,2017-09-26,-0.013640238704177299,-0.009377664109121997,0.32511547590912826,22154.0,153939.86565963476,1302,49075631,36203989,820790,713375,7044182,5488566,6490279,4431653,9609475,5012750,6373444,3344418,5207159,2995997,4520283,3499915,9010019,10717315
316,000852,2017-09-26,0.03232916972814115,0.026451138868479163,0.2847753391334219,29274.0,143994.89691019175,2286,73255267,92964665,1170156,1633185,9927425,11464307,12678627,12746496,17608045,18861044,10106439,10724315,7684572,6366411,4050519,7060866,10029484,24108041
317,000856,2017-09-26,0.011251758087201136,0.009493670886076,0.5537238161619054,39774.0,190206.53183516196,2639,115168021,137182185,1092402,1127349,13612951,12215850,16719083,17796811,22594025,22711916,14232954,15254219,7720743,13058475,6704430,6177822,32491433,48839743
318,000858,2017-09-26,-0.008020924149956477,-0.007323452484742865,1.022241095912007,74080.5,435595.4501064508,3148,331821272,259524358,360247,347531,14398455,8292070,25553538,22327494,36562335,35914338,35294504,24068959,24793537,22495060,17520565,11323826,177338091,134755080
319,000859,2017-09-26,0.003960396039603964,0.003960396039603964,0.20727718804883832,10120.0,55123.49818993244,593,9109347,7790805,296118,646366,2120897,2233528,2400438,1835148,2563388,1068462,469994,1448501,304357,0,403200,0,550955,558800
320,000860,2017-09-26,-0.012288786482335001,-0.016897081413210557,0.5093585565284093,29182.5,143372.02096407142,1470,63819463,25361760,759892,1329087,5272165,8165183,19798009,6225429,9591326,4912775,4004619,2911090,3938047,689313,1748090,0,18707315,1128883
321,000861,2017-09-26,0.008130081300813163,0.008130081300813163,0.16463186909884428,7420.0,82863.400546045,502,7811950,7298185,413852,544311,1708082,2037074,1538243,827787,2081871,405907,1051831,290302,1018071,745000,0,417346,0,2030458
322,000863,2017-09-26,0.0028368794326241176,0.0028368794326241176,0.3905558181625153,9191.0,52254.57782130975,325,4291144,2842527,292603,277856,920152,1569903,813033,537498,479519,457270,429541,0,334239,0,443137,0,578920,0
323,000868,2017-09-26,0.02677532013969741,0.002328288707799775,0.14724171949966774,101088.0,561102.3035396484,3420,425857445,481197761,845737,975632,10227910,11404507,16848238,20533484,37061500,44916396,32830135,32242943,25343261,41014850,33827549,28376453,268873115,301733496
324,000869,2017-09-26,0.008412483039348606,-0.0062415196743556,1.1996070038965017,21887.0,89809.46624639341,943,31370569,17266893,659975,587552,4438771,4553466,5778281,3878364,6278727,3877458,4369792,944198,3703358,1704123,1789903,490038,4351762,1231694
325,000875,2017-09-26,0.0020283975659229903,0.0020283975659229903,0.21205610782748277,4950.0,46549.86235763595,540,5544761,5091866,543095,618142,1726359,2062807,802231,435207,1074128,1063165,499374,228120,345800,684425,0,0,553774,0
326,000876,2017-09-26,0.0013586956521738358,0.0013586956521738358,0.19575279266223045,7360.0,121798.87228579544,1414,24452888,18176056,1796027,765701,7671103,3149921,4063412,2560111,3245206,1886265,1390121,421126,674090,1709153,0,499686,5612929,7184093
327,000877,2017-09-26,0.03898305084745757,0.04322033898305078,0.21571868929929852,38478.0,235745.77063241965,2996,132553540,165501653,1210117,1387353,12875786,15579865,17247558,19313769,27914505,29650730,16111427,18632137,10773916,16198117,13007849,7475606,33412382,57264076
328,000878,2017-09-26,0.011971830985915588,0.005633802816901401,0.291191753379415,28300.0,210154.2871620044,2379,107648320,109463212,1352209,1279593,12786729,10152672,13610612,11437436,16206852,14991052,11544598,11127279,7766216,9423479,4916383,8035695,39464721,43016006
329,000880,2017-09-26,-0.011690647482014316,-0.011690647482014316,0.45487235361317135,5515.0,39069.844270533984,597,6640550,4029144,1107048,453593,2236386,1695458,1116349,586677,809135,678354,262359,226806,669273,388256,440000,0,0,0
330,000881,2017-09-26,0.008855154965211831,0.006957621758380661,0.41217674616849015,3170.0,41548.07434976467,1471,8418916,13610427,497453,2287324,2202794,5497281,1993454,2265520,971662,1319172,791691,1223058,1089012,1018072,0,0,872850,0
331,000882,2017-09-26,0.002808988764044784,0.002808988764044784,0.13807666355256298,5696.0,79580.05421137605,665,10872336,7106417,606919,749148,2030989,1893508,874163,715446,2563058,1529388,524388,940395,1775247,718396,0,0,2497572,560136
332,000883,2017-09-26,0.005988023952095967,0.0,0.12256783650970443,1003.0,37217.704983385294,1675,9591208,7328622,1462828,978183,3316062,1742697,2233124,1144495,997065,1559761,515500,251001,320139,0,0,454407,746490,1198078
333,000885,2017-09-26,0.014307613694430232,0.004598875830352567,0.40133736615517884,34650.0,121002.01383940609,2379,96345090,83820047,1271706,1638493,10734415,11817078,15442445,13216099,24209628,19399168,15376249,11677778,9970385,6568012,3986535,5374635,15353727,14128784
334,000886,2017-09-26,0.014018691588784993,-0.0015576323987538387,0.22470663591853848,16087.5,154742.57339940974,816,22149966,23336451,612374,591322,2897044,3819644,3163559,3468823,3034557,2958289,3659874,1449582,3135410,4150550,874540,862316,4772608,6035925
335,000887,2017-09-26,0.001444390948483365,0.000962927298988836,0.5917099317889413,25104.0,113659.89302782308,1233,38320497,45030886,577085,691825,4702878,5884569,4462673,6107556,7073914,20438371,5530814,3966460,5124883,963800,4388095,873234,6460155,6105071
336,000888,2017-09-26,-0.00959023539668713,-0.013077593722755076,0.38073583721839316,11460.0,102518.10698054034,907,27610212,14452975,700841,789708,3497750,3853016,3635507,2113776,5304331,2178083,3889525,1369069,1744610,1374485,1305160,0,7532488,2774838
337,000890,2017-09-26,-0.019157088122605415,-0.019157088122605415,0.2845219728668549,7800.0,166888.52082915299,758,23011642,9380712,898337,794801,2882511,2575348,2417110,1496586,1341913,1538511,231000,928800,1489055,385000,465000,482020,13286716,1179646
338,000892,2017-09-26,0.006090133982947554,0.012180267965895109,0.20050851055376887,8325.0,65370.92126664844,1678,24874028,20603169,2382138,1106462,7764303,5223663,6967963,4031580,5314631,2660805,1374409,1683496,0,1038987,405574,494489,665010,4363687
339,000893,2017-09-26,0.039823008849557695,0.019911504424778848,0.2565931810755541,13012.5,44750.73890011751,1242,18572823,17608109,1152053,1443626,5983387,5516790,4437879,5106999,4305945,3536775,1183911,1699109,674898,304810,834750,0,0,0
340,000895,2017-09-26,-0.007136859781696092,-0.007976490344248632,0.4631783886352295,23550.0,199727.2577407397,2652,120949872,106505039,1325445,845984,10791265,16834593,11396020,7612745,19492901,13492863,11365741,15256678,9360762,6808819,11614816,7323467,45602922,38329890
341,000897,2017-09-26,0.0023529411764704466,0.004705882352941115,0.14983407151682018,5550.0,40603.35302563928,805,7733496,6763688,798973,1072439,2792291,2543537,1067791,1375091,970926,863987,950396,474114,729675,0,423444,434520,0,0
342,000898,2017-09-26,0.007763975155279379,0.006211180124223503,0.14562176875637534,19620.0,293586.1673789293,1959,107270411,111468314,1006926,1292194,9010128,7823414,6882137,8913136,9225914,11131027,6557931,10032542,8107871,9869304,7000782,8639056,59478722,53767641
343,000899,2017-09-26,0.025139664804469275,0.0013966480446927498,0.3536785587289308,7898.0,37616.935144663235,409,5004941,3101865,436848,420265,2024063,1485605,1324189,667313,444908,231056,0,297626,318276,0,456657,0,0,0
344,000900,2017-09-26,-0.0033167495854063977,-0.0033167495854063977,0.2013539242739023,6020.0,87595.92262816073,897,15951024,10568347,1245587,830621,2991711,2939759,2158350,1844024,2771958,2207574,1015230,494208,1294827,0,0,495445,4473361,1756716
345,000901,2017-09-26,0.0028001400070003513,0.0014000700035001756,0.8092219139766907,17172.0,83763.95030037162,1246,29331113,21968366,805872,1419266,6227658,6838368,5721332,3497774,6415915,3790379,3942436,2953334,2069977,1350660,857362,0,3290561,2118585
346,000902,2017-09-26,0.015182186234817596,0.011133603238866252,0.3187997372347372,19810.0,138290.66160659626,960,28436920,25241407,762634,788492,3407335,2838275,8766082,5628918,4779985,3589225,1967231,1676036,3222337,978689,1329188,1406284,4202128,8335488
347,000903,2017-09-26,0.005037783375314797,0.0025188916876572875,0.12373447011858318,5970.0,55127.721813298645,1031,11365540,11566551,681714,1309040,3700534,3349906,1828382,2185894,1736477,2614687,653118,675008,2364345,0,400970,0,0,1432016
348,000905,2017-09-26,0.003863987635239541,0.0061823802163833985,0.3122729991356516,16731.0,77014.10375611382,1717,30342061,40036734,1030723,1458510,8648390,9825775,5728651,7606584,5770969,8448967,2599491,4760752,3165176,3103055,878996,1346875,2519665,3486216
349,000906,2017-09-26,0.012415349887133331,0.011286681715575675,0.32846140297638404,4475.0,33414.80750013345,727,5709432,5801655,491733,969410,1977518,2475838,1157444,1244955,1322879,511087,759858,292500,0,307865,0,0,0,0
350,000908,2017-09-26,0.004065040650406582,0.004065040650406582,0.26904599956095476,1482.0,42790.98075980582,752,5149005,5046095,586149,833263,1148419,1477612,1064850,854974,1033784,626433,464688,290513,327228,370500,0,0,523887,592800
351,000909,2017-09-26,-0.0015267175572518665,-0.007633587786259555,0.515173766249507,13020.0,48164.54870646183,646,10722354,6030083,473094,566956,3135597,2977989,2716059,1198999,1516378,1042679,1222980,243460,958846,0,0,0,699400,0
352,000910,2017-09-26,-0.011933174224343701,-0.024343675417661026,0.4938746518600185,8220.0,151321.09944535326,1801,45920351,35512133,2327215,1065354,5682737,5067164,4721118,3544161,6980165,2273291,2804103,2046977,2978908,2010141,3339923,1351056,17086182,18153989
353,000911,2017-09-26,0.004273504273504258,0.0008547008547010737,0.39248039052476685,11730.0,46541.00527510067,888,12331141,10218673,697913,870654,3923925,4541945,2151890,1806280,2616559,2070006,1003464,459816,1104809,0,832581,469972,0,0
354,000912,2017-09-26,-0.013645224171540016,-0.0019493177387913674,0.19515616030494065,31000.0,132923.60858145345,2769,109022749,86658138,1236640,1351611,13971135,13957677,16102122,15444184,23067267,21667858,18833130,12509624,8204085,7698688,5804966,2671005,21803404,11357491
355,000913,2017-09-26,0.0017291066282418832,0.002305475504322807,0.804226137616456,13912.0,88867.19574581723,465,7863346,4760868,347721,372648,3293825,1546973,1305935,503320,719752,1010789,471671,267960,0,1059178,0,0,1724442,0
356,000915,2017-09-26,-0.021492537313432813,-0.013134328358208935,1.0580092866618638,16877.5,154737.56270750306,1002,37509492,19666064,750651,666578,4893233,4684899,4415813,3663324,4877751,4238959,2479213,2806848,2391946,1798523,3606086,1261639,14094799,545294
357,000917,2017-09-26,0.0019120458891013214,0.0009560229445506607,0.33557581536396375,11528.0,87146.3019073694,971,21548663,17851548,618972,747928,4172310,4212359,3616888,2906052,3482399,3090723,2486684,1658892,1710212,2839459,1313724,1284626,4147474,1111509
358,000918,2017-09-26,0.004341534008683201,0.0014471780028944004,0.26625532205462676,9688.0,47390.16867351113,673,10182158,7330976,682095,696541,3707134,2238543,2026617,1482050,2040188,1661992,431808,937921,673316,313929,0,0,621000,0
359,000919,2017-09-26,-0.007590132827324347,-0.007590132827324347,0.4001697311308076,10530.0,55802.98156137178,693,14549595,6934437,606737,465150,3493561,2870013,3080824,1489525,3932389,440427,1736407,1168570,655650,0,0,0,1044027,500752
360,000920,2017-09-26,0.014851485148514865,0.0024752475247524774,0.25535613622736,29400.0,121261.06014784327,2255,76924068,81331524,1087228,1545629,9824044,11446285,11841009,14247390,15506888,20004035,10706502,9365211,8550277,7674833,3067451,5767048,16340669,11281093
361,000921,2017-09-26,-0.013119533527696903,-0.01895043731778423,0.2939580577072533,24210.0,143355.37987467778,2181,82186542,50984049,1392611,1220543,10083681,9249146,10620387,13677954,23761452,13995909,7903565,3970423,4740809,3510658,4119355,1258243,19564682,4101173
362,000922,2017-09-26,0.0,-0.004956629491945641,0.3311958078430943,10400.0,71393.09852241904,593,10562027,6250867,584602,687468,2692086,2545510,1751983,1540162,1827926,633572,1181911,0,0,0,0,844155,2523519,0
363,000923,2017-09-26,0.010064701653486718,0.007189072609633307,0.9307055240398221,14040.0,117107.92345494255,893,18483836,18999006,663490,843017,4449783,3993004,4138661,2459695,3445929,2215979,1895141,1692526,324916,0,845079,0,2720837,7794785
364,000925,2017-09-26,-0.01778765981100594,-0.016120066703724234,0.5832143497310597,17750.0,111986.21571513734,951,26051413,23453749,489219,1175141,2903857,5663178,3549251,4868524,5417799,4077418,2836830,1613128,2832723,709000,2376623,497000,5645111,4850360
365,000926,2017-09-26,-0.0032102728731943087,-0.006420545746388395,0.3848933570745857,9968.0,109953.01951224428,1048,30878562,15943665,1617797,613173,5106904,2587421,4689658,2599491,4034128,2600063,2736266,2041663,2423843,1135724,2397452,0,7872514,4366130
366,000928,2017-09-26,0.011990407673860837,0.00599520383693064,0.23995037496406862,14305.5,59706.82035878009,1208,21630549,19385404,977919,1369427,5883554,6322439,3940386,4359367,3383850,3898147,4015930,1120276,1370446,1819979,457968,495769,1600496,0
367,000930,2017-09-26,0.002178649237472907,-0.001452432824981864,0.25863246160183967,45375.0,329006.51033477095,2837,200536177,179098688,928458,1777217,11014288,13682237,15960963,13643521,35063283,27862190,25808980,23014953,17908109,12607328,11677300,13145680,82174796,73365562
368,000931,2017-09-26,0.002702702702702675,0.0,0.2861671760053866,7460.0,59581.20706469711,668,8493590,6794523,745405,745135,2412129,2496804,1522699,1231866,1702187,1282015,501970,212325,0,325738,0,0,1609200,500640
369,000932,2017-09-26,0.011435832274459878,0.013977128335451061,0.16058109198181486,26697.0,219601.07875419475,2409,107642158,128887952,2671264,1045409,9104485,7385710,14931481,12117054,17384802,25299062,8538403,14998151,11237912,9574237,9556324,6133830,34217487,52334499
370,000933,2017-09-26,-0.016183986371379855,-0.022998296422487186,0.20278649998083112,67061.5,355758.3456081942,3360,278304451,334735429,612044,1870434,9509057,15919828,14821080,20490443,30472673,40677107,30246517,36940510,26686244,33328178,19869578,27010100,146087258,158498829
371,000935,2017-09-26,0.06363636363636349,0.06318181818181823,0.39213783977765027,81168.0,360266.2277356804,3153,262289528,339761399,801594,871725,11299935,11508679,16926401,16367724,36225374,39343122,33320148,35256204,22347104,26428287,21407317,25685301,119961655,184300357
372,000936,2017-09-26,-0.009735744089012566,-0.00834492350486793,0.2732004606915508,12163.5,83854.57958620094,692,12314169,12480666,415700,703475,3662801,3091178,2321867,1875203,2028392,2519398,1565380,958159,363728,1149196,0,924369,1956301,1259688
373,000937,2017-09-26,0.005873715124816492,0.002936857562408246,0.15954520915340054,7535.0,87020.2212836835,1824,33669045,30696452,2372134,1350552,6934529,5003762,5304184,3267640,4590452,6279617,4707895,2483795,2400012,3498823,1685683,1745078,5674156,7067185
374,000938,2017-09-26,-0.009331259720062213,-0.015033696215655756,1.4542997802580173,28860.0,209383.08615630592,1583,87336937,47256807,613893,1053431,6475582,7392503,9015343,9421953,16223594,11038762,9537749,5123247,5651336,3366758,3139717,3999218,36679723,5860935
375,000939,2017-09-26,0.0018348623853210455,0.0,0.14643980993875125,15776.0,199556.65592228365,1387,53496741,42401762,955928,1096486,4898186,5756277,5880637,4486751,9090284,6967461,7235205,5618124,3256380,4659759,1291926,3979220,20888195,9837684
376,000948,2017-09-26,-0.016474464579901205,-0.021416803953871466,0.4240615217957587,10854.0,53581.526970998544,819,15895446,6932059,1251581,508570,4330655,2669414,3879279,1267375,2772799,1668323,1525076,818377,389896,0,473708,0,1272452,0
377,000949,2017-09-26,0.0022471910112358273,0.0022471910112358273,0.18280472211139276,8250.5,58310.70613065901,592,6388002,7748069,354198,710385,1918218,2878293,1016610,1560413,1053591,862290,1129597,519808,0,311500,915788,0,0,905380
378,000951,2017-09-26,0.03768432550518841,0.027853631895139452,0.3906585845025415,22650.0,146441.84739880482,2198,58505579,95922223,1929792,1369254,9163701,9065190,9779132,14576535,12570383,16788408,8955427,12960864,5014047,6157447,2778918,5896793,8314179,29107732
379,000952,2017-09-26,-0.013580246913580174,-0.024691358024691246,0.5100317589749257,15920.0,142623.4267283344,1009,36633802,11677714,791781,1016622,6370858,3887634,5432290,2557472,4518853,2256504,2651294,221254,1402000,0,2773337,438840,12693389,1299388
380,000955,2017-09-26,0.001529051987767538,-0.001529051987767538,0.33050857497560276,7227.0,34064.012614553176,391,5227463,3420779,734860,187242,1180423,1115711,1730534,1009812,1581646,896154,0,211860,0,0,0,0,0,0
381,000957,2017-09-26,0.017125837676842837,0.006701414743112366,0.25650760651423926,40740.0,224120.23163737546,2746,133741459,145692618,1328212,1364036,12324900,11297916,17570254,14847244,29475183,27702700,15061036,19685015,12847099,12557844,7149669,11052958,37985106,47184905
382,000958,2017-09-26,0.010680907877169465,0.012016021361815676,0.17254071270184518,15020.0,147472.53438484258,1887,40861877,53515654,1691052,1803348,7515558,9089293,7827067,8000219,6985552,10352336,3748929,5947074,3275108,4545619,2768120,3485162,7050491,10292603
383,000959,2017-09-26,0.007385524372230501,0.007385524372230501,0.15212300746501697,5094.0,63694.090233596806,1984,26884961,20999287,1804972,2184629,4623911,4977155,8068810,3792233,3089020,2817289,3603388,3858082,2367242,762750,0,413055,3327618,2194094
384,000960,2017-09-26,0.03791469194312791,0.021665538253216043,0.27169547517127546,49863.0,377372.32214541116,2958,197479998,283199377,1838327,913537,12400456,10041449,17834569,13757951,26728046,35781158,19150520,21761937,20124559,22667266,12648937,15534966,86754584,162741113
385,000961,2017-09-26,0.007886435331230235,0.006309148264984188,0.15877368390412042,14091.0,146932.54662520805,1596,39542152,44975291,1082826,1407884,5803304,7831213,4853191,7521118,5963413,8262148,3630588,5824977,1783835,5624658,2259257,1795882,14165738,6707411
386,000962,2017-09-26,0.10416666666666652,0.10416666666666652,0.21271949869990045,30996.0,512581.20820400934,2473,127830105,139359589,1540335,878812,14073372,7639146,16675701,11407948,21120851,17990862,14328716,14123131,6125254,9514207,7924408,10780576,46041468,67024907
387,000963,2017-09-26,-0.004333470903838288,-0.005571605447792005,1.0160114473908846,24195.0,227453.44162293762,2275,89699962,93123203,1220022,2875908,8326428,12442077,15160435,10609260,12072266,11251895,5736624,8015968,6052512,4840229,1361570,404880,39770105,42682986
388,000965,2017-09-26,0.005673758865248235,0.005673758865248235,0.21562552101614038,9898.0,106030.39452755543,1069,20632830,13742612,910036,1497233,2915505,4892990,5044939,3524390,2390567,2013201,2604204,1154474,1296998,660324,442035,0,5028546,0
389,000966,2017-09-26,0.0021413276231263545,0.0,0.19236828450841015,7035.0,79069.45641105437,589,9459784,5939216,637298,774228,2401626,1705696,698045,908693,1381720,974574,1045622,777675,636556,331350,0,467000,2658917,0
390,000967,2017-09-26,-0.006309148264984299,0.001051524710830698,0.35624033618345424,10493.0,100554.44023654445,712,16399838,14524674,651706,1212002,3136884,2825663,2258667,1948175,3706570,1717499,1326889,1877049,1969432,1035490,485010,1455615,2864680,2453181
391,000968,2017-09-26,0.05700871898054993,0.039570757880617036,0.4033492283214112,16962.0,143239.3576177211,1367,28094857,48019961,1101038,977948,6269813,7113793,4131655,7041875,5342593,9989448,2430392,2628867,2349507,3619546,2184059,1346679,4285800,15301805
392,000969,2017-09-26,-0.02361489554950047,-0.008174386920980936,0.2316970633505994,34131.0,221637.28892580228,2261,112112561,96470368,1073258,1075592,9893366,10717620,12846605,12850273,21331024,17703410,12287154,13242896,11617579,5533939,6768158,7283482,36295417,28063156
393,000970,2017-09-26,0.0056022408963585235,-0.0022408963585435204,0.31897745084397017,67564.0,427063.1292017393,3134,309017558,304869152,741079,1136205,11976422,13729156,19518370,19440587,34684276,32125256,25047652,36320362,23804272,22131167,22477263,13633917,170768224,166352502
394,000971,2017-09-26,0.003669724770642091,0.0024464831804280607,0.6253127920002564,13088.0,28953.943645643827,683,6725835,7359407,723953,619951,2651944,4926137,2066085,590919,1062717,887430,221136,0,0,334970,0,0,0,0
395,000972,2017-09-26,-0.004796163069544224,0.0,0.22204434776580498,8340.0,76817.47704435214,352,8569989,4423911,323452,388466,1557676,1180138,895052,454674,1616905,1295071,1467072,740967,372600,364595,1304515,0,1032717,0
396,000973,2017-09-26,0.0024999999999999467,-0.0012499999999999734,0.1875838611318436,17252.0,126981.07419463029,1820,56167611,37953904,1416739,1589988,9622895,8347292,8303631,6803217,10811141,8328307,7045376,5100372,3449472,2170508,3586271,413316,11932086,5200904
397,000975,2017-09-26,0.0028776978417266452,0.0007194244604316058,0.4774828982946267,11152.0,161796.8803219101,847,20779303,19496459,1300810,565736,3924891,2773156,2481175,1383793,3194452,1749810,3753023,960503,785918,731491,905100,0,4433934,11331970
398,000976,2017-09-26,0.0010752688172042113,-0.004301075268817289,0.4277021064430109,16614.0,76041.26555539102,472,11553799,8560979,587016,394608,2053542,2476898,1556009,1694878,2806628,2093226,2035722,527206,1813217,357588,0,462500,701665,554075
399,000977,2017-09-26,0.007446808510638281,-0.0037234042553191404,0.39547951048588736,35834.0,197325.89902261927,2261,125820231,100623619,1154901,1506628,8798035,9722192,11439253,15565219,18758454,19501190,16289774,16902449,9894011,8262035,9808097,6331257,49677706,22832649
