,code,date,pchange_whole,pchange,change_std,amount_median,amount_std,length,sumsell,sumbuy,sell_vol_0,buy_vol_0,sell_vol_1,buy_vol_1,sell_vol_2,buy_vol_2,sell_vol_3,buy_vol_3,sell_vol_4,buy_vol_4,sell_vol_5,buy_vol_5,sell_vol_6,buy_vol_6,sell_vol_7,buy_vol_7
0,000001,2017-09-15,0.0,0.0008857395925598865,0.2047213378423515,46125.0,492553.8225983215,3045,324552157,228000820,828588,1419189,11977515,13791075,17189204,16054098,27987614,25891035,23801641,17131889,19826612,16294292,26343462,11980263,196597521,125438979
1,000002,2017-09-15,0.06545454545454543,0.08909090909090911,0.46011531491508423,406575.0,2176612.3230095324,3577,1299620112,1695089175,119556,68590,3111412,2307409,9556094,9204867,34287105,37139781,44457706,44855536,46426824,54874005,53906719,59053107,1107754696,1487585880
2,000004,2017-09-15,-0.016289233214143772,-0.00715137067938032,1.0381517908474251,12490.0,76913.57239064318,587,12097184,10034627,937566,417102,3530604,1850269,1569780,1901156,1748605,1877749,2254853,1753402,1019131,357214,401695,927735,634950,950000
3,000005,2017-09-15,0.009652509652509744,0.011583011583011782,0.11958328019751205,10560.0,99143.8336859239,1881,29005479,44639231,1186870,2014906,6038230,9016282,5721441,7555147,6934748,7404291,3675430,5999910,1396488,3393005,1295036,2639515,2757236,6616175
4,000007,2017-09-15,-0.001941747572815511,0.0,0.8597760575975633,15400.0,152605.9402163717,322,10710095,4257283,290380,249223,1704169,1267390,1828416,234787,1663375,835250,1022424,275123,924000,0,0,0,3277331,1395510
5,000008,2017-09-15,0.0579196217494089,0.03900709219858145,0.20294534769722355,17040.0,241524.97379641474,1739,44462723,86267408,1795186,1282042,7695858,7003908,5737600,8077467,7816711,9220761,3525163,6341491,2828743,3104299,4046475,8071524,11016987,43165916
6,000009,2017-09-15,0.0010582010582012025,-0.011640211640211562,0.17677371174367817,56460.0,332274.05366122455,2863,230928250,213998670,1397338,1257844,10990131,10458593,19894229,17621491,33383130,28139954,27688748,25652542,13164863,17832307,12746497,15307059,111663314,97728880
7,000010,2017-09-15,0.0019646365422396617,0.0019646365422396617,0.21613711778648148,7635.0,50187.970384712025,554,7839504,6917898,549620,519658,1894922,1569081,1587734,1297084,1579071,2908829,1416465,218591,304200,0,0,404655,507492,0
8,000011,2017-09-15,-0.005777563793933571,0.02214732787674545,0.38801512239976726,46332.0,162981.35728478784,2867,129891834,151823452,873678,814207,13035334,14846311,18096232,19697913,28855615,33759681,18979582,22546043,11675530,14235932,7779928,10632556,30595935,35290809
9,000012,2017-09-15,-0.003409090909091028,-0.00454545454545463,0.1879905595886493,26250.0,139954.7478384708,2193,94633195,59974651,1883558,1216280,11752078,9364561,13646551,10063164,20596372,14454050,10064539,7390882,7297667,5111323,4513882,2158679,24878548,10215712
10,000014,2017-09-15,-0.00460299194476399,0.0011507479861909697,0.5225243505415368,19250.0,59285.73063571446,1106,21009631,23366781,815364,769058,6166339,6341227,4435283,5220984,5122767,7619329,1700428,2549691,1992450,336784,0,0,777000,529708
11,000016,2017-09-15,-0.0049586776859504855,0.0,0.17954970939021234,10836.0,75136.00370850317,1136,25171498,17163467,1301814,1117684,3709781,4469783,2771906,3659656,8907722,3228414,2245342,1330414,2260608,2661039,1821237,0,2153088,696477
12,000017,2017-09-15,0.00248447204968949,0.003726708074534013,0.4108494016987338,8109.0,39889.299522106776,383,4184696,4120720,524938,382233,1645850,1232177,1329434,1169395,377387,747792,0,243299,307087,345824,0,0,0,0
13,000018,2017-09-15,-0.008782936010037545,-0.0037641154328732496,0.20875810231186145,17490.0,112412.45149415558,1458,34373620,50312914,1380526,892872,6826392,5270837,5826487,4263768,7201212,24703416,3174941,3861750,2538705,2107811,827063,884617,6598294,8327843
14,000020,2017-09-15,-0.01690573770491799,-0.017930327868852403,0.803920972691248,15319.0,64933.593579398046,589,12773899,6623358,425013,782013,3304354,2862346,2026418,1431705,2508367,581534,962780,259200,1047890,706560,1279467,0,1219610,0
15,000021,2017-09-15,-0.007692307692307776,-0.003296703296703174,0.21226037764799244,7280.0,61574.25459258101,1839,26212249,24503315,1563541,2167935,6433971,6044314,4810636,4828111,5561668,5518362,2263670,2458145,1118508,1672371,1799338,1308473,2660917,505604
16,000022,2017-09-15,-0.008885597926693856,-0.008885597926693856,0.8792671138055334,18725.0,95361.46489012241,943,29490615,15026484,753787,715061,4592545,4011939,6318172,3663613,6145184,2685966,4404102,1351869,1753446,328533,879375,851176,4644004,1418327
17,000023,2017-09-15,-0.0028328611898017497,0.0008093889113718333,1.0575906041737178,12405.0,65560.64582537608,545,11161497,5197578,624246,539224,3592579,1989869,2284999,1114453,1688662,1074658,478591,479374,321100,0,443700,0,1727620,0
18,000025,2017-09-15,-0.018651051832574317,-0.018651051832574317,0.9770360762152877,23105.0,98869.86615344393,2227,70833539,50248971,1331534,2378654,10621930,13374289,11835622,11095540,18348024,10890838,9506830,4248397,4994865,1817392,2701639,1858351,11493095,4585510
19,000026,2017-09-15,0.0016906170752324368,0.0,0.30709643034044565,1189.0,36930.63542231542,1484,9238991,11036699,499208,1718109,1782007,3574614,1571181,1960007,3002654,2179902,1211506,1604067,713043,0,459392,0,0,0
20,000027,2017-09-15,-0.0015220700152207556,-0.003044140030441511,0.18365299825238315,3285.0,60005.681452688455,1280,15117148,9597597,1179077,1007442,2965798,3555248,3272045,1888587,2629867,1339049,1434547,461871,0,394857,0,950543,3635814,0
21,000028,2017-09-15,0.011768210934008705,0.010874422761805613,1.540886285242298,13580.0,154146.14285437023,1898,38940684,68327670,730475,2432927,5437091,15782626,3836901,7402122,4975290,6554999,3618577,5664227,2693948,4474182,448338,4443874,17200064,21572713
22,000030,2017-09-15,-0.01637554585152845,-0.017467248908296984,0.23897641411412557,7240.0,165485.9270057822,1470,42681490,19134253,1699058,1316750,4970555,4518474,4266908,4111885,5576319,2883322,4094514,1500588,1649686,1679240,3058064,847607,17366386,2276387
23,000032,2017-09-15,-0.014664804469273762,-0.013966480446927498,0.3846266074358141,14220.0,83307.80430471852,1386,33860249,19494188,1034796,1400582,6006468,6885095,7423935,3854673,7195521,4157968,3879606,1993760,1324299,360185,1296170,841925,5699454,0
24,000034,2017-09-15,-0.006666666666666599,-0.01777777777777767,0.5737884189945851,21980.0,159120.11111141238,1540,61848647,37034672,1342085,960544,7659637,5804623,7396461,5515484,10507186,5391813,7824890,6579053,1034700,3429294,6118864,1755063,19964824,7598798
25,000036,2017-09-15,0.035166816952209246,0.039675383228133354,0.1993533673136207,66729.0,340568.1065857482,3098,214507295,312225164,697144,919814,11092765,13002155,17770228,19351169,34112093,37475734,27102521,36094753,20470613,28365337,21090194,20102323,82171737,156913879
26,000037,2017-09-15,-0.007700770077007757,-0.0066006600660066805,0.37951699524011717,9955.0,63127.08916355398,573,7442699,5917963,805421,598196,2662603,2148080,1313514,1283307,1600971,416848,496998,260260,0,0,0,0,563192,1211272
27,000039,2017-09-15,0.006966773847802754,-0.009110396570203738,0.4207531601387733,22122.0,240510.8787578538,1968,89569271,54136046,1587039,1592506,7981459,9402954,10217189,7613077,20836481,12488636,6943210,4312795,5789001,7681787,3597117,1746199,32617775,9298092
28,000040,2017-09-15,-0.004752206381534285,-0.012898845892736044,0.5753531065785407,14610.0,148433.39151383308,655,21693232,19895168,356322,798106,2175868,2963830,1566656,2563804,2838385,1512207,4188469,2269403,1773279,1382718,1411848,2305563,7382405,6099537
29,000042,2017-09-15,0.0017271157167528806,0.005757052389176565,0.6190250327765033,7059.0,59995.703343811896,787,7014585,11150362,445277,1699343,2318560,3227787,1178436,1753835,1284727,2072176,263850,420092,639735,657051,0,411840,884000,908238
30,000043,2017-09-15,-0.011828935395814422,-0.017288444040036377,0.32536472339127964,22869.0,162314.5286082665,1141,31502229,43654000,531386,790788,4223920,6666008,5269605,5925138,6828654,8509822,7630600,4473766,3371660,3938095,1716436,809518,1929968,12540865
31,000045,2017-09-15,0.004139072847682224,-0.004139072847682224,0.35219916241904514,15639.0,85089.83509683843,1176,28495637,18660369,862236,1082273,7115481,5010103,4666093,3635658,5204592,4252958,2775994,1409518,1776430,697150,1856202,0,4238609,2572709
32,000046,2017-09-15,0.014705882352941124,0.0171568627450982,0.2197883541085217,18260.0,230185.23208077656,1379,37182834,54722423,845343,1432587,5365874,7422479,5655873,6311151,4548788,8624233,6004362,4862827,1693429,2209254,3547691,5208576,9521474,18651316
33,000048,2017-09-15,0.006836308393467716,0.0037979491074819904,1.7754893817107047,10600.0,25600.243894327497,219,2160648,1539384,230369,161656,1025039,738706,400088,434202,505152,0,0,204820,0,0,0,0,0,0
34,000049,2017-09-15,-0.009442695797074574,-0.009257544899092807,1.1639870097645724,26905.0,199994.81852525173,2153,100809764,74698386,871680,938085,9264090,13287054,10479746,12950706,15415990,14056885,11068019,7934532,3906283,5973007,3895016,2215926,45908940,17342191
35,000050,2017-09-15,0.004915102770330693,0.005808757819481869,0.40795414524172813,46504.5,349245.54420320777,3012,219771863,208783628,1123724,1280207,12628175,12856343,15581097,15619401,26591394,26325207,23391402,26542266,21038123,20709517,19811581,18626015,99606367,86824672
36,000055,2017-09-15,-0.003856041131105381,-0.0012853470437018677,0.2019311561328799,7760.0,60183.103149313036,1485,23631941,12453037,1691076,1491980,6342439,4428719,3787106,3024194,4155890,2116262,2962441,1002882,1414362,389000,465600,0,2813027,0
37,000056,2017-09-15,-0.006309148264984188,-0.004731861198738252,0.4180226311245901,10032.0,46726.176556182974,920,10488215,11484014,1044034,759849,3820412,4097955,1926957,1837980,1980402,2045520,277500,1201060,1438910,1069150,0,472500,0,0
38,000058,2017-09-15,0.001242236024844745,-0.002484472049689601,0.23624605214476604,8029.0,46159.92386376463,1161,12929296,12712747,790124,1707863,4492506,4283621,2116779,2728344,2532120,1794670,1901120,754493,0,1042257,451847,401499,644800,0
39,000059,2017-09-15,0.0033755274261604296,0.0008438818565401629,0.2577976577955147,39501.0,247593.0511386645,2114,125825412,111376698,805748,803923,9021065,10711757,11576938,12104341,21897861,19080539,15933491,14068880,11701955,13357234,9015352,7540656,45873002,33709368
40,000060,2017-09-15,-0.015999999999999903,-0.018400000000000083,0.22176280068720663,43995.0,504883.5631609616,3181,289229175,292476796,725530,2106225,8493435,16734176,13363430,22036742,22827596,24744397,16051629,26296423,18782186,20628088,16336412,17903329,192648957,162027416
41,000062,2017-09-15,0.0033457249070631967,0.004089219330855043,0.7715983386933131,18907.0,82889.37955745166,1215,26957844,27488154,723634,1219208,5668660,6027507,5246616,5966858,4957768,5534752,2398182,2848315,3127291,2446867,1873381,842125,2962312,2602522
42,000063,2017-09-15,-0.0012170385395536831,-0.0032454361054765624,0.4693299160933614,64181.0,541838.2673825022,2760,319714723,310364544,914220,1275647,9099238,10250026,13115217,17096070,24060051,28511857,29548532,25650390,16167794,14402189,16066127,10510965,210743544,202667400
43,000065,2017-09-15,0.022045855379188684,0.022927689594356204,0.5172915126318449,23145.0,128779.73309413495,1922,42832387,70961738,869693,1712359,8420996,10310473,7186018,13039125,10652017,13452136,4454867,7193531,1352097,4599409,2561393,1771245,7335306,18883460
44,000066,2017-09-15,-0.010404624277456587,-0.011560693641618491,0.1820232331775235,12855.0,138988.95348007255,2260,80324095,42681004,2161133,1398274,10710300,6542969,9867652,5897251,11313487,8988712,6681718,5033210,6704302,3722962,7409004,3538988,25476499,7558638
45,000068,2017-09-15,0.01571428571428579,0.020000000000000018,0.15679740995983465,25147.5,120934.70598435521,1998,63233971,67027098,1286136,1092998,10563787,8951186,9716948,9843830,11857855,14292712,8048823,11130449,5581132,5631233,3040409,3060622,13138881,13024068
46,000069,2017-09-15,-0.005319148936170248,0.010638297872340496,0.17344920830960736,40582.0,517386.3467597426,2944,272948443,319571677,2173924,1174007,11599952,8857283,17218796,12799207,21533276,22939858,17864282,19250765,15637692,15230094,17364691,16404552,169555830,222915911
47,000070,2017-09-15,-0.0028195488721806106,0.0,0.23920134732647247,5310.0,89243.96511947678,1980,36032297,14898345,2420695,736423,7761013,3779776,5121484,2154223,5833404,1917256,1900130,2713045,2108708,1702871,3076253,862598,7810610,1032153
48,000078,2017-09-15,-0.0016420361247947435,-0.003284072249589376,0.15131113020842066,5458.5,69692.0712974904,1622,23335812,20466097,1425625,1488238,5482485,3196921,4961637,1874638,4232731,8334248,1946525,1402507,2073904,2500519,401778,455026,2811127,1214000
49,000088,2017-09-15,-0.007583965330444253,-0.005417118093174467,0.2472101818080559,14711.5,81192.50859570915,1394,35545857,19931443,1422986,1480416,7929065,5992573,6486980,4542148,7416957,2753552,3275304,1579316,3433359,714982,1773618,1366691,3807588,1501765
50,000089,2017-09-15,0.0011574074074074403,0.0023148148148146586,0.23719010218920922,15515.0,119366.65199112581,1327,43847213,20416930,1330142,776414,10175525,2738233,7769880,3236509,10271571,3226877,3532144,2850472,1435931,691730,2345163,1767547,6986857,5129148
51,000090,2017-09-15,0.0033361134278564464,0.010008340283569561,0.2665291119391091,27646.0,255051.0314714092,2025,77635460,80530015,1150323,835336,11838125,8691206,11104463,9757032,18116286,14248956,7820484,10564344,7270892,6742794,4031719,3520665,16303168,26169682
52,000096,2017-09-15,0.0055710306406684396,0.0069637883008357715,0.7777774229965687,10129.0,27301.63840362484,340,3610223,3138458,332168,292014,1829334,1323632,899076,788660,549645,734152,0,0,0,0,0,0,0,0
53,000150,2017-09-15,0.023684210526315752,0.018045112781954753,1.0626275169310746,10864.0,98696.36243104986,626,6948481,14729065,579816,592383,3036379,2363925,1747075,1239209,699257,816921,466214,2107648,0,1037319,419740,1251050,0,5320610
54,000151,2017-09-15,0.02414928649835346,0.02524698133918779,0.47747572126171695,34580.0,224903.20949896428,1456,51727379,92440246,985340,718543,7195662,6305794,7688902,8165247,10691743,15107531,7788275,9214569,2743083,6654533,2696069,5435167,11938305,40838862
55,000153,2017-09-15,-0.0038498556304139564,-0.004812319538017418,0.3822826319918294,15577.5,54734.68808258514,738,13567390,10772606,517054,516885,4027249,3803934,3035337,3297996,2830703,1666697,1504031,822575,311400,664519,0,0,1341616,0
56,000156,2017-09-15,0.0013596193065941176,-0.0020394289598912874,0.45914697442884,14670.0,118330.75350758054,1026,36915597,14702013,612506,801715,5090376,2895709,3493098,1924184,6038805,3407004,6155434,3177117,3219848,1050828,2703218,0,9602312,1445456
57,000157,2017-09-15,0.0021739130434783593,0.0,0.09243846616531029,7359.0,187966.00787695684,2487,62352088,46834631,2278028,1907913,12691569,6185323,6561241,4754252,11339039,5511152,6668331,2197471,1340230,1761168,3139584,2717825,18334066,21799527
58,000158,2017-09-15,-0.004566210045662045,-0.0036529680365295913,0.23776389930558858,21870.0,178263.0752982556,2122,64972414,58015210,1498592,1219031,11101916,9269597,12248367,10777407,11775556,12024092,7395434,5701062,3431253,3332361,2193609,2187073,15327687,13504587
59,000159,2017-09-15,0.004347826086956497,-0.0028985507246377384,0.1945051421923264,14385.0,93186.54959926169,1259,29468461,24057213,1100630,1056217,5160751,6203216,4370514,5209691,7894773,5255911,1637170,1484991,1994292,2077174,883546,0,6426785,2770013
60,000166,2017-09-15,0.0,-0.001677852348993203,0.13298960393018242,14887.5,167039.0222257423,2012,62209150,60415774,1473333,1263580,8191913,9170400,7559581,9314297,9997530,8130437,3998076,6371268,5100122,5225245,831873,2219162,25056722,18721385
61,000333,2017-09-15,0.02989463366821865,0.027689291840235164,0.7017477985868247,113130.0,1514811.2894041247,3383,453362291,817241630,512542,834694,8606462,10461867,22581689,17488800,38894691,39460792,45372012,39156512,30865917,31353105,28489772,29357301,278039206,649128559
62,000338,2017-09-15,-0.020592020592020477,-0.02187902187902191,0.1328220822170777,36528.0,303806.0603519576,3433,266648881,179286570,2122818,1814927,18368011,13928101,19584249,12839789,37561427,24025691,17398756,15488258,14902173,11637489,15501589,8290585,141209858,91261730
63,000400,2017-09-15,-0.015280135823429686,-0.012450481041313077,0.41095386609968665,17510.0,134888.88795329037,1849,70460977,32597434,1975716,969073,9993676,7685295,9168815,6710297,11694063,7053161,9091539,2957670,5831709,1594159,2589429,2155846,20116030,3471933
64,000401,2017-09-15,-0.0068454078722191,-0.00513405590416427,0.3072279496108597,78165.0,429033.05729768425,3257,379544798,274046524,1267281,672059,12334016,10848341,24098710,18568655,41793110,38776846,36892877,28924219,25382581,23917780,26710922,13945189,211065301,138393435
65,000402,2017-09-15,0.02154101077050541,0.03396851698425851,0.21225186304124258,64056.0,541389.3836078586,3239,273412930,343864734,1388538,669180,15173735,9707491,20298286,14503748,39540121,33897572,32291146,30786810,26142225,25361565,20563480,15890145,118015399,213048223
66,000404,2017-09-15,0.0012853470437017567,-0.0012853470437018677,0.184815648350816,7750.0,117643.96081292111,1773,42139577,25552224,1878098,719132,6517764,4523408,7307376,4256489,5545508,5164160,5544874,2920482,1880880,1666862,1297644,1369667,12167433,4932024
67,000407,2017-09-15,-0.010909090909090868,-0.010909090909090868,0.3292856384537403,16320.0,110404.14023553146,627,19531302,5633343,470904,640253,4450281,2076834,2771413,957939,2094865,1402276,2489466,207891,327200,348150,1341251,0,5585922,0
68,000408,2017-09-15,0.02864077669902909,0.033495145631067924,0.3981732258312931,57140.0,352942.83094191697,2688,193893318,256339548,765156,879121,9194402,12543007,11034370,15158041,27628119,28239569,21564072,27796280,20692050,17500891,10903082,23916061,92112067,130306578
69,000409,2017-09-15,-0.010062893081761004,-0.010062893081761004,0.2160609967699878,15820.0,124178.81968999846,1355,36931739,28878313,1045243,1306467,6941112,5844366,5667413,4621545,6453857,4908716,1987176,3957894,4194060,1691893,1711808,2285214,8931070,4262218
70,000410,2017-09-15,-0.00108108108108107,-0.005405405405405461,0.3369458882111356,9220.0,64933.299203462455,753,13884636,7830288,1035041,748551,3486578,2649573,2786898,1836449,2307841,956860,757219,490713,1077581,687920,920999,460222,1512479,0
71,000411,2017-09-15,-0.010828625235404732,-0.008945386064030059,1.124580108976734,10660.0,73485.97554174872,356,7287759,4021895,323532,178905,1623512,1261432,1296292,424323,2731270,367713,485114,501896,343200,311126,484839,0,0,976500
72,000413,2017-09-15,-0.012477718360071388,-0.016042780748663277,0.18869711407233147,185976.0,769270.2657472208,3539,748940714,653746539,306668,393280,6409904,8687417,16687393,19032452,48899744,55079980,50717339,59525368,49579446,51159940,50108363,49127024,526231857,410741078
73,000415,2017-09-15,-0.00433526011560692,-0.0014450867052022698,0.1634129369402418,4830.0,106179.74127154038,1795,29975740,14867314,2143204,1159435,8296778,2211478,4336167,2042758,3682003,1625034,3222617,1393859,2719984,720562,907283,940451,4667704,4773737
74,000416,2017-09-15,-0.011002444987775029,-0.009779951100244544,0.340332417682241,9720.0,62783.31135112741,577,12446444,4487666,681915,460421,2484172,1749761,2331990,1269068,2938762,624341,944199,0,1770306,384075,0,0,1295100,0
75,000417,2017-09-15,0.024277456647398665,0.01387283236994219,0.23771922413005947,17350.0,92518.98877752408,1324,26665014,33994631,1178934,1211013,6464808,6490703,5767588,6526448,5486042,7251115,2341543,4290097,1418872,2626473,0,412320,4007227,5186462
76,000418,2017-09-15,0.008636363636363775,0.013181818181818183,1.0563828374534883,17480.0,125751.74768577058,1736,34199668,48258099,1650339,2266184,9407579,9091628,5109359,6358549,5417555,3929389,2664754,3570648,2204035,3264744,1820637,1762380,5925410,18014577
77,000419,2017-09-15,0.0014204545454545858,0.0,0.32139612947041424,7777.0,92219.37653240004,479,10086523,8520673,843601,231548,2028308,1240606,1800425,1131528,2286171,1080228,1102789,679407,0,1707995,492800,0,1532429,2449361
78,000420,2017-09-15,-0.017045454545454586,-0.008522727272727182,0.11839671498316018,8424.0,74161.24912527604,885,16549919,9947200,1085020,682910,3429296,3112945,2892896,1221585,2741417,2594471,1305345,1139618,1048000,350047,1397766,845624,2650179,0
79,000421,2017-09-15,-0.0027700831024930483,-0.0013850415512465242,0.3207136453924604,8652.0,43723.776929659194,506,6320783,4768269,787163,349374,2293703,1843204,1651142,1341650,1372775,214277,216000,280858,0,0,0,0,0,738906
80,000422,2017-09-15,0.0031645569620253333,0.006329113924050667,0.1490296961965114,25680.0,169647.84816311442,1801,65729957,72523788,926263,1284677,9186339,7455686,8737998,11280117,10537270,12806715,8494769,5730123,4378068,6276204,4873717,4376271,18595533,23313995
81,000423,2017-09-15,0.002830188679245227,0.0007861635220125507,1.333806089891173,50768.0,312032.30464645935,2273,149279740,140008421,911960,775912,10117897,9215983,15341911,13962870,21726573,24172691,13645854,14526168,16692849,18934056,5401174,7158050,65441522,51262691
82,000425,2017-09-15,0.0,-0.0026385224274406704,0.06909761084162692,7201.0,134200.84141110923,3037,47924833,48527845,2109177,3215903,10386016,11346500,7824564,9470872,6297564,7759974,2837231,2683096,4530123,2656020,1761085,1696025,12179073,9699455
83,000426,2017-09-15,-0.01043478260869557,-0.01043478260869557,0.23781537179741558,20700.0,164496.17064916046,2345,95962905,73958656,1441645,1665248,9241137,10333484,9042708,10186369,15025083,12295616,12485288,10023081,10409865,3777553,7728170,2793364,30589009,22883941
84,000428,2017-09-15,-0.003976143141153132,-0.003976143141153132,0.24669681813003316,10000.0,92445.44259451386,415,8855593,4298345,373044,328779,1398945,1401721,1326522,983441,2296182,1338452,250000,245952,0,0,0,0,3210900,0
85,000429,2017-09-15,-0.012731481481481621,-0.01041666666666663,0.23362710594985106,9824.0,132796.46988286538,1368,29923177,23040485,659916,1597914,4151098,6254212,2636135,4387399,4612081,3385539,2903802,2364052,3075529,1075300,1345736,1284856,10538880,2691213
86,000430,2017-09-15,-0.01903898458748854,-0.016319129646418795,0.3062536765440127,12996.0,64225.092904215395,1297,26530071,16038503,1219149,1129173,7052462,5767794,5010623,3750918,4904465,2806218,1884688,1193591,3179217,0,851220,0,2428247,1390809
87,000488,2017-09-15,-0.013157894736842035,-0.008223684210526216,0.3316406098681824,51388.0,298460.0659345975,3029,223646786,187700173,1051463,1004125,14440443,12979886,18699555,19635483,32423686,28053757,23604626,24878242,18577162,13959536,14436176,15115657,100413675,72073487
88,000498,2017-09-15,0.0036809815950920033,0.0036809815950920033,0.1959476790912277,4920.0,38811.89272702102,1733,13012581,16190204,2049908,1443250,4727539,4199517,2218452,7213315,1566348,1131174,1586892,786390,0,359979,863442,446079,0,610500
89,000501,2017-09-15,0.016599885518031154,0.013737836290784289,0.404411961278553,17450.0,125917.778674386,1868,31375713,50464301,1103907,1318931,7739026,13015378,4277255,8625564,5364192,8329294,1875829,3172984,2479574,3168150,1256095,3196661,7279835,9637339
90,000502,2017-09-15,-0.031020408163265345,-0.011428571428571455,0.44923251685260407,9728.0,75511.06874850165,743,15257311,6668526,1197610,453471,3458912,2200076,2075579,1408198,2428449,1235471,0,1013671,724464,357639,1415884,0,3956413,0
91,000505,2017-09-15,0.03679245283018884,0.016037735849056656,0.3118562020582619,20406.0,117581.78542258943,1156,31909171,33121540,690750,977085,3971102,6341202,4572961,5494212,6718811,5846828,4867212,2716242,1613580,2703165,1287431,2596766,8187324,6446040
92,000507,2017-09-15,-0.010185185185185297,-0.008333333333333304,0.2120781639039888,24541.0,125790.8623544629,2595,87703692,66577371,1197802,1744640,13366441,13654200,15203031,12972545,18942518,14915007,14468602,8723913,5699266,2452753,2688757,1260773,16137275,10853540
93,000510,2017-09-15,-0.017560975609756113,-0.007804878048780495,0.24527696140453553,17187.0,78737.98252997649,1747,43252019,32678151,1010440,1401166,7432399,9018429,7860870,6896500,10766578,8613080,5254350,1951332,3571325,1259710,4785223,401486,2570834,3136448
94,000513,2017-09-15,-0.007818930041152305,-0.003497942386831321,1.1416757158497295,14454.0,54597.392756746005,1814,26458052,20781827,3493579,2414749,8496851,8526904,3463027,3229198,2551927,2787554,2861177,1939268,2429318,988375,1748779,0,1413394,895779
95,000514,2017-09-15,0.04924242424242431,0.04924242424242431,0.14516518169188897,35690.0,203219.10129373544,2983,107580392,175618477,1611660,1707524,13419967,14766622,14490396,20642483,21748587,30342159,13033908,25299927,10362969,14493987,8011441,12216449,24901464,56149326
96,000516,2017-09-15,-0.005639097744360999,-0.001879699248120481,0.18599047758079126,10640.0,109609.49317757136,818,25491077,11567470,763758,532122,4183390,2441000,3235489,1161152,5040813,2006342,3302703,1575954,1453555,1691820,922465,441260,6588904,1717820
97,000517,2017-09-15,0.009009009009008917,0.011261261261261257,0.10707822681696345,12992.0,86535.99610585264,1725,31110168,38717981,1969170,1435046,8095118,7318799,4596859,6862452,5212803,8151246,4520484,4852160,1935177,3272314,1337797,1314800,3442760,5511164
98,000518,2017-09-15,-0.01799485861182526,-0.016709511568123392,0.29776954294851626,8497.5,40195.071535402145,682,9663066,6414152,670213,953012,2717837,2527709,2653337,1327397,2451526,926216,736233,679818,0,0,433920,0,0,0
99,000519,2017-09-15,0.010563380281690238,0.005281690140845008,0.23183651633791907,25102.0,122546.34714468347,2402,68916030,87031623,1291375,1251329,11895724,12594195,12338815,13775371,17167769,18954253,9708729,9925439,6676325,6397458,2712788,4479321,7124505,19654257
100,000520,2017-09-15,-0.0036832412523019054,-0.0018416206261510082,0.17732338844581907,9188.5,79818.95107838369,938,18836369,10631391,930584,687029,4032372,2395994,3193800,2042918,4235895,2866503,1259170,645948,1050910,1018228,0,432771,4133638,542000
101,000521,2017-09-15,-0.0033333333333332993,-0.0033333333333332993,0.2038676444124906,6589.0,60872.80922728945,866,11608656,9966029,818706,961574,3418587,2659934,1816124,1181619,1802969,1635162,1243552,996268,983988,1420234,477600,422295,1047130,688943
102,000523,2017-09-15,0.005224660397074032,0.008359456635318674,0.4169353631065319,12506.0,68147.63986973384,526,9637302,8290661,673437,651394,3108542,2168937,1608241,1460467,2064043,1330272,525204,712903,691870,637938,449690,0,516275,1328750
103,000524,2017-09-15,-0.0007272727272726875,-0.0036363636363636598,0.4886865676626312,13690.0,71080.46926921536,791,13232842,10988698,741915,890160,3378944,3718338,2875201,1943990,2800416,1604950,988916,451135,322452,0,932970,0,1192028,2380125
104,000525,2017-09-15,-0.015496809480401108,-0.005013673655424045,0.5941702004077256,19692.0,197736.07961191086,1365,54856113,40760181,1301032,580306,6242432,4803461,5424126,3819706,8480796,7347981,10141394,10484907,2981360,955773,3140963,1376295,17144010,11391752
105,000526,2017-09-15,0.04257167680278018,0.036779611931653466,1.2583674550208355,17935.0,200163.43252154713,753,21322456,22054974,532255,429092,3640751,3436467,2508401,3168539,2333270,4033470,2481811,2037498,623948,2375445,1423275,410400,7778745,6164063
106,000528,2017-09-15,-0.01541850220264318,-0.011013215859030812,0.1876048675055219,9878.0,170832.96501198053,2347,50854807,43274483,999859,3477705,7480329,11064753,6473216,7317800,6093988,5236705,5421772,2167274,13184434,4409765,3079625,1318997,8121584,8281484
107,000529,2017-09-15,-0.0138728323699423,-0.011560693641618491,0.35957497277941486,5142.0,46805.28463674481,578,6503129,3448696,466442,1107189,1763402,652491,1343010,700137,1260683,387421,238524,257400,320269,344058,0,0,1110799,0
108,000530,2017-09-15,-0.0038610038610037423,-0.01158301158301156,0.23226492931760187,17664.0,96886.7406600682,1119,31346721,17249017,840626,1012856,6788642,5250146,5489169,3740935,5997660,3320203,3603804,3150877,3118877,0,902268,0,4605675,774000
109,000531,2017-09-15,-0.0033783783783785104,-0.0045045045045045695,0.38116741420249206,9291.0,92255.29067085926,542,11275148,5075544,420006,821996,3195022,1644119,1909484,1108841,925785,1058088,800865,0,389844,0,0,442500,3634142,0
110,000532,2017-09-15,-0.010924981791696986,-0.0050983248361252675,0.5502075128466111,13660.0,65090.172960951226,622,11775567,7977736,511051,430671,3620612,2780127,2268305,1142983,2361928,1829406,452610,543129,710923,703020,437920,0,1412218,548400
111,000533,2017-09-15,-0.002865329512894088,-0.008595988538681931,0.538092756467565,11996.5,80041.14460213268,378,10214166,3697680,322833,240278,2049244,1164118,1846802,638069,3486479,218180,472160,913035,0,0,477019,0,1559629,524000
112,000534,2017-09-15,0.05388069275176388,0.046824887748556865,0.36935812942333957,26144.0,205879.13039150953,1785,57306431,90774796,1031742,1404399,6534320,8929938,7780003,11394106,12294951,11432313,5836814,10794558,6400140,8690058,2816729,4598287,14611732,33531137
113,000536,2017-09-15,0.010544815465729274,0.010544815465729274,0.20064627388350886,5720.0,97056.89045938775,804,14097588,14517380,774764,617435,2922819,2145790,1645265,2527150,1953766,2871676,1191099,1166672,1020327,1079749,1433033,1241908,3156515,2867000
114,000537,2017-09-15,0.05656350053361803,0.04589114194236932,0.19277450873860882,26703.0,215307.88345062433,2368,96307278,122795204,2005231,1623506,8838469,8630680,12188164,11455347,18317656,19709466,11588793,13174507,8843311,10503802,6674238,11263627,27851416,46434269
115,000538,2017-09-15,0.003614317360382424,0.004080680890754529,2.327721301290328,25830.0,309147.76581285725,1357,63061753,91140130,1604799,1494142,6740571,5525544,6175022,5029327,10080032,7135731,5406983,7796956,2428484,4396384,5353808,3976117,25272054,55785929
116,000539,2017-09-15,-0.0037664783427494575,-0.0037664783427494575,0.20729986422030167,5300.0,32107.182222014377,656,6044671,3557912,453962,1220645,2584364,1063061,706643,743407,894890,530799,1087412,0,317400,0,0,0,0,0
117,000541,2017-09-15,-0.004314994606256617,-0.006472491909384925,0.2784429112606197,11112.0,89424.5907815046,1108,31168585,15893038,1467851,781998,5416297,3951388,4810781,2345013,5853354,3680719,2932876,3037622,3357982,717735,2203831,1378563,5125613,0
118,000543,2017-09-15,0.0,0.0,0.18942308353711282,9622.0,196905.8281724536,899,18529203,20399537,678182,978998,3218774,2315193,3201625,2184088,2787125,3790451,1736904,1934054,1407864,1767730,1716043,405270,3782686,7023753
119,000544,2017-09-15,-0.0034662045060658286,-0.0017331022530328033,0.6424778972588175,12096.0,47976.214756366324,725,11529381,7143032,788098,832970,3734149,2861524,2641421,1650342,1964070,1314073,543224,484123,688475,0,489900,0,680044,0
120,000545,2017-09-15,-0.017214397496087552,-0.015649452269170472,0.14851105701671824,12760.0,160479.5845016451,1854,55589603,36079862,1232708,1815151,7195733,7363125,8509553,7100553,10387837,6436502,6084615,3687790,2843938,3178419,871273,0,18463946,6498322
121,000546,2017-09-15,-0.028761061946902644,-0.03392330383480835,0.306475322277089,14300.0,116778.17081002085,1961,68569181,30259408,975637,611693,14778137,5794454,8155687,3938879,11407338,5120862,7788030,5059477,6246119,2092546,6288307,1677087,12929926,5964410
122,000547,2017-09-15,0.020390070921985748,0.009751773049645474,0.24144719621508184,26438.5,164389.76897726816,2184,90119971,77844726,1348202,922978,12867159,8639080,12768315,10792071,14379205,15756865,10423719,12722871,3751688,4827559,5662765,5201742,28918918,18981560
123,000548,2017-09-15,-0.003754693366708417,-0.0025031289111390187,0.30715851335238714,11144.0,77506.21939335136,676,11693228,8270821,629307,926567,3226146,2724528,2918586,1932696,1113144,1028241,781450,238303,991805,1420486,446790,0,1586000,0
124,000550,2017-09-15,-0.0039215686274508554,-0.005882352941176339,0.6866244769081014,8108.0,60572.93304853593,882,14058764,8445661,1380138,615123,4068213,2315570,3615000,1445744,2601945,1542304,1196129,477664,0,0,0,460129,1197339,1589127
125,000551,2017-09-15,-0.023834196891191706,-0.014507772020725396,0.22734474555738732,1907.0,56606.72761670995,1802,30481330,11893877,1934050,542370,4278325,2926162,7026093,3763367,5533003,3745711,4936551,508159,3905737,0,1791969,408108,1075602,0
126,000552,2017-09-15,-0.019230769230769273,-0.019230769230769273,0.08097677129342847,6149.0,105789.4990816171,2658,50851143,42785822,1618679,2700485,8669720,9407042,4911493,6397985,7904499,5927179,3357665,2455242,4497490,2137052,5971988,5538774,13919609,8222063
127,000553,2017-09-15,-0.017667844522968212,-0.0197879858657245,0.33921184728010756,4231.5,41343.47272173666,1740,25565054,8443185,2427825,819116,6770646,3675196,5361321,1721288,5306079,1950785,3700401,276800,1174225,0,824557,0,0,0
128,000554,2017-09-15,-0.004901960784313597,0.004901960784313708,0.251297299661895,20320.0,105628.90313704187,1648,44469686,43154251,883137,1063913,7781585,7520615,7636497,7865190,9088439,8961963,4904719,6632851,3710136,2923153,3177617,1353069,7287556,6833497
129,000557,2017-09-15,-0.005128205128204999,-0.006837606837606813,0.1589563262613767,11020.0,64207.738262915154,1356,23160585,17294045,1309559,1299337,6246916,4413933,4610088,3861789,4729370,4398077,3727781,1545215,376856,0,0,0,2160015,1775694
130,000558,2017-09-15,0.036818851251841034,0.036818851251841034,0.13822788619879245,26676.0,310596.2715247406,2417,78511465,137998969,1631529,1409530,10991155,12003636,11242837,13815390,14086148,19142672,8622775,14859420,7441697,8858946,3566280,7611208,20929044,60298167
131,000559,2017-09-15,0.01976639712488759,-0.005390835579514919,0.22495830150884097,32132.0,183389.60500187,2450,121991767,89945730,1119231,1276842,11335734,12145332,14978589,13517854,20466728,19110473,11893731,14208236,11664507,6161754,6384426,2163616,44148821,21361623
132,000560,2017-09-15,0.009918845807033394,0.007213706041478751,0.2501694610536428,25817.5,103844.01379598057,1966,54904662,64318727,1061353,1013231,9506155,9951131,10290792,11712700,13353502,15270200,8770375,7604325,3018401,3807630,3565177,5466934,5338907,9492576
133,000561,2017-09-15,0.008080808080808133,0.011111111111111072,0.3195891785125223,9990.0,96645.50460782615,959,9149062,18944273,954436,1243215,3557293,4232727,1684780,2586867,1530514,2557701,717424,754193,704615,307307,0,437318,0,6824945
134,000563,2017-09-15,0.012727272727272698,0.014545454545454639,0.1190594342804994,16470.0,363664.6103952471,2139,78640128,100850954,1822147,1462504,8899353,8323577,9954444,6871320,9161943,12623898,8857006,8914779,3923471,4803096,4404923,5714238,31616841,52137542
135,000564,2017-09-15,-0.012102874432677768,-0.013615733736762614,0.22231024577335906,7854.0,80604.21520678945,884,14932733,8414329,697067,1131391,3372691,3211214,3028146,1740043,2940064,1262223,1890757,269616,695313,0,400289,0,1908406,799842
136,000565,2017-09-15,-0.005154639175257603,-0.006185567010309145,0.31479110823504647,13496.0,72591.80658967998,949,21363535,13095471,1179720,1038253,5513662,3556646,3877539,2879791,4305698,2357449,3373352,899783,1798278,625895,0,0,1315286,1737654
137,000566,2017-09-15,-0.003062787136294043,-0.006891271056661541,0.4014424617950115,23382.0,350816.09135785897,1058,51687158,71790036,387399,1087133,2725595,6182871,2358899,5270554,3587087,7998780,5673237,5766499,5689992,3568126,3382316,3516437,27882633,38399636
138,000567,2017-09-15,0.049962434259954946,0.059729526671675526,0.6074410730065648,32628.0,204638.42291109817,1924,72974065,107486980,998171,892184,8616090,9158441,9663681,11618627,15607842,16189117,10192135,14122992,4688623,7476530,3414002,7049352,19793521,40979737
139,000568,2017-09-15,0.00732734933137924,0.004762777065396628,1.0294022895212767,65778.0,506554.47638797614,2814,226858192,254818731,583674,747521,11517289,10436926,25209841,13154475,34772447,31029167,18237683,21316230,12712598,18465227,9749829,7505607,114074831,152163578
140,000570,2017-09-15,-0.004160887656033285,0.001386962552011095,0.345755329167998,10830.0,89136.42503885407,434,10375348,6512905,314585,439481,2062953,1373760,1332635,975743,3056910,1695824,253050,794510,700280,334950,943624,898637,1711311,0
141,000571,2017-09-15,-0.015686274509803977,-0.0091503267973857,0.178301847570668,13716.0,128687.3067136496,1843,51828708,38399030,1249835,1587535,7452663,6894739,8342911,6358850,11238386,7534009,5949554,5423829,3750555,2086017,2547021,1783450,11297783,6730601
142,000572,2017-09-15,-0.02075471698113196,-0.0320754716981132,0.12577605215137744,15779.5,284847.5998052648,1780,78800277,65506579,1689726,1013708,8594078,5851850,6956948,6779084,10023679,8721239,8183566,5726506,2786811,3339763,2268287,3770944,38297182,30303485
143,000573,2017-09-15,0.034146341463414664,0.0373983739837398,0.1349320271749484,20608.5,129899.61572684009,2082,48926543,85990840,1255503,1880258,7435270,10352276,6669287,11846643,11759687,15258132,5352196,11093407,5339909,9776887,3473897,5760374,7640794,20022863
144,000576,2017-09-15,-0.008797653958944385,-0.011730205278592365,0.5445900753471342,15115.5,60358.71013328754,980,20501323,10965218,883641,618944,6504425,3233720,4134935,2678122,4330795,2086982,1832069,218367,1398298,736895,0,828383,1417160,563805
145,000581,2017-09-15,-0.006493506493506551,-0.008522727272727293,0.4965452648699979,14760.0,162417.06143588616,2463,80017992,58865759,2115001,1974916,9625969,11013605,9793383,8003715,13390482,11280563,12185140,10433888,6217262,3557208,5790788,4563517,20899967,8038347
146,000582,2017-09-15,-0.00805152979066015,-0.004025764895330131,0.3033931037088248,23427.0,143179.44043755002,1676,55609248,40955762,961769,1140282,8911613,9960996,7278224,8659769,11152414,7217437,6495162,4271078,2772342,3757858,2323418,932785,15714306,5015557
147,000584,2017-09-15,-0.003443526170798794,-0.0027548209366390353,0.4159539852279928,29100.0,118530.181429514,1219,39794451,33362185,656225,638348,8239623,4986384,9202141,4683836,10038242,5430116,4321937,4561443,1279227,659250,2700561,2182694,3356495,10220114
148,000586,2017-09-15,-0.0004741583688953055,-0.0023707918444760834,1.1927184914039923,10610.0,72076.81049273559,312,5949744,4311881,183040,385493,1329883,812993,1455968,470488,929910,780813,725645,481644,776178,0,0,849200,549120,531250
149,000587,2017-09-15,0.0,0.0,0.2804826132354284,10794.0,215410.2526716714,773,20979345,26617762,424554,1238949,2888700,2528266,2489384,1994510,2480863,2215384,1666686,1214900,2402725,2437867,2269592,3627863,6356841,11360023
150,000589,2017-09-15,0.0,0.001769911504424737,0.23017754492720954,11300.0,74036.71571551735,602,11354865,8218213,499534,603964,3215092,2213473,2094804,1431900,1440500,2190552,846568,772964,689300,0,855565,0,1713502,1005360
151,000590,2017-09-15,-0.009107468123861429,-0.01882210078931379,0.8208222792592578,27880.0,98306.26315167295,402,16526153,6770813,161686,306720,2993126,1600901,1949070,1037536,3112534,2626106,3228188,0,1649342,0,827260,0,2604947,1199550
152,000591,2017-09-15,-0.016129032258064613,-0.006451612903225823,0.146739694096797,11088.0,85092.21651132191,1788,30402326,29590146,2257847,1351359,8539011,5872397,5463343,5866434,6309076,5366484,1861990,2046927,1041382,1008912,2222933,0,2706744,8077633
153,000593,2017-09-15,-0.006306306306306353,-0.0045045045045044585,0.424750251668776,14222.0,133608.2900056625,683,19904182,18391545,615536,376254,3178600,2166492,2099309,2917602,3706924,3392772,2007586,2212835,984336,1968620,499410,930692,6812481,4426278
154,000595,2017-09-15,0.0,0.0036231884057971175,0.15241599593775393,10960.0,64049.442283360964,1313,19330566,16236613,1282649,1122763,6593559,4989143,4028012,2782596,3342140,3763817,1434616,2356315,1014590,671979,0,0,1635000,550000
155,000596,2017-09-15,-0.009073359073359044,-0.008687258687258614,1.2528710144972235,26035.0,115845.42671281092,1709,51063497,32902270,877832,749641,16749550,7474755,10209089,6093828,9048002,4814274,3366220,2638257,2259860,2711216,2198646,473984,6354298,7946315
156,000597,2017-09-15,-0.014542343883661268,-0.016253207869974307,0.31165263872651555,14924.0,101956.38761060871,1407,38994802,27117180,1061444,1002354,7421874,5374359,5574202,5961856,9090691,4116156,2950659,3115057,1757210,1255195,1890479,1337553,9248243,4954650
157,000598,2017-09-15,0.01565217391304352,0.024347826086956514,0.11091461095053502,34920.0,405895.11500246683,2695,142797430,223004473,1737658,1104547,12980697,12670552,14268089,15715372,18053750,24395339,10402931,17982083,11074504,11522546,9516080,9376746,64763721,130237288
158,000599,2017-09-15,-0.015037593984962516,-0.016541353383458746,0.21083755796007866,13200.0,121507.37010676909,995,38558000,12858945,808456,1262936,4165778,3890363,2792216,2014004,3828230,1956629,7506673,983228,12662211,2200685,1844307,0,4950129,551100
159,000600,2017-09-15,-0.023770491803278615,-0.0057377049180327155,0.24456913090036164,27945.0,225902.7879297697,2490,126243199,85130200,1163393,1525957,12700828,11667025,14299016,12441533,23783269,15486275,13107333,11586308,7247522,8743961,5490864,2669000,48450974,21010141
160,000601,2017-09-15,-0.0064683053040104355,-0.005174644243208237,0.25937794889844945,7720.0,73608.77393851572,888,16909074,7630380,1125563,1113310,4388824,2063924,2866845,1879202,3487399,1560424,912093,684648,692000,328872,418110,0,3018240,0
161,000603,2017-09-15,-0.03498349834983505,-0.03300330033003296,0.3756986419424429,14780.0,126955.20988519338,1627,60133267,28208848,1242748,1248666,6021535,7471443,7396259,6335334,10843843,5688374,7305139,3200213,3509751,2014281,4466732,497313,19347260,1753224
162,000605,2017-09-15,0.01016021883548257,0.006643220007815698,0.7071598609498498,23175.0,140536.9759590973,1309,39872239,29703294,645418,774444,7954096,6867254,5848139,5363063,6897174,5468564,4533092,2807503,2086320,2302921,880680,877191,11027320,5242354
163,000607,2017-09-15,0.022900763358778553,0.03816793893129766,0.1727570473021764,24270.0,140405.48030367345,2073,68572055,78536985,1451555,1461451,8863970,10075331,11923883,11141626,11329803,13421193,7825885,12881168,7000696,5707311,4422264,4037010,15753999,19811895
164,000608,2017-09-15,0.1025280898876404,0.1025280898876404,0.23956858248247487,15700.0,203154.53820878582,883,51246281,10990758,1364125,69134,6155549,767515,5943574,1523139,7110405,3987157,6043130,2261119,4421524,765596,3593887,868766,16614087,748332
165,000609,2017-09-15,0.013770491803278828,0.020327868852459074,0.416395037139236,21728.0,85671.02791325204,1341,28326615,38183302,779838,1033384,6415223,7847486,5782561,8605243,5845759,10641770,4587292,3541259,685560,4563115,895613,461602,3334769,1489443
166,000610,2017-09-15,-0.009789156626505924,-0.009036144578313143,0.3276867755149214,15774.0,98648.13503805645,1644,39171561,33122985,1315936,1144794,9590354,6904066,6401583,5977404,8809700,4387792,1959231,2956647,3220814,2471839,2186271,3575862,5687672,5704581
167,000611,2017-09-15,-0.02663706992230852,-0.027746947835738056,0.28327937775573375,8950.0,97100.12282693095,1012,22026076,10729182,1478918,757735,5026378,2755760,3577981,1665554,4928245,1966656,1241829,1236446,310610,1465493,1287952,881538,4174163,0
168,000612,2017-09-15,-0.04968944099378869,-0.04259094942324759,0.23516846951668585,44120.0,199612.09420851115,2300,160938695,94267664,1213793,921563,10302443,6916143,14525561,12649184,30823830,16521927,19833340,14149963,13889745,7231872,13204268,8672111,57145715,27204901
169,000613,2017-09-15,-0.007960199004975133,-0.006965174129353269,0.2838956431455997,13929.0,121710.42805962982,1253,23424876,20890989,1519416,1105432,7013807,5756277,5289270,2893728,4344474,3426690,1949466,729440,713600,1370243,913139,1799177,1681704,3810002
170,000616,2017-09-15,-0.0021645021645021467,0.0,0.11149347379240385,17556.0,126125.85197403755,1721,48808047,44630326,1609304,1287178,8718866,6902962,6865325,7191252,7993922,9034231,4692639,5783192,5920512,2106681,3127527,3297433,9879952,9027397
171,000617,2017-09-15,0.0017401392111369152,0.0046403712296985145,0.4973179569074458,5193.0,40543.43140627707,1202,10991605,12347504,389389,2049894,3488529,3651720,2959412,2903667,2109024,2193134,951443,717084,1093808,316905,0,0,0,515100
172,000619,2017-09-15,-0.007157464212678821,-0.007157464212678821,0.39284715916805313,14549.0,121642.59837036177,619,17209009,8434497,873340,564002,4027802,2160296,2971163,1208069,2511067,2250303,1437481,286740,785188,0,0,448116,4602968,1516971
173,000620,2017-09-15,-0.003931847968545288,0.001310615989515096,0.231205555924039,5362.0,38744.65439154834,1090,9174117,12105300,1157371,681498,3522815,6002477,1135476,2034714,2823295,1418936,228760,771647,306400,737028,0,459000,0,0
174,000622,2017-09-15,-0.00972447325769843,-0.004862236628849326,0.2524501429832784,8582.0,76248.41468698774,597,11810671,5085809,948813,286255,2317186,1434413,1608331,842418,994935,2320433,1790532,202290,685530,0,488000,0,2977344,0
175,000623,2017-09-15,-0.009198423127463773,-0.006132282084975738,0.5599219533603333,22840.0,217615.39520221206,1662,86614650,53906485,877916,1078295,7354968,9426879,6472986,7131463,12076785,8968490,9418449,9037892,7815555,3192041,5879952,3656375,36718039,11415050
176,000625,2017-09-15,-0.005780346820809301,-0.005057803468208166,0.29416215233880233,27640.0,455662.6519990114,2214,141462521,93434023,1067612,1586767,10378736,10839157,11736139,11635098,19055883,13774384,9540507,12553764,4412082,5957537,4488885,3879791,80782677,33207525
177,000626,2017-09-15,-0.01021355617455888,-0.006499535747446661,0.5010507531789042,29974.0,363411.7746789207,1851,90834007,113987481,885548,673653,9362119,9635715,8248040,9503564,12190155,13952371,11840131,11341701,5812862,2447930,5621071,3889527,36874081,62543020
178,000627,2017-09-15,0.0010638297872340718,0.005319148936170137,0.19728303549091636,20680.0,133619.080356515,2272,75612187,69042760,1857298,1681507,11062924,8931379,11819975,11271146,16135698,14101322,8454154,8430796,3823900,6386314,3185313,7758352,19272925,10481944
179,000628,2017-09-15,0.009451795841209698,0.011342155009451682,0.2911065458766385,15064.0,64908.68790944933,1321,20350990,26032445,942989,931275,7077376,6698181,4467729,6420735,4068688,4336476,1713196,2421188,1671953,1339915,409059,911510,0,2973165
180,000630,2017-09-15,-0.012903225806451646,-0.00967741935483879,0.05734910799596487,19404.0,313904.55921364774,2959,156410251,123580961,2058665,2195235,13831965,11604527,14947233,11659449,19799485,16445643,10074675,7294975,11160540,7155096,6142067,3515920,78395621,63710116
181,000632,2017-09-15,0.0015649452269170805,0.0015649452269170805,0.2364384434673405,9585.0,111313.64952912883,730,13451724,17095862,535637,745402,2157503,2450906,2253856,2341026,2261270,4253423,979329,1407797,1062685,2032474,422994,1362130,3778450,2502704
182,000635,2017-09-15,0.013478486262312073,0.015033696215655645,0.4816118686981715,19420.0,70667.59007736291,1604,29454753,36528617,1700498,1476289,8651653,6990841,7280612,8673039,5717571,7554680,1842303,4946217,1806256,2912252,1344070,848828,1111790,3126471
183,000636,2017-09-15,0.011518324607329822,0.007329842931937058,0.20865555542527603,19170.0,97807.34664204317,2096,52358327,57084655,1866330,2162810,8600750,10820248,8035145,10206148,11441709,12691860,5279856,6384897,4470107,4006882,3565079,5907818,9099351,4903992
184,000637,2017-09-15,-0.004184100418410108,-0.00557880055788007,0.2624277100037493,7160.0,47247.14848998025,746,11097050,7935155,530369,828150,2864570,2692591,2615342,1668345,1363432,2085263,2257991,660806,1050962,0,414384,0,0,0
185,000639,2017-09-15,-0.003574620196604039,0.0013404825737266535,0.6251771797757553,15533.0,80785.12172025882,1283,27660797,17013237,787907,493292,10367848,4823966,2937679,2058312,5477552,3684690,3515123,1369206,1050604,2305422,1805399,0,1718685,2278349
186,000650,2017-09-15,0.005059021922428464,0.00337268128161905,0.18866961116257247,9536.0,107701.10268237354,988,17109716,22268861,791190,866265,3045020,4010794,1724368,3559346,3786065,3994585,2474293,2667110,757916,693397,0,2207252,4530864,4270112
187,000651,2017-09-15,0.01200320085356088,0.01307015204054407,0.6262314480361368,239602.5,1570857.2070390235,3584,923181251,1035379309,137417,83361,5990696,3969660,17152000,16715742,52978853,47101019,71690015,48116884,48776723,59599276,57288786,50480345,669166761,809313022
188,000652,2017-09-15,-0.007561436672967825,-0.003780718336483968,0.16021480662494206,9132.0,77346.1820009077,1091,23638548,9331054,1233426,672708,5167948,2470587,4962057,1935397,3891847,1688576,2384279,890345,0,1024529,846402,0,5152589,648912
189,000655,2017-09-15,-0.027837259100642386,-0.02676659528907921,0.2112711752859184,19636.5,115660.806126513,1956,67773280,39432651,1223848,1578378,8957197,9428541,11409135,8705594,13995841,6676708,6070248,4168103,4338091,4126956,7093887,866981,14685033,3881390
190,000656,2017-09-15,0.009920634920634885,0.015873015873015817,0.10057887503497231,26676.0,233179.63345585248,2520,97612494,144462550,1458590,1412115,9445459,12559277,9997554,14347281,15922331,21185072,13052206,15308333,5445143,12165567,6745382,8121789,35545829,59363116
191,000657,2017-09-15,-0.03116883116883118,-0.03961038961038965,0.32959945051934414,23792.0,183493.70370033474,2188,101432090,65199214,1443582,1124886,10492034,8263850,13389162,8599254,17735619,13555244,12708376,6154370,6234726,5299789,9318668,4028183,30109923,18173638
192,000659,2017-09-15,-0.009708737864077666,-0.00728155339805836,0.14172329628328117,8260.0,93997.28220058382,846,16587490,14809270,616649,880600,2765509,3381555,2138033,2086869,2304603,3810864,2271791,1743427,1016090,690314,0,833555,5474815,1382086
193,000661,2017-09-15,0.00034806822137123383,-6.961364427438e-05,4.496970277280081,28760.0,507139.08853665914,1020,88199477,59824813,5771,0,5759913,7251986,4029545,2549178,8263088,4691666,4300644,3313414,2862918,2950118,1726859,1806842,61250739,37261609
194,000663,2017-09-15,0.028571428571428692,0.012142857142857233,0.6070687909194202,17028.0,157025.34697679704,531,13905299,15914874,340432,427453,2034039,2521774,1721298,2687668,3041614,2815408,1474630,4079871,307706,0,439580,818640,4546000,2564060
195,000665,2017-09-15,0.0016299918500406463,0.0,0.4744721640327224,4902.0,35848.15769017635,668,6866837,3650156,818745,802691,2197299,1354569,1072030,875713,1441182,398942,417895,218241,0,0,414978,0,504708,0
196,000666,2017-09-15,0.0033349213911386677,0.0023820867079562547,0.5106959594693552,10575.0,122208.85271034604,1689,37105352,33593480,725641,2017785,7020198,7803969,5826546,4793221,6488564,6300654,3201953,2970501,3095562,2067511,2110151,2194909,8636737,5444930
197,000667,2017-09-15,0.014577259475218707,0.017492711370262315,0.06507866392745093,12564.0,230479.89478477841,2797,90065273,113890912,1740547,2107860,11096271,10277264,9713308,8573786,13288692,14647689,7401156,7533767,8689529,6670642,3111194,8487344,35024576,55592560
198,000668,2017-09-15,-0.008561643835616306,-0.011415525114155223,0.872113924193239,10452.0,54022.79531652813,403,4900412,5329190,630759,239002,1253981,1674654,996511,1497220,692673,923691,472222,263100,328786,731523,0,0,525480,0
199,000669,2017-09-15,-0.011438892233594067,-0.012642986152920033,0.4207723874821492,17985.0,100952.04475753648,1558,42191089,23712862,1202161,1343744,10726583,6652012,7167680,5919828,5773875,4968057,2822641,1710048,2092813,677976,1355133,914738,11050203,1526459
200,000670,2017-09-15,0.029535864978903037,0.03234880450070321,0.12456234336879987,50116.0,215025.3128800615,3273,168329567,209172116,1116094,1421301,14752110,14256543,23323945,21914085,35391037,35117582,24708488,28564881,15566970,14496886,11093890,14203723,42377033,79197115
201,000671,2017-09-15,-0.01799485861182526,0.0025706940874035134,0.140228027803481,80994.5,542685.4471339608,3098,382607446,371737415,959914,1071399,8954279,10081944,14185917,17553354,30063303,36323251,29807719,29382609,30021977,27653381,28390554,20913328,240223783,228758149
202,000672,2017-09-15,-0.03290676416819005,-0.029250457038391242,0.20425856959767222,38304.0,234383.98425145447,2872,160530801,107518014,1159941,1367613,13641629,12588698,19712320,16958806,30879977,24901593,18591174,19827764,12660721,7305146,7628290,6097005,56256749,18471389
203,000673,2017-09-15,0.003303055326176807,0.0016515276630884035,0.40447674077494944,15186.5,224311.47484400487,896,29575658,41096915,522169,788326,3971144,4488458,2190856,3021061,4112086,4644389,2480761,3443051,1421485,4512979,924716,3604675,13952441,16593976
204,000676,2017-09-15,-0.01754385964912286,-0.014035087719298178,0.47572210010195864,14100.0,138275.61870471333,897,27812865,12681820,693248,820222,4246623,3755250,3004816,2110586,5212612,1776348,3762646,1710721,1418492,1124907,2139505,426300,7334923,957486
205,000677,2017-09-15,-0.01836734693877562,-0.014285714285714346,0.20551561741552923,9780.0,81822.70751264207,568,13892907,5949812,484090,631041,2865470,2329057,2568988,638479,1907062,757219,1410868,243972,725531,679000,1765161,0,2165737,671044
206,000678,2017-09-15,0.0023529411764704466,-0.0011764705882352233,0.32943768192778977,8500.0,36596.729291332835,665,8233391,6783390,731360,811982,2679242,2860525,2654984,1334245,1248545,1377988,919260,0,0,398650,0,0,0,0
207,000679,2017-09-15,0.004250797024442088,0.007438894792773709,0.3903815991968486,11304.0,78127.05658076984,581,7784176,8944114,757805,636436,2846950,2614116,1786968,1660339,1237215,1305098,285000,412655,306766,314375,0,473500,563472,1527595
208,000680,2017-09-15,-0.0049423393739703725,-0.00658978583196046,0.14175890036386488,17646.5,127711.6347172773,1836,60335698,40647676,1180171,1584424,8169066,8544498,8121326,7709381,8668240,11298594,6300618,4397219,5864468,4254508,4547836,1302930,17483973,1556122
209,000681,2017-09-15,-0.0160513643659711,-0.0021401819154629464,0.48387704367889506,9440.0,93867.54924225954,1493,29953134,19783169,2260334,2490476,6336259,4193755,4432931,3378546,5840611,4386075,1616936,1417332,2057980,1374814,493084,477500,6914999,2064671
210,000682,2017-09-15,-0.003663003663003539,-0.0073260073260073,0.16198299322380888,6540.0,70483.95173779721,1137,18003246,14012620,905313,1219675,3526757,3615214,2566457,2955682,2627929,3247158,2229343,1491631,2691212,0,421412,495000,3034823,988260
211,000683,2017-09-15,0.011560693641618602,0.014450867052023142,0.06165237283979794,80500.0,399869.5055297327,3191,276513077,420020039,1158812,725248,10179760,10052618,21600360,17722233,44026494,39775531,30209347,29753472,27835934,22008510,14490119,19798125,127012251,280184302
212,000685,2017-09-15,0.001828153564899626,0.0,0.34724368478441575,10930.0,107598.71283359508,992,23659056,20004319,687923,1293618,3871972,2908381,3233011,1885534,5912412,3587980,3489234,1848238,1334677,1697074,909114,1313364,4220713,5470130
213,000686,2017-09-15,-0.002835538752362865,-0.002835538752362865,0.23851669830802452,21080.0,234719.37252121387,1968,83293792,112414309,972512,1072033,5693191,8896564,5937732,8928821,9487632,15499217,8061329,14556565,7173892,10283050,3204184,7076517,42763320,46101542
214,000687,2017-09-15,-0.022302158273381334,-0.02086330935251801,0.32511836720906,31855.0,177029.8874804625,1828,70787911,62265710,813262,1036114,9792892,8486817,14074034,8660902,17334321,13383074,9159825,6513541,5259916,4646980,4793134,2819394,9560527,16718888
215,000690,2017-09-15,-0.013301088270858408,-0.013301088270858408,0.253552614160131,18814.0,240090.6034139349,1064,54865685,32122001,1117557,727421,5114018,4360885,4574021,3906661,7613909,3619328,3779765,3434676,3585656,3084811,1780371,1264377,27300388,11723842
216,000691,2017-09-15,0.0012391573729864103,-0.004956629491945641,0.40225329187464637,16200.0,63742.25791317201,402,6680711,6562668,359212,251803,2384782,1944699,1374983,1310064,1477909,1679647,0,0,0,734055,0,0,1083825,642400
217,000692,2017-09-15,0.022955523672883782,0.01434720229555242,0.2789046684662902,10635.0,72792.65819530198,624,7462060,13054784,665454,761236,2455827,2504955,1394888,2216336,1670847,2347209,248150,2669101,1026894,0,0,408688,0,2147259
218,000695,2017-09-15,-0.04400000000000004,0.005600000000000049,0.4153958492176668,13717.0,101182.35846942141,905,15558751,23301050,864162,716453,3322021,4701186,2799840,3571933,4164809,3904843,2231758,2201268,1037561,2973810,454113,894143,684487,4337414
219,000697,2017-09-15,-0.016755793226381543,-0.03458110516934054,0.5268227028935814,76972.0,501128.6561407315,2841,373628356,312951630,741518,965412,8438958,10114064,14028604,17254511,30318308,30946398,20052594,25413846,26083315,25179171,18290295,15642245,255674764,187435983
220,000698,2017-09-15,-0.011428571428571455,-0.010000000000000009,0.2451331771312644,16656.0,102537.75960581045,815,25733917,14212432,646990,703260,3846367,3825165,3681010,2776051,4410158,2814982,3586057,1425568,2405893,978411,2216348,431595,4941094,1257400
221,000700,2017-09-15,0.01388888888888884,0.008333333333333304,0.2107611272314614,14420.0,101473.37855464236,1167,26896791,30037843,1029206,882529,5712220,4571297,4460794,4596044,3705674,5287269,3600250,3554735,3352091,2982449,2174796,1808939,2861760,6354581
222,000701,2017-09-15,-0.008507347254447017,-0.005413766434648082,0.39971009248965356,12910.0,89307.5915004168,1046,20575968,15844222,588491,1336099,4684518,4298811,4006952,2560254,3137453,3429235,2003245,1386676,2192016,329715,826584,0,3136709,2503432
223,000702,2017-09-15,-0.011001100110010986,-0.0066006600660066805,0.24443678613892333,16164.0,64291.77967130092,1383,27169114,21238026,1229112,1464431,8464077,6035357,6546091,3985856,5006432,4780796,1624794,1291361,1800473,1119124,478431,1812292,2019704,748809
224,000703,2017-09-15,-0.03567251461988319,-0.024561403508772006,0.3638939863982897,15012.0,89337.71743819359,2213,53840296,38607576,1787902,1308898,12433769,8888737,10107816,5976574,8828731,8868016,5133945,2630466,4819342,2136098,2140513,2624237,8588278,6174550
225,000705,2017-09-15,-0.0009652509652509078,0.0009652509652509078,0.24898733901299613,1042.0,25943.12357950521,1732,7297302,8523363,385086,2929960,2701113,2552939,1935748,1413720,1458969,1025510,506168,0,310218,0,0,0,0,601234
226,000707,2017-09-15,-0.019444444444444486,-0.019444444444444486,0.2167439629644076,14200.0,122105.32987438035,1104,28803258,20951567,632453,1594523,3302427,5515013,3920921,5583501,4704398,4313791,4060199,476852,3091713,1357692,858858,444645,8232289,1665550
227,000708,2017-09-15,-0.045454545454545525,-0.04825174825174838,0.2970235027969539,27018.0,195581.7139948262,2321,120084645,84981814,942188,2061039,8604545,10495897,10494666,10573708,17765931,15358289,14515207,12369945,8049781,8864081,8022923,3968593,51689404,21290262
228,000709,2017-09-15,-0.029473684210526208,-0.029473684210526208,0.08113235203361134,75768.0,648492.7580337493,3447,427184243,444900764,695572,1299754,9912025,15659025,18586335,25184530,33974806,44114151,31450708,36267831,25627869,29125245,16886379,27632050,290050549,265618178
229,000710,2017-09-15,-0.13748644414989752,-0.10230148210627776,1.5422977180084037,89352.0,802851.1522338766,2908,410333857,337288122,486947,1223096,7871056,11453054,12777562,20281805,32157005,32278459,24260776,27008754,31662373,19755244,25288344,21490621,275829794,203797089
230,000711,2017-09-15,0.0049365303244006675,-0.005641748942172065,0.5111900868214693,19740.0,50380.12065186378,769,15144788,7147720,393249,525949,7847550,2355534,2150431,1194670,2936789,1112893,440699,503209,1376070,305970,0,423600,0,725895
231,000712,2017-09-15,0.013215859030836885,0.013705335291238407,0.4055325311661304,45232.0,200507.40125880105,2541,141547993,145626033,882883,796019,11611626,11599565,15068057,13695584,24737422,22256257,19378345,22939106,11519316,11565018,12490361,15228967,45859983,47545517
232,000713,2017-09-15,0.03055229142185656,0.011750881316098694,0.24512769643537602,12809.5,56263.61873565403,1206,20987090,19257648,1456804,915978,5384830,5023162,4533950,4824135,4624058,4147693,3111176,1668673,1001076,1379648,875196,1298359,0,0
233,000715,2017-09-15,0.008189262966332933,0.0036396724294813776,0.5240802076308415,7714.0,40294.43214001641,439,5345045,3278253,362973,316919,2142518,1407138,895491,968826,1064663,585370,0,0,329400,0,0,0,550000,0
234,000716,2017-09-15,-0.005847953216374324,-0.01023391812865504,0.17857839827757901,14938.0,110048.7817985872,1468,38642624,26956077,1194088,1042800,8324800,5501644,7076726,4331574,8510883,5791857,3635487,3077084,653877,2210982,1641823,1308479,7604940,3691657
235,000717,2017-09-15,-0.0542099192618225,-0.05767012687427908,0.14958980950860387,94807.0,752750.9924170186,3369,603573526,470724867,884216,1210200,9320631,10844986,17521534,21510423,35332099,41064174,37199442,33772933,26149076,28767806,23340613,24777365,453825915,308776980
236,000718,2017-09-15,0.010526315789473717,0.010526315789473717,0.12198907958033037,22116.0,224379.54737266654,2189,100731280,114166494,1200488,1253342,7660785,8476271,8710689,10258186,11437993,17541074,11786079,14608911,12016925,7009550,6748378,8755763,41169943,46263397
237,000719,2017-09-15,-0.0045745654162853144,-0.0045745654162853144,0.3937404165199222,2180.0,33587.13018822082,770,6517952,4036421,607245,699546,2780544,878146,1329401,674109,1256662,820611,216800,218000,327300,327600,0,418409,0,0
238,000721,2017-09-15,0.002547770700636942,0.003821656050955413,0.20506586247112954,14991.0,54289.90738738988,1466,27453187,19467619,1366306,1365470,8365445,6214068,6138087,5002035,4790727,4000216,2764291,1396186,1632335,1040134,1282108,449510,1113888,0
239,000722,2017-09-15,-0.0008298755186723072,-0.0058091286307053736,0.5438594154038786,12000.0,78987.4612602972,490,10299987,6755700,369135,442343,2429905,2185075,1966292,1214086,2383266,1249152,239600,294216,701173,0,1295676,458068,914940,912760
240,000723,2017-09-15,0.0045300113250281715,0.0045300113250281715,0.2027468938078371,15130.0,246393.91068551366,1899,75677638,72549980,1525313,1366763,6913629,7319221,8090926,6774446,8246586,8987690,3342705,7821016,4979121,5197010,11139042,8319716,31440316,26764118
241,000725,2017-09-15,0.0,0.0,0.06533049215086148,41088.0,602476.0091441573,3487,204574337,328739520,933782,2448845,11527550,19077862,16235688,32298041,18127560,37768810,17303348,23870289,12168986,17279502,7489332,14139847,120788091,181856324
242,000726,2017-09-15,0.00663900414937757,0.0058091286307053736,0.32543373516971197,7290.0,62472.19297553851,1371,11471416,21978301,1121882,1580267,4451820,6612789,2618114,5923087,1962619,1652928,627318,718286,689663,1821969,0,948355,0,2720620
243,000727,2017-09-15,0.0,0.0,0.06953578462255747,5076.0,119769.73167526454,1658,33074603,21539030,1358540,997963,6541609,3196971,3824100,3804623,5701796,4470200,2840175,3560045,644555,1427684,1834948,476298,10328880,3605246
244,000728,2017-09-15,0.010366275051831186,0.009675190048375804,0.2660626023302924,58680.0,393346.487295096,2959,237944272,312851110,975776,991972,13073447,12182041,16890699,15120720,33856818,31776640,24366395,26797271,21919005,20838534,14213981,17147384,112648151,187996548
245,000729,2017-09-15,0.0015455950540959051,0.0015455950540959051,0.16495362100341612,3891.0,74865.47514238511,1540,16767010,18109906,1126108,1107845,3990903,6415301,2373555,3888332,2103522,2412104,906946,1508622,718998,663576,0,419900,5546978,1694226
246,000731,2017-09-15,-0.02417582417582409,-0.01978021978021971,0.20610470140327924,29766.0,229592.94360466918,1951,109259878,73032890,1374978,1597651,9663959,8944469,12103779,9641997,16882445,13340566,9943725,8313966,4987334,4550201,7107911,4986562,47195747,21657478
247,000732,2017-09-15,-0.016429353778751432,0.0,0.45587084643289,18340.0,121872.21380362245,1605,45682328,40762405,2156059,822892,8521735,6150186,6658374,6233937,7860428,7860680,5701759,5855624,3843085,4531730,1868392,1365469,9072496,7941887
248,000733,2017-09-15,-0.00176886792452835,-0.008254716981132115,0.4499274365785006,22048.0,93962.60194948416,1421,41142406,33150958,896073,765291,8650344,6601232,5966380,6822984,11845354,7424952,3342270,2167765,2682945,4024039,2211988,1295695,5547052,4049000
249,000735,2017-09-15,0.007122507122507171,0.009971509971510084,0.17345962885398492,16307.0,160262.4494221078,1639,53887788,50083457,1653421,986563,8946088,5449944,7567906,6274339,6898696,7626553,8314068,4569694,4310989,7501135,3604452,3552549,12592168,14122680
250,000736,2017-09-15,0.06796727501573296,0.06796727501573296,0.6315150841691031,33940.0,880230.7726517676,633,107426976,64362743,863586,0,3589141,85940,3991530,205020,4556830,1452803,3385445,2522971,4816646,3093123,3581679,4026526,82642119,52976360
251,000737,2017-09-15,0.026785714285714413,0.038690476190476275,0.12465557333246198,35225.0,193817.1945316653,2920,132747769,150085906,1468463,1613673,13140877,13238462,14748495,18417642,23803196,27134048,14276324,17499153,14794710,12261444,11822152,11203570,38693552,48717914
252,000738,2017-09-15,0.0015182186234816708,0.004048582995951344,0.49134007712672867,17919.0,124776.16852081691,1617,40898838,41995910,1443898,1389532,7122253,6274457,7629380,8766943,7935967,7535458,3869760,4171212,3153544,2700888,2226222,3036970,7517814,8120450
253,000739,2017-09-15,-0.005228758169934622,-0.014379084967320321,0.20005491453283358,9084.0,110237.44181368376,1463,39818194,13656500,2037791,792735,7467880,3207937,6019900,3762963,6365527,2885876,5696113,2018436,1712613,988553,1341657,0,9176713,0
254,000750,2017-09-15,-0.006557377049180357,-0.0016393442622950616,0.13879088991403443,13420.0,171822.98038935667,1935,56325418,54316119,1513130,1823327,7001608,9403697,7484192,5745683,7297708,7893519,3963940,6589231,3487035,4370874,3544191,2527633,22033614,15962155
255,000751,2017-09-15,-0.032258064516129004,-0.02611367127496156,0.1208091375758391,35588.0,311037.94851042953,2912,168769253,150653213,1389019,1750678,11723965,13983818,18342698,16569924,25279584,22884206,22788822,12683756,14688117,13399693,8551386,15189574,66005662,54191564
256,000752,2017-09-15,0.006228373702422241,0.01660899653979242,0.3404598801348394,18759.0,133652.3958829123,1803,44621176,55297682,1443425,1216895,11128650,8075137,8318163,5907133,9034514,7702456,4232196,4616480,2426544,4906497,1419855,920681,6617829,21952403
257,000753,2017-09-15,0.008474576271186418,0.008474576271186418,0.1478346541488844,10461.0,106828.37336467043,1020,17879058,23579624,1268511,957601,4112025,4469257,3845601,3065501,2641800,3877532,1895326,2097620,663541,1673101,1794686,894404,1657568,6544608
258,000756,2017-09-15,-0.016497461928933976,-0.011421319796954266,0.4835692104051653,15640.0,47948.30314813986,1063,14232341,14457066,295637,1432973,5133178,7089854,3484460,2603029,1762802,1389774,1459459,1012594,717770,315000,1379035,0,0,613842
259,000757,2017-09-15,-0.007012622720897643,-0.005610098176718092,0.3086488996886962,10635.0,83043.25371100174,533,11872219,6984621,411343,574927,2801152,1766206,1811035,761939,2052936,924240,495273,659172,1111976,1727737,1307980,0,1880524,570400
260,000758,2017-09-15,-0.033333333333333326,-0.025925925925925908,0.15411029373533258,30966.0,362578.50014836655,2767,198509014,118478879,1238816,2080332,11435967,14677603,14952528,14968552,25307886,19745756,14083500,8364470,12045261,7767254,13904485,5871242,105540571,45003670
261,000759,2017-09-15,0.0010917030567685337,0.0,0.276903258998165,10070.5,60768.860987774475,1094,16764772,19136664,1451237,1002891,3892862,4391334,3815601,4191280,3851397,3878079,2227247,3656647,635029,700723,891399,432399,0,883311
262,000760,2017-09-15,-0.008032128514056214,-0.0010040160642571516,0.3004855273851775,10978.0,117364.97379473149,1099,31242760,16953914,1340240,797498,4842056,4159940,3901416,2668942,6377849,3042833,2995185,2211154,2454178,1727357,910792,1433410,8421044,912780
263,000761,2017-09-15,-0.0741279069767442,-0.06976744186046502,0.12661988603745314,48497.5,922711.719755048,2970,336052421,310803065,1107597,1624077,8310583,12640724,10569236,18254386,27620328,32370019,19229105,24840322,17144223,18257379,13489467,13461401,238581882,189354757
264,000762,2017-09-15,-0.0017660044150109577,0.011920529801324742,0.3829833899157918,252175.0,1249801.9767724075,3516,882282363,1143838659,320751,316075,5223562,6766899,13015080,14023233,28493676,40551064,37481645,47084467,35674477,41840404,44483251,40301100,717589921,952955417
265,000767,2017-09-15,0.011235955056179803,0.0,0.1362553165870234,7140.0,87666.24782172557,683,12922416,9420183,632988,487023,2777385,2369591,1449885,1493429,2244787,1242788,700786,295953,1040054,1831186,2269397,443037,1807134,1257176
266,000768,2017-09-15,0.006458557588805203,0.008073196986006614,0.40171703243251,35625.0,217708.9868969796,2139,93378681,117650521,1589268,1196446,10355155,10011958,11249618,11852020,17456643,18986425,11902688,11941206,8223659,10696602,4793759,6143342,27807891,46822522
267,000776,2017-09-15,0.0026483050847458944,0.0010593220338983578,0.3493579480796068,56340.0,448902.6260452691,2922,254611145,301710558,1050955,1408135,11629496,10778023,18284138,15782645,29953005,27912451,25121965,23766635,16156225,16265610,15705686,14722223,136709675,191074836
268,000777,2017-09-15,0.007874015748031482,0.003937007874015741,0.5398511546642064,16069.5,55186.239759148986,1084,18919242,16699626,1161853,739367,6361834,4219873,5003306,3793975,3524859,3951325,1423645,1747663,1024975,1071858,418770,445500,0,730065
269,000778,2017-09-15,-0.018099547511312264,-0.013574660633484115,0.12431305128346216,32700.0,226063.2166392004,2851,152360796,115132346,1681606,1640098,14754867,12009608,19137471,14840356,27103959,21737791,15960479,9356303,11889973,8975754,8872360,7168491,52960081,39403945
270,000779,2017-09-15,-0.006020066889632081,-0.008695652173912993,0.5981488872731887,10416.0,77785.01132394347,624,11890574,7038554,565955,683953,3012598,2145199,1809677,1540889,3135166,876653,531556,219040,1001902,301500,0,0,1833720,1271320
271,000780,2017-09-15,-0.020560747663551315,-0.013084112149532645,0.19000711604248527,11682.0,151260.11551848188,793,23918953,9956976,528069,691155,3554077,3056850,3692287,1608676,3777046,1681766,2661972,1189084,340371,657445,426400,0,8938731,1072000
272,000782,2017-09-15,0.009414225941422494,0.010460251046024993,0.2849582040110147,19520.0,115709.9505300759,1126,32787259,27490479,945795,1100191,5463103,5697207,5373092,5853810,4603497,7332437,4697015,3941153,3210044,1607806,2439024,1957875,6055689,0
273,000783,2017-09-15,0.004036326942482349,0.005045408678103103,0.23118823902033173,21890.0,151626.5469750328,1838,59127694,66403832,1626531,1525457,8680048,7199937,15049983,8294062,11407251,11083279,4077508,5970341,2966509,5159513,3087988,4535610,12231876,22635633
274,000785,2017-09-15,-0.007964601769911539,-0.007964601769911539,0.5275131659521454,7861.0,41866.862191149565,458,7024495,3399739,642470,281047,1926053,1018249,1344363,1027245,2136583,429185,975026,644013,0,0,0,0,0,0
275,000786,2017-09-15,-0.016832917705735584,-0.007481296758104716,0.3235235050166434,38520.0,338529.0165666033,2461,168608236,174087001,1243757,1364257,11509304,10422951,12059745,12815672,22871403,19971948,13412416,14836168,10534879,16458864,7237250,11607472,89739482,86609669
276,000788,2017-09-15,-0.010546500479386323,-0.010546500479386323,0.433521709150959,10360.0,152028.99244939053,578,17872821,6028377,372817,561459,2384393,1978997,2233807,1721345,3558830,647296,933380,207600,1359228,0,447120,911680,6583246,0
277,000789,2017-09-15,-0.014018691588785215,-0.012850467289719725,0.19099648921511878,17808.0,174172.48707697866,2011,87371888,44941006,2140491,1383942,9338074,7187912,10114742,8562242,10839860,9815880,9677252,5980176,6418751,2356764,4888304,3126886,33954414,6527204
278,000790,2017-09-15,0.009109311740890691,0.013157894736842035,0.4716296740299267,13839.0,73383.78518582304,438,7608939,9033353,456795,475846,1909454,2400768,1566584,2377021,1253836,2136828,450150,486090,959540,636800,0,0,1012580,520000
279,000791,2017-09-15,0.010922330097087318,0.008495145631068013,0.18758586239539674,8260.0,82963.53681813406,1930,19990513,40581830,906321,3001896,4782779,9008858,3742143,8188250,4163897,6438233,3070116,4759668,679223,1325305,851541,2168098,1794493,5691522
280,000792,2017-09-15,0.08367346938775522,0.0748299319727892,0.24683773455302666,332484.0,2184542.9574866183,3561,1339202570,1400540308,144677,184676,3917837,4162731,11442407,12826778,37219634,35571107,51865934,43353425,56050019,50480120,46737247,38104907,1131824815,1215856564
281,000793,2017-09-15,0.003827751196172402,0.001913875598086312,0.34316291148791833,11473.0,517475.400227135,927,37906750,52105953,1139160,487483,3143933,2704818,3842187,2728273,4626361,4063350,3149369,2405338,3411758,2409065,1783272,2152527,16810710,35155099
282,000795,2017-09-15,-0.01562500000000011,-0.01562500000000011,0.14810855423255526,50839.0,245804.69823833348,3162,205230482,186197105,1389462,1369999,14163393,12523570,21108013,18520063,37958100,34417349,27752003,21313315,20473123,15550303,9468467,13588667,72917921,68913839
283,000796,2017-09-15,-0.010238907849829282,-0.011376564277588153,0.334199918270327,36487.5,150473.28900092436,2770,126489173,94952127,1141071,1254002,12941768,14324394,17032714,15496465,28481854,25408404,22368059,13723615,9420947,9486957,5360345,4103749,29742415,11154541
284,000797,2017-09-15,0.011638316920322467,0.0143240823634736,0.2519239705571176,31500.0,193388.3639191871,1968,67102567,103806961,984963,978274,8148711,10305906,9053215,10615756,14501057,18113048,12159048,12470269,8044104,7418553,5388271,6021033,8823198,37884122
285,000798,2017-09-15,-0.011178861788617822,-0.011178861788617822,0.33554609296335813,11664.0,67232.67641147299,860,16539354,9940878,949427,871341,4588197,3533522,3093370,2570510,2231865,1083744,1791125,692549,323010,707100,864352,482112,2698008,0
286,000799,2017-09-15,-0.022084195997239542,-0.028640441683919993,0.51419107398795,59871.0,306147.6731689187,3179,225650562,179458282,1052300,870591,13598402,13328262,24032060,20417425,43597296,30630885,25796534,27751189,24764535,14425180,15981065,9477366,76828370,62557384
287,000800,2017-09-15,-0.006249999999999867,0.00267857142857153,0.2654531834010075,30180.0,138430.40679064207,1782,62410563,57344420,858287,943817,8120478,9461467,7963711,15879435,10082149,11116871,7080364,7765254,7055192,1726536,1760418,2701361,19489964,7749679
288,000801,2017-09-15,-0.007117437722420017,-0.003558718861209842,0.19604170504273188,22814.0,215170.1570371591,1851,71663439,92498211,1269744,1623087,7077695,7189006,7462315,9313911,11044218,14261215,8980901,9968271,7135600,8635979,5658272,3495832,23034694,38010910
289,000802,2017-09-15,-0.03895348837209289,-0.023255813953488302,0.36251947421396297,25380.0,173610.34660213697,2252,103433907,57626103,1113834,1562172,10427051,12234389,12365158,11287363,15082506,10850767,9451563,5862412,9251676,4799507,3101318,3045525,42640801,7983968
290,000807,2017-09-15,-0.07961783439490444,-0.07961783439490444,0.26415160067258003,201756.0,1488121.2273264602,3549,1141935691,923610982,251441,282526,7593500,8288755,14856109,17509287,34345158,45943645,35264316,41763169,29415866,39113377,29876021,48509085,990333280,722201138
291,000809,2017-09-15,0.007425742574257432,0.007425742574257432,0.18783365832390195,15996.5,80931.81994802412,462,9733621,11046560,289742,325886,2071635,2373113,1434630,1399697,1908781,2514262,2407847,1851634,322194,2174968,462839,407000,835953,0
292,000810,2017-09-15,0.00876424189307623,-0.0035056967572305586,0.3197946452413814,11400.0,64892.09283683609,1273,23202605,16717384,1161896,1141723,6169239,5556759,4144268,3359509,4482355,1675812,3256390,1751387,1748306,1064077,1664956,0,575195,2168117
293,000811,2017-09-15,0.005994005994006013,0.0029970029970030065,0.3778624524978181,10060.0,93242.95842583431,701,17597170,11907258,743440,373011,2554721,2523123,2159896,1854404,2983787,2973304,2338867,692394,1390044,1962920,879241,422602,4547174,1105500
294,000812,2017-09-15,-0.001098901098901095,-0.01098901098901095,0.27064809866769785,14400.0,120188.49150147136,1132,32195499,21119617,1137128,1198652,5755210,3977439,5519603,3547283,4441334,2893356,3038344,2129328,3081110,2407682,2151706,905902,7071064,4059975
295,000813,2017-09-15,-0.020531400966183555,-0.004830917874396046,0.31535971320279377,4120.0,87559.54389710606,689,11852255,3433836,606700,930461,2473937,1568774,1350181,665647,1541117,268954,667583,0,690461,0,442799,0,4079477,0
296,000815,2017-09-15,-0.014285714285714457,-0.021739130434782705,0.4084866386307991,20943.0,117316.87878574528,1555,50065471,42540177,1230261,961595,7437594,7133497,8688591,6845090,10587464,8337925,6476908,3494117,2974237,3717980,4863051,4061605,7807365,7988368
297,000816,2017-09-15,0.023876404494381998,0.0,0.15634546961342008,35850.0,183047.429023902,2077,91055753,83716198,1642339,634369,13332613,4573587,20774122,7910693,18593793,14764089,8354430,11529179,8264795,10442205,5753260,6984612,14340401,26877464
298,000818,2017-09-15,-0.028546712802768215,-0.02249134948096887,0.2901157055288836,16950.0,122718.79436250096,1588,43726208,38803121,709462,1269636,5951685,9683298,4611521,6690645,8155924,8960960,6747971,4978513,3950307,1731595,1383908,1338946,12215430,4149528
299,000819,2017-09-15,-0.04310803618946246,-0.029803086748270258,0.4997610954426729,18270.0,76651.15398511075,1414,36854174,20730273,1006344,1422569,8065176,6943659,6928702,3206580,7496387,5765900,3789243,2135467,1830696,708598,862459,0,6875167,547500
300,000821,2017-09-15,-0.010566037735849076,-0.008301886792452806,0.3498397598863206,9331.0,67189.32373817319,1436,26917806,17767191,1578182,692181,5403636,7378162,4427310,3082676,4962802,3273188,3509296,1530927,2074151,399657,1269633,805500,3692796,604900
301,000822,2017-09-15,-0.064873417721519,-0.053006329113924,0.2364110912778685,48760.0,280139.8832024039,2863,218056341,133010048,956994,1132128,12245860,13015250,18101939,16451086,37373380,30685208,24413431,17042323,15824761,9634236,14915504,8148613,94224472,36901204
302,000823,2017-09-15,0.01314878892733562,0.005536332179930881,0.32901479315958987,20440.0,214863.34132572313,1931,77838525,80145792,1880096,881248,8302309,6041789,10827394,8505497,14596090,11453616,6668074,7526239,5526300,6119110,7687469,5159909,22350793,34458384
303,000825,2017-09-15,-0.054545454545454564,-0.050909090909090904,0.09630188269215477,54911.5,556481.7826322871,3280,417748867,292616547,979648,1384737,10645077,14774630,15728547,20729395,30607455,33759313,30190004,29194252,16629822,24647078,14834627,17337217,298133687,150789925
304,000826,2017-09-15,0.005205320994794649,0.003470213996529914,0.9290119828159461,34710.0,185491.36556647968,1385,54808638,72959965,678838,527629,7733360,6831212,8178259,6443078,9932062,8223070,6831999,5877843,5969774,11556922,2190688,3624040,13293658,29876171
305,000828,2017-09-15,-0.003117692907248726,-0.0077942322681215925,0.41036273758263786,19125.0,110432.20685821776,977,33335705,17789348,810122,390727,5178399,4178617,4861548,3872713,6276673,4534311,3606919,2177128,3392124,2085452,1761417,0,7448503,550400
306,000829,2017-09-15,0.0009310986964619072,-0.0009310986964617962,0.3173178358539142,21520.0,49339.37041448364,1145,19012136,21166715,1031819,539791,5840017,6018900,6175666,8782425,3017719,3421798,1395258,1307121,626514,323400,925143,0,0,773280
307,000830,2017-09-15,-0.04244817374136245,-0.04738400789733466,0.18482811755186213,49776.0,353879.90536039276,3009,268596781,170798620,1154211,1535335,12935462,13069357,19712783,17105392,33925708,26672786,23595207,21007519,19606415,14128666,12383132,11743982,145283863,65535583
308,000831,2017-09-15,-0.040564373897707284,-0.04291593180482067,0.30341259734145715,80262.0,469567.3328090649,3149,351542448,293929723,1052225,1069207,10291393,11648251,17605985,17862992,36458100,39250529,26872873,34229177,28430704,29121469,16539027,20331743,214292141,140416355
309,000833,2017-09-15,-0.001138952164009055,0.004555808656036442,0.20101555892274708,20856.0,104893.48502611488,1909,53189702,47053693,1601749,1349639,11394769,8825228,10490443,8100881,11001713,9534643,5683396,4401522,3741289,3232933,1304264,5065711,7972079,6543136
310,000835,2017-09-15,0.012108980827447047,0.00908173562058523,0.26060261543592605,19920.0,71213.78713854488,1446,31579014,30159526,1418824,1304153,7919773,6869662,7104578,6863479,6382448,8565849,3102531,3729418,1061655,672600,880000,842188,3709205,1312177
311,000837,2017-09-15,-0.008974358974358942,-0.008974358974358942,0.2339125408748006,14820.0,75727.32872506155,1112,22689162,20939594,1007772,1047773,5349447,4326971,3831408,4028781,4834798,4824079,2664119,2669991,1048575,1782755,1366435,2259244,2586608,0
312,000839,2017-09-15,0.07511312217194566,0.04253393665158356,0.18663565727587197,162261.0,1283421.328731053,3511,755089071,986695618,464768,423465,8653811,8536306,19461054,18516758,43800843,46215944,49463172,44812003,35588600,42054288,29741096,38154828,567915727,787982026
313,000848,2017-09-15,0.00859291084854985,0.009667024704618665,0.22997000769870754,11268.0,118080.2839688592,1639,34455956,43676867,1299810,2318291,5990042,7016501,6781530,5646329,7342070,6686638,4061108,3937775,3225968,1610789,1816571,2839718,3938857,13620826
314,000850,2017-09-15,0.0018518518518517713,0.0018518518518517713,0.23755855612687835,8085.0,109505.07284868672,516,7638685,11848898,387749,738645,1762118,1615596,1162030,908148,1321737,1784344,784523,1738389,0,346434,870144,0,1350384,4717342
315,000851,2017-09-15,-0.006086956521739184,0.002608695652173809,0.31053912996477523,19635.0,144792.32278611348,1372,47174723,41075859,1228678,683833,7161950,4757935,7758882,4003806,8578812,7739687,3564754,5662088,4519076,4657791,2310693,2622138,12051878,10948581
316,000852,2017-09-15,-0.0034530386740332375,0.0,0.26543398929016276,48048.0,169854.72490648038,2978,153321658,140015051,831362,1542373,13030677,14167949,21873056,18678251,36185551,31562512,23553261,21402057,16453925,13103300,9497367,8666291,31896459,30892318
317,000856,2017-09-15,-0.002131438721136747,0.001776198934280604,0.595643487339489,28170.0,85505.6292133407,2233,64890393,58427171,1336222,1301572,11801452,11992850,15028349,13508344,14788244,14948313,10057207,6785097,3017596,4497701,1331056,3075372,7530267,2317922
318,000858,2017-09-15,0.0021893814997262506,0.006568144499178974,0.9595749868822907,99306.0,683815.9814385195,3263,347429228,432903628,483498,397538,10408192,10219566,27308476,21756903,52326066,53566112,38165611,29233414,25968001,23775484,14098852,17410283,178670532,276544328
319,000859,2017-09-15,0.013513513513513598,0.007722007722007707,0.18640345729784014,10440.0,69512.74817033402,772,13511489,11268889,649210,908347,3471843,2676867,3520456,1810098,2873309,1990765,885284,689206,0,703997,950583,435035,1160804,2054574
320,000860,2017-09-15,0.0009935419771485154,0.001987083954297253,0.4739030893292124,20230.0,137515.82933682768,1804,56438312,39765484,1353073,598531,12406664,7739779,7601709,5719716,6742128,7232946,6118594,5822890,2386230,2364859,3936723,2658217,15893191,7628546
321,000861,2017-09-15,0.015957446808510634,0.010638297872340496,0.10367782777902851,7640.0,115407.64223161826,1319,18040077,27773315,996987,1154893,4897608,5149308,2398715,3701115,4273590,5265257,1023410,2846172,2091268,1026467,0,1862419,2358499,6767684
322,000863,2017-09-15,0.02231520223152028,0.02789400278940035,0.19732269704758545,12376.0,148235.74216320514,1321,24702791,38913055,1140352,1296477,4662159,6132791,3010613,5444487,4520551,6366750,2899488,5840052,1827327,2985990,1750880,1331403,4891421,9515105
323,000868,2017-09-15,0.03995006242197263,0.03995006242197263,0.17579973849186797,33320.0,5689966.466633322,2080,838567208,636881730,2714095,0,10875648,34986,11593937,680991,23581055,2310793,19058367,5311066,13447002,4755616,15344157,4535654,741952947,619252624
324,000869,2017-09-15,-0.0011373329542223587,0.0019903326698891277,1.3380223381385299,17590.0,113706.45536534817,690,20227625,10980169,496164,464801,3296020,3971896,2780668,2204607,4682212,1796823,798944,946150,1688798,713942,1298516,881950,5186303,0
325,000875,2017-09-15,-0.0019646365422396617,-0.003929273084479323,0.16220436960077902,15240.0,90340.96724347417,985,19270164,19730911,676449,786335,4133130,5784333,2885247,3159904,3885652,2616703,2332235,2151199,710179,315180,878880,0,3768392,4917257
326,000876,2017-09-15,-0.001335113484646211,-0.002670226969292422,0.19592659728870407,14920.0,239479.3280098743,1462,49902318,44130493,1241539,1412778,5525019,7046912,4787832,5595172,6300504,4688806,6282545,2669338,1766280,1830846,877100,1296753,23121499,19589888
327,000877,2017-09-15,-0.011520737327188946,-0.014592933947772613,0.237672898442042,40207.0,244103.34457487726,3003,190989110,126167965,1227160,1236669,13658588,14321054,20357138,17493746,32056234,23709312,26095333,20606642,22224192,7999177,15284549,8069045,60085916,32732320
328,000878,2017-09-15,-0.03759894459102908,-0.03034300791556732,0.2921475579912931,51340.0,333033.3423047446,2697,219618675,164361715,920684,1075685,11456622,11368672,16379275,20708637,27654003,23620399,21328460,17620103,16862325,13893143,13933139,11804301,111084167,64270775
329,000880,2017-09-15,0.03157894736842093,0.033333333333333215,0.3164085176779721,14136.0,124226.66862924834,1300,29155218,37716092,759981,1435634,4132156,6587696,4882333,5350304,4508856,5801631,5836761,3223269,2425885,2433356,1452754,1330680,5156492,11553522
330,000881,2017-09-15,-0.0036363636363635488,-0.00121212121212122,0.608674337688982,11542.0,66073.8281819034,734,13186949,8553999,634468,1177242,3931722,3448972,2355806,1345097,2243185,1611094,1476266,212334,736002,330000,0,429260,1809500,0
331,000882,2017-09-15,0.00273972602739736,0.008219178082191858,0.10933376861852452,12210.0,185788.30006818066,1117,21522601,45397272,878998,1071382,4405196,5275624,2605801,3255639,4638043,5721298,2426029,4554770,1451617,2740794,951038,1784214,4165879,20993551
332,000883,2017-09-15,0.005870841487279677,0.0,0.1295819782235775,5150.0,121071.78843875977,1558,21631449,18522724,1368268,1450365,8220733,3714077,2858766,1736813,4052008,2645365,1298145,1357303,1451564,1057195,483328,984741,1898637,5576865
333,000885,2017-09-15,-0.01856258924321752,-0.02760590195145174,0.39607613807016795,45243.0,177018.26547836038,2816,160000711,110419313,811024,887150,14404090,13652900,18711410,18122773,31936043,23752142,24898453,17103199,17719090,9772494,11626092,6800081,39894509,20328574
334,000886,2017-09-15,-0.0015337423312883347,0.0076687116564417845,0.1691802883916217,20289.5,148901.44054114926,1488,51583573,57566383,1531684,792560,6589987,5076963,6015676,5358819,8435763,12681415,9891616,8458731,5088413,7306130,5308499,3601804,8721935,14289961
335,000887,2017-09-15,0.011583011583011782,0.013513513513513598,0.44323803426158703,31425.0,331096.02750451595,2186,129867187,143686892,1183204,890956,11739980,8640923,9440542,8521136,15506795,15041123,13771963,12798365,7736115,15625225,11793691,14615213,58694897,67553951
336,000888,2017-09-15,-0.015846538782318564,-0.015846538782318564,0.3202318221630783,15450.5,106567.09794130728,1402,34952982,19285063,1437900,755591,9164282,6551640,6000521,3197643,5103344,4052264,1240011,740900,2010734,356100,1785232,881128,8210958,2749797
337,000890,2017-09-15,-0.0025220680958385477,-0.0012610340479192184,0.2545433218313041,3168.0,40410.66648221759,970,8956875,6078051,1039086,666890,3393032,1930058,1269742,1256010,1779209,931453,446574,238200,1029232,0,0,439240,0,616200
338,000893,2017-09-15,0.09259259259259256,0.09259259259259256,0.24180507781292293,11284.0,172268.26514004238,1278,45086839,15070509,1732838,1022893,6604461,3959009,5140291,2009039,5275754,2853377,4386521,1264659,3403982,1078678,1928592,1745177,16614400,1137677
339,000895,2017-09-15,0.013478260869565162,0.008695652173912993,0.4628317014152705,27720.0,203337.90963495852,2471,79745070,118716305,1514393,1055552,16015899,10301160,12801306,12619362,14840564,17066494,9953220,14518222,5065156,8290123,4133409,7295590,15421123,47569802
340,000897,2017-09-15,0.01834862385321112,0.016055045871559592,0.10425582337600355,11988.0,113868.66183132787,1754,25981440,55306447,1527458,1983563,5641639,8761056,4452626,7267308,4205794,10431587,2418518,6894810,1153986,4328473,2635012,3600666,3946407,12038984
341,000898,2017-09-15,-0.04768583450210373,-0.05329593267882182,0.12653626711578872,34527.0,418491.42488244467,3185,224480305,242761316,818427,2333568,8875371,14291857,12908239,18867877,19780107,28905484,15787101,23738499,13394588,15162858,17438537,18226856,135477935,121234317
342,000899,2017-09-15,0.0013605442176871652,-0.0013605442176870541,0.40464943879714454,9568.0,99294.03599098921,329,8617253,4449564,261527,448523,1712206,1111638,710340,452757,1098132,974215,1222856,294400,321195,713685,888615,454346,2402382,0
343,000900,2017-09-15,-0.004870129870129913,-0.004870129870129913,0.17604226064885864,5544.0,108961.47107763884,1225,23370643,12292505,1310231,1636605,3958834,2970477,3388569,2234317,3422196,1112595,1430619,738881,1699536,1014365,1782780,0,6377878,2585265
344,000901,2017-09-15,0.007983339118361688,0.007289135716765038,0.7192911628975647,29070.0,93726.12999708726,1604,45631663,46924247,1084044,1110805,9398949,7457439,9881889,7694847,12291486,11789445,5194267,5669714,1332457,4407492,842320,5413346,5606251,3381159
345,000902,2017-09-15,0.006224066390041472,0.006224066390041472,0.2631601601980157,9690.0,91127.85648307877,1342,22852326,24309231,2073080,1103768,7462408,3313642,4525373,3802761,3696466,4404414,1397788,3565513,353648,1080927,1386598,0,1956965,7038206
346,000903,2017-09-15,-0.004901960784313819,-0.004901960784313819,0.13878558259577828,8119.0,90159.91247869271,865,19646156,7790063,881589,798214,4049746,2553772,3148639,1120862,2921150,506871,2027245,704924,1063717,0,489635,871387,5064435,1234033
347,000905,2017-09-15,-0.016783216783216814,-0.013986013986014068,0.3432993099295784,18499.0,111017.93660243822,1735,53128364,28437634,1350546,1307298,10459886,7594805,11227809,5956279,9942250,7339368,5285295,2522584,4844865,1816593,415839,1365287,9601874,535420
348,000906,2017-09-15,-0.005285412262156508,-0.0042283298097252064,0.3607731365982951,7623.0,56369.82829665102,687,9477170,7523450,522833,1309821,2602060,2582343,2091968,729865,1398572,1251228,994242,1024894,705467,0,0,0,1162028,625299
349,000908,2017-09-15,-0.013071895424836666,-0.010457516339869244,0.3088050359557925,9132.0,47096.311693685304,613,10323800,5764705,799514,403928,2806875,2005648,2377899,1761353,1806361,1340726,1600527,253050,393640,0,0,0,538984,0
350,000909,2017-09-15,0.010408921933085624,-0.0074349442379182396,0.3906760355861171,12015.0,49975.468072080876,1185,19094539,13385660,746318,1355861,4681343,5919126,4353134,2812360,4306492,2191276,2817997,702607,666984,0,887048,404430,635223,0
351,000910,2017-09-15,-0.006931608133087019,-0.007393715341959317,0.5176359142642712,4290.0,39662.0968599097,1749,14816435,7572478,3992667,1087141,4414134,2736921,2680337,2265998,1326126,851748,797151,0,315240,630670,0,0,1290780,0
352,000911,2017-09-15,0.029484029484029506,0.03767403767403765,0.2515635766023796,30048.5,169618.66936892274,2358,73116581,122942936,1471453,1171565,12576607,10048388,12361192,12828952,15659331,19725845,8995022,18564124,7641622,11325341,2135820,9219981,12275534,40058740
353,000912,2017-09-15,-0.015952143569292088,-0.02791625124626118,0.19039786428923114,29609.0,122917.03814259075,2779,116493909,75298514,1880413,1967692,13410292,11806393,18038647,14390484,30571063,16672092,15198706,9969760,12040702,4794256,5849842,2596189,19504244,13101648
354,000913,2017-09-15,-0.015591397849462507,-0.025268817204301186,0.761596472199567,14576.0,50748.3277917468,596,11036137,6659692,617697,499428,3665662,2277885,2442952,2050156,2017676,985002,1066316,416758,326160,0,899674,430463,0,0
355,000915,2017-09-15,0.007331378299120228,0.0005865102639295294,0.8199222080065857,30766.0,121043.51459300508,1732,55321738,55585321,1068115,506838,10202369,6104632,10112682,15547604,11863825,9015530,5234521,6299725,6096470,2752189,1774995,1295174,8968761,14063629
356,000917,2017-09-15,0.014746543778801913,0.004608294930875667,0.279330195901812,21700.0,229981.7465302274,1509,58937384,41178115,886262,914719,7013869,7841431,6284183,6307447,9054393,7147948,3730061,5676504,5780207,3316004,2185272,2739024,24003137,7235038
357,000918,2017-09-15,0.004273504273504258,0.012820512820512997,0.19978321677474112,14140.0,112544.88260568566,1235,22266699,29987842,934720,1300481,4029934,6727482,4463700,6052380,4029857,5842927,2313974,2087834,1712151,1070943,889206,1253652,3893157,5652143
358,000919,2017-09-15,-0.0037209302325580396,-0.0037209302325580396,0.4280068794878055,11792.0,88867.20086386203,630,15354763,9080809,580242,395542,3180741,2339056,2186268,1898702,2257568,1884979,1843233,898078,1466517,712815,896645,0,2943549,951637
359,000920,2017-09-15,-0.010247651579846417,-0.0076857386848848686,0.47974374853769436,16338.0,95113.88614690467,595,14897966,8424380,471218,317334,3576333,2757049,2366206,1509173,3080893,2434302,537757,475432,684157,332280,0,0,4181402,598810
360,000921,2017-09-15,0.03167420814479627,0.017345399698340813,0.3057426213726925,20295.0,155639.31440629743,1881,60063635,68961442,1453072,1130822,9949955,8740161,9121156,5677735,11621708,10437585,6276542,8414984,3197112,8515922,3041914,5646152,15402176,20398081
361,000922,2017-09-15,0.00240963855421672,-0.002409638554217053,0.31078113854405803,9888.0,66204.50165014433,713,13020396,9173255,835190,749321,2814455,3289681,2715834,1464102,2633116,1680916,1039180,1173139,1020009,316296,463120,499800,1499492,0
362,000923,2017-09-15,0.011153712094806645,0.003485535029627007,0.7451081185225487,22968.0,93031.9858651335,1482,35961107,36799522,1045953,1056957,8141553,7596711,7820026,6705839,7998457,8643071,3089075,4846973,2388602,2460679,473468,890770,5003973,4598522
363,000925,2017-09-15,0.01687027341477587,0.02210587550901688,0.6240406226195108,14024.0,53381.72896007042,758,11041598,13236052,518038,941570,3436818,3547198,2539004,3409934,2060427,3592492,1503983,1056130,300828,688728,0,0,682500,0
364,000926,2017-09-15,0.029055690072639084,0.03874092009685226,0.23419169093793055,31114.5,367426.43537111895,2802,138798884,195212532,948110,1286935,15374366,10389280,14049010,13529411,23700390,24560617,19535023,13940749,10451729,10401876,5821269,10634075,48918987,110469589
365,000929,2017-09-15,-0.018355359765051427,-0.01615271659324513,0.536007943368048,9450.0,50312.59215015337,645,10288823,4672861,844925,622880,3251911,1947494,1424301,515951,1222256,877772,1444250,708764,300158,0,1273850,0,527172,0
366,000930,2017-09-15,0.019189765458422103,0.05828002842928215,0.236034970689057,288120.0,1480842.2246524852,3561,950496618,1228624474,162200,174869,5096326,4913523,12653028,13983212,42325926,44552659,48911262,51370705,41819162,51549829,42740945,56865327,756787769,1005214350
367,000931,2017-09-15,-0.009186351706036766,-0.006561679790026198,0.2425678240506257,10556.0,114627.04498459664,987,22191711,11393615,822109,1368479,4449867,3682472,3599523,2458681,3034649,2299001,464280,680301,1713439,370837,840946,0,7266898,533844
368,000932,2017-09-15,-0.034554973821989576,-0.034554973821989576,0.22189115526606507,25816.0,592336.3512144083,1853,151791894,179927382,89041,2626140,2392621,10185185,3926501,10960019,8907116,17050276,9631303,14109394,6513311,9751324,9655696,8692670,110676305,106552374
369,000933,2017-09-15,-0.08827586206896543,-0.08275862068965512,0.248201313919746,158340.0,1009184.0628545628,3423,719295667,772335382,309379,754934,5244996,10399007,12258614,25112457,28527266,52908463,28905595,62109311,27967227,45133715,23121443,41920157,592961147,533997338
370,000935,2017-09-15,-0.027279253409906556,-0.026561378320172246,0.48325948811914093,81600.0,578967.3907775991,3333,364231285,332102203,713716,673598,13019529,12232856,20009636,17168741,41621697,38902354,33130198,32481486,23561052,23129308,25609071,21834915,206566386,185678945
371,000936,2017-09-15,-0.0040760869565217295,-0.005434782608695676,0.2550753991020518,9581.0,70643.79159705312,832,15960933,9012755,913691,741174,5031806,2288238,2543897,1816932,1456717,1378979,2227181,691044,1078980,685093,415611,896095,2293050,515200
372,000937,2017-09-15,-0.037396121883656486,-0.037396121883656486,0.12992425859320564,39032.0,311018.25518499565,3094,215347775,207750581,798471,2344338,7364906,18494125,10572762,23591632,19365490,35277817,19221112,25407819,9941764,18337744,16671821,15392371,131411449,68904735
373,000938,2017-09-15,-0.023740392826643864,-0.02066609735268987,1.415876036494678,28792.5,224321.68167349632,1710,104203627,59204887,1195004,857912,7116612,7316337,10097518,8872537,14628009,10582177,12463301,6266927,5852397,4701362,6590877,4477641,46259909,16129994
374,000939,2017-09-15,-0.022184300341296925,0.0,0.10477286617839301,40779.0,553476.0677603866,3141,192964426,319856593,1240162,1656897,10858905,16305076,10986231,22663886,22199903,33600079,17691542,23308193,13935317,20554652,7719321,15410396,108333045,186357414
375,000948,2017-09-15,-0.005742411812961423,-0.001640689089417502,0.5213304308135928,7287.0,37242.53009801532,546,6838065,5223557,439140,797496,2274813,2011713,1786936,1091152,1194577,1323196,468125,0,674474,0,0,0,0,0
376,000949,2017-09-15,-0.0022026431718060735,-0.0022026431718060735,0.18926499241406788,7701.0,61009.77809600571,575,9427089,7189646,467797,572102,2685150,1872375,1479637,938424,1944263,1339939,1170675,735011,619141,1731795,496330,0,564096,0
377,000951,2017-09-15,-0.0219780219780219,-0.023626373626373653,0.38305543154117583,10716.0,113777.80984297111,2261,64036650,37148112,2550725,1309816,9171383,6204711,10208196,7067980,11009787,7270256,8549935,2907586,4658047,1452582,3162654,842873,14725923,10092308
378,000952,2017-09-15,-0.0012019230769230171,-0.0024038461538461453,0.4061901010033736,28373.0,137427.73609344484,1679,63383582,52868545,1142975,1028558,8765091,8060576,9570504,8997794,12283949,10691495,9566099,7595968,5698742,5946475,2315157,1764872,14041065,8782807
379,000955,2017-09-15,0.006230529595015577,0.004672897196261738,0.23757597277725365,12454.5,70778.25542340975,730,14349197,10364567,429746,909191,2447838,3366249,3153566,2088070,3319573,1830790,1880008,744218,1589186,757727,492480,0,1036800,668322
380,000957,2017-09-15,-0.011783189316575071,-0.01335428122545168,0.25949522613474535,35000.0,216797.29278416664,2411,133211306,94116651,1303252,950913,11666891,10760855,17837995,9935421,22400920,17195390,11566964,12859340,11042818,10280665,9676103,5251011,47716363,26883056
381,000958,2017-09-15,-0.009840098400983988,-0.00492004920049216,0.15546235941282768,35318.5,226419.8198971886,2740,142170420,119727287,1726068,1454654,13591683,11330512,17226832,15699483,24160285,20957341,21696163,17253645,12289534,7093952,9666123,7134404,41813732,38803296
382,000959,2017-09-15,-0.028340080971659964,-0.026990553306342813,0.15236943357991306,14079.0,90839.3970682724,2369,58774778,32430749,2291352,1734683,12486647,10749724,10136402,6424443,12707982,5195547,4766137,3300318,2098939,1482509,1419052,418472,12868267,3125053
383,000960,2017-09-15,-0.04177718832891253,-0.03315649867374004,0.2843121837473399,39528.0,527623.3382069797,2817,264834174,176956475,987096,1673718,9738207,14102777,12559083,15296692,27614395,31154126,17733608,14791850,13173562,15332228,14275576,8571647,168752647,76033437
384,000961,2017-09-15,-0.0028694404591104172,0.0057388809182210565,0.12646072746324827,46913.0,471489.84426042624,3048,259894980,294843391,1429288,1206734,12928206,11836508,15878553,15993788,25763224,28416341,24355237,22332814,18541604,15862576,19546865,15204497,141452003,183990133
385,000962,2017-09-15,-0.013047530288909703,-0.027958993476234872,0.2948967176905562,17816.0,104505.68161434907,1325,36891249,27819164,863766,821599,6556370,6019397,5892787,4498737,8251152,5344946,5562180,2865792,3059460,1687397,1397774,881254,5307760,5700042
386,000963,2017-09-15,0.0014995715509853458,-0.00042844901456728923,1.2636813293321483,14047.5,104589.90651704777,1364,37616284,22982971,2277672,947814,8925008,3680987,6786696,3959258,6062115,4147388,3165139,4059060,1399210,757705,1920968,2248066,7079476,3182693
387,000965,2017-09-15,0.00401069518716568,0.006684491978609541,0.18622175913544253,17411.0,95382.13595971411,1614,36989992,44361663,1365548,1573008,7065055,8962739,6601706,8694584,6512563,8209701,3672661,4144195,3110694,3759937,3593084,2157115,5068681,6860384
388,000966,2017-09-15,-0.004081632653061273,-0.004081632653061273,0.16857571570885668,9780.0,71498.30363759823,845,13915210,9276862,892900,956163,4363445,2885063,1448282,1616371,2031228,1054227,935459,1633813,308904,691125,1381328,440100,2553664,0
