,code,date,pchange_whole,pchange,change_std,amount_median,amount_std,length,sumsell,sumbuy,sell_vol_0,buy_vol_0,sell_vol_1,buy_vol_1,sell_vol_2,buy_vol_2,sell_vol_3,buy_vol_3,sell_vol_4,buy_vol_4,sell_vol_5,buy_vol_5,sell_vol_6,buy_vol_6,sell_vol_7,buy_vol_7
0,000001,2017-10-24,0.016964285714285765,0.011607142857142927,0.202354077527939,33870.0,487729.8342495875,3066,190136058,293092514,893326,2068994,13008860,14947311,15127082,16066020,26057375,21697925,18376874,17763643,8246324,13023297,6861903,10977786,101564314,196547538
1,000002,2017-10-24,0.046106160402944685,0.04145679969004257,0.44310341310890416,110515.5,681442.0586433192,3394,456142568,570113953,612551,655524,10071086,10091368,22600533,18459168,42115476,43003047,38300178,37861850,32378560,29831690,27388546,25294572,282675638,404916734
2,000004,2017-10-24,-0.004380724810832293,-0.0031859816806052432,1.3601412667700858,10042.0,38263.3580330417,340,2863462,4602948,232889,435349,1496434,1564945,305161,566366,577678,1049655,251300,986633,0,0,0,0,0,0
3,000005,2017-10-24,-0.012145748987854366,-0.018218623481781493,0.1731653659240001,5826.0,112461.41972333052,814,15458204,5740183,932248,909230,3098717,1928739,2358965,1183412,1807561,1420398,513000,298404,681652,0,1418329,0,4647732,0
4,000008,2017-10-24,0.0011273957158963732,-0.0022547914317925244,0.3509859321208359,8870.0,126623.56900814033,638,13669805,6333439,772791,679397,1993865,2423443,3031346,1373319,1593116,1573542,1660162,283738,376125,0,0,0,4242400,0
5,000009,2017-10-24,-0.001179245283018826,-0.008254716981132115,0.18895154620700938,8450.0,111897.09223617359,2016,41945878,33843180,1342883,2200735,6861484,6431119,6250229,4848330,6441815,6253152,5465110,2157236,2440911,2516257,1719737,2206602,11423709,7229749
6,000010,2017-10-24,-0.034867503486750384,-0.06276150627615062,0.12355205469341911,88537.5,769892.8719415907,3386,438783898,395981360,201582,1905581,5546550,13602835,17640126,21214634,43229382,46042860,33450814,37435214,25033040,29642605,19582209,20779564,294100195,225358067
7,000011,2017-10-24,0.002606882168926017,-0.002606882168926017,0.4844865572014614,19210.0,66319.66534023003,1567,35310996,27640654,1489505,1462103,9157366,6765472,9573369,7068025,8536294,6286817,1868552,1208831,1970609,3091491,0,870556,2715301,887359
8,000012,2017-10-24,0.0,-0.002450980392156854,0.2421057723525962,8189.0,108644.0772142843,1136,20795635,16199161,838721,1629642,4060308,4297427,3063691,3101623,3221725,1789556,2623553,744506,1433066,703003,1306587,411264,4247984,3522140
9,000014,2017-10-24,-0.0006082725060828631,-0.0024330900243311193,0.7750941891976522,6588.0,38747.15325894915,449,3634407,4033143,432605,460543,1934564,1708288,718504,687021,548734,514491,0,0,0,0,0,0,0,662800
10,000016,2017-10-24,-0.003552397868561208,0.001776198934280604,0.22316753762961863,9528.5,81276.90586277294,636,12097267,12926669,562017,542328,1958930,2093355,1716625,2410381,2532378,3591533,1776192,1430681,304096,1787316,1416974,476580,1830055,594495
11,000017,2017-10-24,-0.005249343832021025,-0.005249343832021025,0.3326339206332942,7560.0,33897.437433906176,524,6463060,2994614,752779,537356,2181881,1189270,1864529,732124,1012091,109395,227700,426469,0,0,424080,0,0,0
12,000018,2017-10-24,-0.008021390374331583,-0.013368983957219305,0.2207698699784318,11952.0,57276.378527019086,1148,23584263,12558137,1131641,1143390,6373816,3996074,4808582,2806635,5074724,2188752,2471517,1678786,1351906,744500,1672371,0,699706,0
13,000020,2017-10-24,0.035532994923857864,0.029441624365482255,0.5479406090453907,20055.0,68044.2268996675,1292,20844498,31289876,912427,911664,6346488,6923141,5577484,7586224,3698981,7764936,3023448,2946654,685070,2346242,0,430920,600600,2380095
14,000021,2017-10-24,-0.011891891891891881,-0.017297297297297343,0.21994948834566358,9190.0,111234.7044679043,1771,38749169,21336217,1618184,1779697,7957920,6541690,5829767,4011403,5279786,3340160,1698375,1587394,1073223,2129208,2663493,896486,12628421,1050179
15,000022,2017-10-24,0.011064479206409628,0.0038153376573826225,0.62207910967492,23031.0,141966.46381451903,1777,51271898,48123870,1397825,911350,9644551,7717594,9396512,8180649,10059394,7665744,6442784,4847956,2549704,6231942,5194781,3239152,6586347,9329483
16,000023,2017-10-24,0.007780507780507762,0.006142506142505999,0.9068245704749749,12315.0,52883.14622513227,725,9806418,11192545,908144,502612,3216900,4163526,1809569,2036886,2463835,1231247,987580,1538628,0,977746,420390,0,0,741900
17,000025,2017-10-24,-0.002251238180999593,-0.00810445745159838,1.0455056422560312,22070.0,72891.14349384408,1805,47471351,28180747,1353393,1980846,11504841,9452439,9479918,7088127,11961048,6018239,3829305,1897173,2076283,1743923,1815524,0,5451039,0
18,000026,2017-10-24,-0.007898894154818259,-0.010268562401263837,0.3513773734099784,13700.5,52418.30399188355,1298,25071928,17674909,1194215,914323,7291828,5415043,5773744,3820511,6821239,3666081,3163016,2249465,359136,981486,468750,0,0,628000
19,000027,2017-10-24,0.0015527950310558758,-0.0015527950310559868,0.24793556349881363,6440.0,84174.42228506075,674,11923449,6728314,1171366,298350,2497017,1585623,1730973,1510730,1871969,1956327,270060,265740,325358,706468,0,405076,4056706,0
20,000028,2017-10-24,-0.0016997167138809166,-0.009206798866855381,2.4095566093115997,14013.0,197834.38364163483,858,26680660,10954555,649035,1312736,4761584,3511351,2197847,2260644,4101823,1003780,2467221,869890,671636,0,0,0,11831514,1996154
21,000030,2017-10-24,-0.0011494252873562871,-0.005747126436781436,0.2586489810404247,2611.5,56819.332944182206,1132,10917598,7220998,1595443,609569,3124016,1480010,1277048,1375590,1328785,1364197,485244,261300,346000,996940,0,0,2761062,1133392
22,000032,2017-10-24,-0.009546539379475028,-0.010342084327764622,0.5261196956335883,10920.5,48638.80971461641,570,9183730,5677582,516202,800261,2831236,1635236,2554941,1199920,1338503,762921,970564,730199,972284,0,0,0,0,549045
23,000036,2017-10-24,-0.0031152647975078995,-0.006230529595015577,0.2375457331091091,19320.0,102335.18714614,1644,42469110,39943633,1489121,1620255,8453415,7310826,7918930,8315694,10398126,8470380,5127015,3624771,2415149,2545604,856018,2374409,5811336,5681694
24,000037,2017-10-24,-0.015258215962441146,-0.018779342723004744,0.4530032376566951,11076.0,192844.16292041083,353,14691805,2187220,358879,358275,1814033,795678,1487773,475413,1067575,306454,714762,251400,1445431,0,829870,0,6973482,0
25,000039,2017-10-24,-0.002651113467656452,-0.012195121951219523,0.3727170052626917,9362.5,216530.28730617388,2562,82226718,48239536,3896076,1306612,11208114,6703833,10361954,4521186,17557689,6330425,7070315,4901008,4517710,3950992,2629187,2981086,24985673,17544394
26,000040,2017-10-24,-0.0006920415224913601,-0.0020761245674739692,0.5615608597557105,7247.5,107027.7895090888,662,8924938,11326797,421401,667337,2107121,2726469,1358867,1092745,2580925,1153017,1547534,550308,0,306794,909090,1296448,0,3533679
27,000042,2017-10-24,-0.0024227740763175243,-0.0048455481526348265,0.8778808239105215,4950.0,37280.15475807375,353,3937511,1196532,508399,195002,1792218,342041,0,659489,643292,0,498602,0,0,0,495000,0,0,0
28,000043,2017-10-24,0.0077145612343298975,-0.0019286403085824189,0.4901327317579159,10410.0,149573.3436199483,447,13330025,9420105,408484,216607,1902596,1359544,1293101,750522,2498057,2108660,1429735,1359545,1301312,0,0,0,4496740,3625227
29,000045,2017-10-24,-0.009812667261373864,-0.015165031222123204,0.360686067813738,12331.0,55755.180375505166,966,19386586,11252254,824313,747950,4910379,3543227,4765296,2830228,3962244,2982596,2467705,530029,663919,618224,475999,0,1316731,0
30,000046,2017-10-24,0.0036855036855036882,0.0012285012285011554,0.36446396102692696,10634.0,76692.1257678487,498,7857591,9544833,394876,466927,2042182,1929130,1456770,1873912,1327309,1134020,679061,472068,1073681,651564,883712,1807328,0,1209884
31,000048,2017-10-24,0.0008399832003360697,0.004199916001680126,1.5842495089684159,7152.0,29062.316834256977,225,1694412,1916441,395484,198027,486889,701967,386677,386174,425362,630273,0,0,0,0,0,0,0,0
32,000049,2017-10-24,0.0075727381426864415,0.00458349940215208,1.2920291689888708,20244.0,176354.86536367494,1508,54169304,38077393,910464,929284,8959521,6150159,8020236,5158680,10063269,7725178,4797945,4233551,3442978,1079311,1766760,1749576,16208131,11051654
33,000050,2017-10-24,-0.004773269689737458,-0.025855210819411334,0.4530272640929036,79616.0,492634.2831417863,3081,407334091,295496228,893691,827385,11254592,12367907,17806411,16947595,35872498,33772597,34533497,30042290,29251788,25508213,21135157,13559347,256586457,162470894
34,000055,2017-10-24,-0.008010680907877266,-0.01468624833110821,0.19599922291162505,6682.5,69826.47098156683,1462,20673463,8681671,1110481,2044231,6043903,3930287,2830721,1685525,1255291,645384,1958137,0,2121800,376244,450394,0,4902736,0
35,000056,2017-10-24,0.0036363636363636598,-0.008727272727272695,0.5134541285880366,13690.0,99248.74898255646,717,19739762,9053789,838961,472606,3892588,2394179,3088138,2094331,3126358,1119755,2774887,1281320,2026971,632220,940814,0,3051045,1059378
36,000058,2017-10-24,-0.018539976825028948,-0.024333719582850577,0.2232223438898767,15093.0,67219.24288341535,1496,30853884,19614740,1486190,1352262,7821871,6362204,6930570,4793291,6416418,2689022,2097980,1661964,3295639,304081,915600,484500,1889616,1967416
37,000059,2017-10-24,-0.00871248789932233,-0.015488867376573068,0.2706439008851531,12300.0,236324.4840738127,1457,63308285,29580425,758913,1405977,5282284,6182701,4909545,4532674,8752529,6115356,1958425,4439321,4356198,711384,3067777,897809,34222614,5295203
38,000060,2017-10-24,-0.0026041666666666297,-0.0078125,0.21429571298432679,17332.5,135942.00317035228,2894,88022795,73443735,2140813,1878417,15114261,9758011,12608118,15378329,13762186,15001221,8922378,7600739,5075392,4648155,5096828,5838035,25302819,13340828
39,000061,2017-10-24,0.009966777408637828,0.0,0.2865121441602244,11830.0,66009.18469771209,993,18282066,14639197,1249763,892665,5303658,3053661,4370598,3134259,3912951,2588429,1205911,1444447,1782685,1376941,456500,448000,0,1700795
40,000062,2017-10-24,-0.008991399530883348,-0.012900703674745828,0.878020700634122,15234.0,74114.55257372535,848,20689190,9774425,856228,477207,4546356,3602851,4348005,2873546,3719294,1187601,2077575,459740,1051172,309880,496860,863600,3593700,0
41,000063,2017-10-24,-0.023255813953488413,-0.04122621564482021,0.4758223736874909,247860.0,1096959.2909504876,3559,1068011559,861815818,157168,162869,5807085,4565751,16662126,17092542,47196768,43068367,47135770,52199319,53097426,43684709,50647486,48682875,847307730,652359386
42,000065,2017-10-24,-0.029327902240325998,-0.02525458248472512,0.5234590082611644,19320.0,113856.0543949971,2203,52989666,52312958,1938079,1488446,10154454,10873041,11827660,15045303,9382788,7858291,5178632,4640163,2399490,2589381,6053183,0,6055380,9818333
43,000066,2017-10-24,-0.0024420024420024333,-0.015873015873015706,0.1827015564066881,17052.0,163105.17886819094,2011,73229442,46393306,1290980,2163777,7961254,11249594,9037054,8830794,11601710,6298948,4767169,3322218,7151429,2638542,7175591,3110395,24244255,8779038
44,000068,2017-10-24,-0.00894187779433675,-0.011922503725782407,0.2466053274883853,9901.5,76504.30406459796,740,15842614,7180043,611848,675894,3259918,2183702,2762823,1840377,3447712,1117978,1177775,1032944,1689897,329148,403712,0,2488929,0
45,000069,2017-10-24,0.024970273483947647,0.02021403091557672,0.17152970906007856,20520.0,269540.52052892017,2407,106605206,128212946,2120152,1950349,11062369,7017084,16763143,10406059,12269535,10159983,7881725,10917991,4539458,6970174,7948997,10123782,44019827,70667524
46,000070,2017-10-24,-0.003386960203217715,-0.005080440304826461,0.2704187103925653,23660.0,102319.47960111585,1908,57503191,50738707,1259472,1134364,10497304,8760089,10355969,8322907,14077776,10733185,9594181,7164465,3858015,2797031,4125884,4108943,3734590,7717723
47,000078,2017-10-24,-0.010606060606060508,-0.012121212121212088,0.1520976157792004,23508.0,141774.2413075644,1892,56508265,42458869,1351173,919562,8694879,8073421,14065179,7004958,10436430,16867672,4121064,2173836,3789433,2367341,1431240,476125,12618867,4575954
48,000088,2017-10-24,-0.0011198208286673506,-0.00895856662933936,0.2376723033953479,13357.5,82166.9119075167,1412,34976267,21996388,1653108,1365557,6760140,5455906,6333651,5106933,7744249,4407522,4107414,482096,2440651,2081443,1757318,421191,4179736,2675740
49,000089,2017-10-24,-0.009324009324009341,-0.010489510489510523,0.23292156614089976,7685.0,63722.8891651443,1357,28887845,6811929,4609419,506044,3900682,1863765,12423835,1357861,3302399,1158268,1744241,219992,1376769,0,850500,0,680000,1705999
50,000090,2017-10-24,-0.0018034265103696878,-0.0009017132551848439,0.29524988916231637,16620.0,113919.4708746898,1411,33359320,35312601,952094,1088964,6401388,6792890,5254157,5251312,6881931,8143405,3285063,4700080,2768950,339160,863435,2182758,6952302,6814032
51,000096,2017-10-24,-0.01005025125628145,-0.011486001435750182,0.8403164204974347,5580.0,24557.539874787042,274,2641848,1165871,353568,265384,1414618,365902,601222,396975,0,137610,272440,0,0,0,0,0,0,0
52,000100,2017-10-24,-0.013856812933025542,-0.023094688221708903,0.07399840952670225,64200.0,584950.8675346789,3449,482698928,348655503,1302977,707750,15148415,12009586,22491377,19163421,37026379,29383784,38233665,26488506,28784239,25377431,29815198,19608979,309896678,215916046
53,000150,2017-10-24,0.013909224011712906,0.0014641288433381305,1.1365827138492806,19201.0,255080.1333483609,579,12774027,28427303,387349,393037,1170624,3030116,1234117,2237871,1997022,5101829,1219275,9200770,365820,2055440,1762440,835350,4637380,5572890
54,000151,2017-10-24,0.007151370679379987,0.0011918951132299238,0.6092136153891458,16900.0,97904.5909998076,758,15589017,14694720,720423,453554,4238727,2953271,3670651,2517601,4057813,2869877,776359,970260,317344,1006118,416970,0,1390730,3924039
55,000153,2017-10-24,-0.003929273084479323,-0.008840864440078589,0.39725372936746145,9099.0,34469.78513035912,656,7534238,5351659,618030,567105,3040136,1956672,1746597,1196628,1390561,911308,738914,411906,0,308040,0,0,0,0
56,000157,2017-10-24,-0.004301075268817289,-0.008602150537634468,0.09691809358616482,8262.0,195419.30656429694,2310,49921131,34843008,3169003,1359328,11050514,4962207,6482967,3501008,5902180,3206961,3154563,3475756,2371778,700010,1778628,1437856,16011498,16199882
57,000158,2017-10-24,-0.011639185257032114,-0.012609117361784716,0.29406424722881763,13286.0,127966.49546221859,1229,35569556,19618241,865561,872173,5705458,5316975,4450985,3678229,7657321,3548562,2758029,1421569,2065089,1085262,843945,0,11223168,3695471
58,000159,2017-10-24,-0.012422360248447228,-0.017080745341614967,0.28168465444560287,12720.0,54926.86070603687,522,11687737,4894786,457869,537436,2346090,1728741,3021211,488039,3117852,1283711,1392612,518507,1352103,338352,0,0,0,0
59,000166,2017-10-24,0.015706806282722585,0.012216404886561838,0.13165893783382196,13202.0,304180.2291367144,1898,73000574,115566285,1134031,1572076,8485569,5903359,6799326,5147601,10068641,5644681,9820490,4843121,3002254,2060258,1771776,1234522,31918487,89160667
60,000301,2017-10-24,0.00865051903114189,-0.005190311418685201,0.13295423060723152,15606.0,99573.62714568154,1893,50168074,40272725,1512040,1401562,9029872,7556937,7134209,8197121,8650257,7753278,5354124,6891673,2383953,3440054,2188191,887108,13915428,4144992
61,000333,2017-10-24,0.019513218631976637,0.015107007973143238,0.8236658030223926,96190.0,548137.698478366,3348,390059534,369465853,1100367,778948,14845902,7861365,25867490,17931993,52469083,39550230,40161914,33330508,28513244,20331068,25940552,21401167,201160982,228280574
62,000338,2017-10-24,0.017310252996005415,0.013315579227696439,0.13118551641555695,35121.0,316205.0278460159,3286,146447556,207841398,1572145,2477011,13887042,16812292,22067996,21829109,22853727,27331496,14860236,17458471,10414813,18995946,8002454,14281941,52789143,88655132
63,000400,2017-10-24,0.008145363408521344,0.001879699248120259,0.352373253976012,19248.0,62250.77866648498,2052,26831349,35696415,1775624,964874,9686034,17332354,5040174,3837442,5722772,4729860,1691693,2234399,1434092,623318,927360,893985,553600,5080183
64,000401,2017-10-24,0.0019011406844107182,-0.005069708491761693,0.30505510812714975,36225.0,212860.56227650636,2677,146159348,109128559,1299275,1669172,11807583,11134662,16379142,15026669,28961282,24742178,14164857,13906873,16775539,15753155,7846251,4441273,48925419,22454577
65,000402,2017-10-24,0.013513513513513598,0.011824324324324342,0.2586718559644447,22714.5,207494.62749746302,2096,82584530,99565453,1356660,1558463,8265834,6371105,17042740,7850683,13124890,10200386,8979646,10887884,4128973,7826249,6349232,6520670,23336555,48350013
66,000403,2017-10-24,0.00034447123665160007,0.0024112986565620886,1.7167007697264298,14610.0,108751.06784390801,285,5665628,7086850,270055,256112,1391113,1103909,1076211,990038,860721,1287200,515571,757780,0,0,0,0,1551957,2691811
67,000404,2017-10-24,-0.004310344827586188,-0.007183908045977017,0.2450767317455974,11815.0,128507.59076036735,806,23639675,11948424,550135,984937,3796754,3360792,2660233,1905663,3655889,1604265,2515208,1161284,776952,690121,404926,0,9279578,2241362
68,000407,2017-10-24,-0.018957345971563955,-0.02251184834123221,0.24500530411774174,16560.0,84182.13129235723,1187,30769355,14086770,1257341,971095,7713115,4713822,6154529,3200442,3737510,1987314,3587408,1196922,2348476,2017175,1739099,0,4231877,0
69,000409,2017-10-24,0.0055710306406684396,-0.00417827298050133,0.2816972793368116,10830.0,65957.14148600187,649,9414507,9558898,714444,444527,3115618,2619030,1580852,1602855,1708157,2311093,986669,883104,0,0,418728,435600,890039,1262689
70,000411,2017-10-24,-0.005078485687903922,0.0013850415512466352,0.799751050297188,4324.0,29808.0768592776,733,4779459,1891292,1685839,119591,1086520,1183773,544593,0,583753,108800,464284,0,0,0,414470,479128,0,0
71,000413,2017-10-24,0.00657276995305156,-0.009389671361502261,0.19352294743706802,42360.0,250762.15369701825,3031,196823231,143257466,1313785,1111858,14267022,13381877,19317755,17397354,30968961,32630973,23372759,18050944,14199229,12462122,13114743,10134532,80268977,38087806
72,000415,2017-10-24,-0.004643962848297267,-0.007739938080495334,0.14397145006778103,7692.0,46578.4495473373,2017,31252884,8432000,2200989,1409375,14836145,3290346,5392890,2332886,3299101,1194276,248067,205117,1824773,0,964399,0,2486520,0
73,000416,2017-10-24,0.003911342894393766,0.003911342894393766,0.30423734498040206,10710.0,53788.07811002573,635,8717641,8202320,730777,320626,3325709,2141574,1762586,2191370,1187872,1537192,868417,1244406,365496,0,476784,0,0,767152
74,000417,2017-10-24,0.005592841163311046,-0.0011185682326622093,0.3468077360898995,9856.0,77134.42802537711,664,12061476,12856753,608340,964112,2814569,2214387,2057331,1852258,3144499,1799013,1264912,1505443,1016026,2392972,0,976256,1155799,1152312
75,000418,2017-10-24,-0.010303030303030258,-0.009696969696969648,1.6315992043423488,14749.5,37845.502742867284,920,12733629,8664657,1784926,883031,6660510,2909887,1818983,1851949,1591282,1492942,572268,681948,305660,347200,0,497700,0,0
76,000419,2017-10-24,-0.010101010101010055,-0.008658008658008587,0.3546416017258335,7568.0,59225.3634977579,381,7272119,2640362,455691,230219,1886122,785690,1743810,694249,1537726,930204,295410,0,0,0,0,0,1353360,0
77,000420,2017-10-24,-0.008928571428571397,-0.014880952380952328,0.1339914438398036,3330.0,48470.68288885402,629,6863146,3469578,847526,467335,1292146,1241343,1481469,537723,1331604,670403,0,220774,338308,332000,406593,0,1165500,0
78,000421,2017-10-24,-0.0014471780028942893,-0.005788712011577379,0.3265339435917548,5528.0,37113.45714413283,447,6785081,1397575,567752,254961,2300617,967194,1555466,175420,1158566,0,748600,0,0,0,454080,0,0,0
79,000422,2017-10-24,-0.003824091778202754,-0.005736137667304075,0.16615529685789207,10400.0,103819.86086374731,991,25607473,11249935,970287,778976,4460433,2625551,4096312,1765054,4323572,1569727,3027952,954414,1393567,957123,1791027,0,5544323,2599090
80,000423,2017-10-24,0.01065071491100067,0.004231105923548251,1.3276220048803584,68400.0,365442.0335791478,2665,270698469,222804115,812241,1138299,10966986,12073880,13704322,14942134,29593406,27807916,22288341,20050388,20060737,21831325,14279024,17486179,158993412,107473994
81,000425,2017-10-24,0.0,0.0,0.07565438100268627,5194.0,75247.30107130432,2409,33371987,22820602,2452449,2182766,10057349,5135473,4382578,2370844,4325864,2441901,3293160,6148251,1849260,1763153,882245,409213,6129082,2369001
82,000426,2017-10-24,0.008662175168431263,-0.0019249278152070337,0.27889848078009866,10440.0,60302.549583537395,1389,22929113,14463484,1423518,1040914,8084914,2808629,3718264,2417777,3434107,3492323,3321649,1138001,700509,1403716,839912,0,1406240,2162124
83,000428,2017-10-24,-0.010526315789473606,-0.012631578947368327,0.2886073390597025,6110.0,50432.16359845895,270,4452134,1810342,346156,288820,1301721,521745,725162,0,1213807,470152,865288,0,0,0,0,0,0,529625
84,000429,2017-10-24,-0.00583430571761967,-0.007001166861143604,0.3122172018004832,8510.0,89288.55112865202,753,17263235,6325404,1561153,556352,3108320,1551368,3026150,1737812,1359458,1020411,1427135,496813,1720722,0,862750,962648,4197547,0
85,000430,2017-10-24,-0.002002002002001957,-0.0010010010010009784,0.5797160073661015,7623.0,54586.68516586254,296,4172259,1308165,551405,217510,1562696,612730,848090,228825,358920,249100,0,0,0,0,0,0,851148,0
86,000488,2017-10-24,-0.008948545861297563,-0.013982102908277394,0.3556733620298742,30039.0,274952.05990285025,2528,144875998,84530279,1794283,1413503,14983272,9743908,14128562,10798925,19752543,15728593,13722870,10128196,9615218,9429993,7645884,5051132,63233366,22236029
87,000498,2017-10-24,0.003870967741935516,-0.003870967741935516,0.2061817821730247,5446.0,41175.70984159,1414,12742985,12850972,1521421,1741983,4264409,3807765,3236708,3319866,2005455,1075093,923504,983192,383344,360064,408144,422688,0,1140321
88,000501,2017-10-24,-0.019057702488088912,-0.012705134992059386,0.5128049232235382,22464.0,142838.1964149274,1357,59907587,23928045,1216242,716883,11059424,3797868,5947939,3198212,6956619,5388295,4416894,4480011,5294853,2478652,1755565,1716494,23260051,2151630
89,000502,2017-10-24,-0.032258064516129115,-0.04193548387096768,0.4136489588303994,17024.0,127691.26833564645,899,18990562,22668993,484300,938375,4469632,3544880,4870621,4169609,4768003,4208875,1226898,2895809,1038313,2408760,400641,0,1732154,4502685
90,000505,2017-10-24,-0.019417475728155442,-0.019417475728155442,0.4111423645838802,16905.0,114904.37880865866,759,29709155,9790592,447551,524585,3969947,2823722,4538908,1880068,5993717,1508746,2478158,1613196,1674210,939665,857548,0,9749116,500610
91,000507,2017-10-24,-0.015917602996254665,-0.019662921348314488,0.2027578393268825,33328.0,188043.49753352324,2778,117714006,107797709,1182999,1384811,13738282,13036426,16652648,15075438,27306079,23581289,15566292,14854021,12194826,9497388,7825080,4109885,23247800,26258451
92,000510,2017-10-24,-0.026200873362445476,-0.026200873362445476,0.2582901334930739,17555.0,89082.95813654759,1258,35428800,20490361,997096,1386806,5802363,5949229,7294250,3885855,10713389,4646169,3206419,1883420,1496431,1352494,0,490600,5918852,895788
93,000513,2017-10-24,-0.015222118670394469,-0.023299161230195597,1.2726953449042742,36661.0,261901.73148923466,2562,138290265,125880278,1503022,1167945,11302598,10776291,15112494,16678905,21881941,17381389,14618216,10692576,10194916,10549976,6673732,7425512,57003346,51207684
94,000514,2017-10-24,0.005333333333333412,-0.0013333333333332975,0.2391733595865036,13446.0,66066.54701299341,983,15765028,17992058,1038298,721245,4776207,4175026,3667539,3438724,3215587,3626183,1112374,1679846,1060423,1404356,894600,487730,0,2458948
95,000516,2017-10-24,-0.023853211009174258,-0.022018348623853212,0.13869733131138812,15544.0,166144.51496012474,1546,65554837,21970128,1214303,1001603,7335293,5216688,8092083,4724255,12044424,5251571,5625780,1626813,2885274,2181856,2561042,0,25796638,1967342
96,000518,2017-10-24,-0.004010695187165791,-0.008021390374331583,0.38583652128272616,7480.0,67446.41790522604,375,7583447,2617842,474398,300090,1753117,805482,974484,683796,1213343,828474,1413706,0,321719,0,0,0,1432680,0
97,000519,2017-10-24,-0.012048192771084265,-0.01575532900834109,0.301329379918416,12816.0,62581.34124506651,1282,25452013,16017092,1064724,1007173,7241094,5598475,5112765,2302170,5914726,3051363,2629300,0,1358845,1721889,898065,949288,1232494,1386734
98,000520,2017-10-24,-0.027932960893854775,-0.03165735567970207,0.12683061914924176,15600.0,181843.70956754655,1797,62621919,38105885,1035934,1588726,8009070,8481274,6326020,5871529,9693193,7750822,4669439,3566898,4950293,3153666,1818928,1274884,26119042,6418086
99,000521,2017-10-24,-0.005235602094240899,-0.008726003490401535,0.23863831335048744,7423.0,64514.463561239885,576,12805709,3897001,584614,440544,2442972,1272558,3144168,703057,2300456,1230173,2235866,250669,680640,0,456000,0,960993,0
100,000523,2017-10-24,0.002123142250530785,0.0010615711252652815,0.39643721775312424,8482.5,35271.7448388494,564,4804818,6283584,415405,869556,2371653,2418869,933594,1368885,510220,1252300,272527,0,301419,373974,0,0,0,0
101,000524,2017-10-24,-0.011857707509881465,-0.011857707509881465,0.48411829100889503,3801.0,40640.344267900786,682,5270133,4032634,543537,1029623,1596783,1323176,1235820,464888,371127,245555,0,507667,1009116,0,0,461725,513750,0
102,000525,2017-10-24,-0.0014333492594362784,0.0,0.583980566719359,16768.0,123680.07931858306,1285,30497428,30794548,840623,958340,6075289,6043881,4295398,4887121,5872373,5356523,3675796,2678962,938289,1313883,3553158,2188208,5246502,7367630
103,000528,2017-10-24,-0.0033783783783785104,-0.006756756756756799,0.20459275005339073,13230.0,66231.96619620922,1886,29374676,21225404,2106201,1085667,10735283,8282665,7564299,4994372,3319277,2053211,895814,1363739,0,348880,1724055,1260888,3029747,1835982
104,000529,2017-10-24,0.007263922518159882,-0.008474576271186529,0.391184795524396,4908.0,31851.393027312788,445,4680942,1350132,903948,196042,1399273,683508,1015532,224583,512889,0,533600,245999,315700,0,0,0,0,0
105,000530,2017-10-24,-0.007012622720897643,-0.014025245441795176,0.19784025300758903,2124.0,54853.87527358733,1299,11590973,7385840,519065,1622373,2475390,2524591,1656364,1050403,1608108,939520,1850364,498018,718620,750935,832696,0,1930366,0
106,000531,2017-10-24,0.004711425206124664,0.0011778563015312216,0.326915274449061,5136.0,57155.08508559373,674,7862365,4639818,774255,444845,2227977,2241159,1199016,563050,766494,787188,435997,215808,0,387768,908000,0,1550626,0
107,000532,2017-10-24,-0.017503805175038134,-0.019786910197869045,0.5635694016216579,13130.0,76534.52644057563,543,14330612,5975691,438622,308023,2604315,2147365,2228904,1548853,3477023,1436478,1668881,211896,1231520,323076,473427,0,2207920,0
108,000533,2017-10-24,-0.0009813542688910104,-0.0029440628066731422,0.7595452942547476,12192.0,51277.54944787708,179,3852509,702184,189325,40153,1405190,506006,1029530,54525,619050,101500,0,0,0,0,0,0,609414,0
109,000534,2017-10-24,0.014656895403064585,0.011992005329780175,0.5646020413128977,15330.0,52851.576144736064,706,10693861,12282345,436676,663957,4574189,4080546,2535012,2124156,1690641,2655914,451210,789843,1006133,1056163,0,911766,0,0
110,000536,2017-10-24,-0.0018050541516244634,-0.0036101083032491488,0.23335181630759783,11100.0,64727.23366639584,563,10738748,5485050,520758,345564,3539579,1276581,1808459,417161,1338348,1086161,1375146,240204,327450,722100,1277008,896880,552000,500399
111,000537,2017-10-24,0.04119318181818188,0.035511363636363535,0.298000825388574,34512.0,240128.65397693618,2239,94327438,150987408,935940,1229327,8444188,10741037,10296195,12263058,20170700,18013985,12438603,16795363,10169302,14306550,5970638,12369456,25901872,65268632
112,000538,2017-10-24,0.012906403940886824,0.016551724137931156,1.995600369796288,51450.0,504983.95412318996,2589,175160279,185438289,236115,0,15207693,9040444,18030347,17988024,28395814,24853195,13606765,17356287,11654135,13688853,9457296,9266650,78572114,93244836
113,000539,2017-10-24,-0.0019120458891014325,-0.003824091778202754,0.1785969779100219,2620.0,54149.836300950636,857,6694061,2369020,1668744,208859,1888713,351364,981528,166956,281391,0,491620,576490,0,0,0,0,1382065,1065351
114,000541,2017-10-24,-0.0010834236186348933,-0.00650054171180936,0.2732256156227248,9230.0,82044.56058068057,1141,27151843,13495908,1128491,1339554,5896858,3558417,4931110,3330573,4976914,2136657,3185137,1429017,935912,668702,1312546,462000,4784875,570988
115,000543,2017-10-24,0.0017953321364452268,0.0017953321364452268,0.24223794629241502,5013.0,109238.16265820853,528,9860854,4846061,641769,228329,2160347,843038,1980772,731895,1327147,360579,486499,270216,1040320,0,0,0,2224000,2412004
116,000544,2017-10-24,-0.0033370411568408587,-0.032258064516129115,0.5268781630676488,15795.0,74771.9229184376,1164,24691056,16160706,1027138,1114888,6017281,5116473,5745140,3059497,7684659,2426846,1732196,1189372,1351733,727440,419710,0,713199,2526190
117,000545,2017-10-24,0.006932409012131657,0.0,0.16462895770976407,11660.0,68270.16891771245,1229,19771286,21402784,1036971,1311841,4612363,5675069,4233762,4725956,3236137,4973079,1832934,2182274,999051,1060837,0,888728,3820068,585000
118,000546,2017-10-24,0.0648949320148331,0.03152039555006181,0.42357020422998126,16440.0,139182.15175749187,1460,33529544,58082841,1775930,721345,5322982,5797830,5177140,6288595,8270613,8768981,2579331,5554125,2774230,5084765,2687558,5515402,4941760,20351798
119,000547,2017-10-24,-0.018779342723004744,-0.021596244131455444,0.256233362643261,19959.5,115730.60564137565,1728,51394534,34595709,1002143,1177150,10065396,8356589,7261690,6131044,10481847,8182754,4848560,4644871,3565748,3283207,842764,877186,13326386,1942908
120,000548,2017-10-24,0.0,-0.00907911802853445,0.29213132682957293,7690.0,23707.71719632486,696,7178256,3566277,967630,445295,3497931,2259228,1359221,861754,1043649,0,0,0,309825,0,0,0,0,0
121,000550,2017-10-24,-0.011143410852713198,-0.014534883720930258,0.6127586531780645,20330.0,74165.98207187136,1134,30938203,17836395,749801,620847,5852707,6037964,6181247,3876032,7527710,2123267,3766366,1611983,2496031,2710106,1358265,856196,3006076,0
122,000551,2017-10-24,-0.007551240560949357,-0.014023732470334282,0.3795684428778312,13740.0,75234.7292264416,596,12732695,6681902,370985,765260,3210069,2348542,1761014,1238228,2475832,1587587,738355,439276,1434746,303009,496638,0,2245056,0
123,000552,2017-10-24,0.0026315789473685403,-0.010526315789473717,0.11095434125321917,4548.0,67478.29610206603,1176,17026866,8326019,924187,1264274,3853787,2428506,3119328,920996,2730951,819782,1227962,749673,1832044,675665,469558,0,2869049,1467123
124,000553,2017-10-24,-0.0013986013986014845,0.0006993006993005757,0.37434864268673596,10066.0,58266.78671422113,1459,26196557,20060164,2666820,1186255,6860941,5504187,5049094,3515492,4597610,6412740,1939532,2214480,1593238,310310,1771649,916700,1717673,0
125,000554,2017-10-24,-0.024581005586592042,-0.040223463687150796,0.23245174244124206,17200.0,97277.73616233219,1483,38638894,30726780,1338632,1510558,7812988,6082058,7272798,5510486,9060726,5643480,3146523,1788919,3653845,3032640,482125,2194162,5871257,4964477
126,000557,2017-10-24,0.023809523809523725,0.0219780219780219,0.16693347755935084,12122.0,91711.1091222259,1071,22758389,22584282,881717,842842,4638027,3893925,4646198,4062352,4595375,4642989,3266032,2422597,301077,2485281,488400,1373609,3941563,2860687
127,000558,2017-10-24,-0.009090909090909038,-0.012121212121212088,0.19731443215157396,12540.0,84395.660402079,1119,27780988,12526790,1026405,1243966,5626520,3763411,4556025,2787657,7375575,2064519,2068610,516120,2852669,715925,0,834843,4275184,600349
128,000559,2017-10-24,0.024096385542168752,0.013769363166953541,0.23300769581940076,33959.0,177464.39253761433,2489,103156403,119078338,1502313,992179,12662351,9816161,16591407,12092661,23651588,16657091,15204773,14539980,8853650,8445124,8502422,13461961,16187899,43073181
129,000560,2017-10-24,0.030247479376718678,0.016498625114573784,0.1995934593989294,47376.0,200194.93876097776,2994,167562284,168386947,1184417,1049911,13307461,12724802,20871435,18300057,28145719,31869107,18131538,21335446,21399743,11560428,14691867,14403608,49830104,57143588
130,000561,2017-10-24,-0.0121212121212122,-0.015151515151515138,0.31191706036061767,9840.0,71454.59059329807,1007,22199074,8662081,1123886,1452387,5386599,3506824,3199728,1964591,3491889,768404,2608811,969875,1015458,0,1816302,0,3556401,0
131,000563,2017-10-24,-0.00391389432485334,-0.005870841487279899,0.15399278218099702,10180.0,105920.0287866839,1102,28760323,12500673,1080570,812924,4211282,2912422,4693410,2471848,4084620,2530348,3361421,1510031,2352936,963321,1224864,1299779,7751220,0
132,000564,2017-10-24,0.005309734513274211,0.001769911504424737,0.15401775144988603,9673.0,107255.49543752328,1347,24894803,22616680,1117024,1251877,4999527,4759295,4356827,3916043,4518622,5267685,3224346,2275182,1010114,1011693,893731,456000,4774612,3678905
133,000565,2017-10-24,-0.016778523489932917,-0.017897091722595126,0.3732529175199886,8870.0,56550.17341487619,573,10579990,4902815,722547,589809,2461890,1587144,2078361,1341754,2349772,849616,1017128,0,1314862,0,0,0,635430,534492
134,000566,2017-10-24,-0.0007739938080495445,-0.0023219814241485226,0.586110925693727,13865.0,177247.9178337536,485,20997929,10801903,374121,342320,2220058,2026304,1377288,1973032,3672937,1576941,2366145,525120,1507945,1135686,922320,0,8557115,3222500
135,000567,2017-10-24,-0.012316113581936294,-0.016763599042080135,1.0813514566459843,14587.5,86755.46407680326,730,19570459,11763812,677666,643541,3802998,2879509,3270631,1747573,4843929,2340480,3109350,685095,1432657,703008,0,833128,2433228,1931478
136,000568,2017-10-24,0.019237435008665482,0.015251299826689602,1.0800157021600614,40719.0,324949.8416509624,2855,217626129,172602337,1156729,718597,14345136,14270392,18327646,15076869,25223758,24415233,16073076,18538500,11702169,14677120,10259652,7684862,120537963,77220764
137,000570,2017-10-24,-0.0056022408963585235,-0.007002801120448154,0.3822515399064687,14240.0,35771.1715064382,348,6099213,2725346,334401,172360,2757870,977547,1438230,914776,791680,660663,422032,0,355000,0,0,0,0,0
138,000571,2017-10-24,-0.01895043731778423,-0.01895043731778423,0.25278868756747497,6840.0,69847.39532989728,736,15051207,6897216,698188,615984,2652098,2697684,1753036,1337338,3083523,905342,1977824,627180,3119687,0,0,0,1766851,713688
139,000572,2017-10-24,0.023636363636363678,0.005454545454545601,0.12150030060441322,22240.0,180189.53774545965,2054,76313947,79642585,1399295,1078759,10544450,7187839,11979961,6585077,15088775,13192699,8946047,7660778,5735358,7012274,4362321,4503745,18257740,32421414
140,000573,2017-10-24,0.008561643835616417,0.005136986301369939,0.2003031892218812,5880.0,35756.76718399693,850,7676780,7508630,1182066,840458,1921874,2513955,1387998,1444432,2036453,1985905,1148389,723880,0,0,0,0,0,0
141,000576,2017-10-24,0.0006093845216332827,-0.0006093845216332827,1.1489542769408272,13128.0,56621.08593836202,203,5055832,1039568,264216,110065,1534479,331806,567844,147690,1394854,450007,474539,0,328200,0,491700,0,0,0
142,000581,2017-10-24,-0.00696594427244579,-0.010835913312693513,0.5411709441261511,30672.0,202004.1210370185,2280,124559663,81131571,1166957,710258,17529759,7229174,15632138,7308777,17841283,9736367,16542155,12906263,10187282,6932243,6739925,4580320,38920164,31728169
143,000582,2017-10-24,0.10664479081214107,0.054963084495488035,0.24613675926664974,29400.0,206852.58866404288,2459,82417088,112033902,1227661,1209564,12626861,10853078,14331478,12956161,16235153,18877653,10153845,13813925,9940106,12714345,3029720,6426560,14872264,35182616
144,000584,2017-10-24,0.0,-0.002631578947368318,0.4090831311426385,15130.0,92579.09882383383,1381,26651475,27143157,509668,1029735,6377393,5693732,4274650,3905743,6213872,8749592,2088377,1755718,2076983,2185782,1821078,911700,3289454,2911155
145,000586,2017-10-24,0.009966777408637828,0.0033222591362127574,0.8601696261958905,18200.0,95066.05608983737,441,12096611,9099511,226205,450451,1613105,1616234,2809527,1751171,3947228,4138083,413814,239460,0,0,491130,904112,2595602,0
146,000587,2017-10-24,-0.007884362680683377,-0.014454664914586135,0.21735266577536094,20277.0,176905.45890981724,1227,50873205,32165727,704406,1787669,7002882,3493160,9033282,3807079,6600524,3822802,5988775,1267809,3896236,4234685,2667834,2805263,14979266,10947260
147,000589,2017-10-24,-0.003780718336483968,-0.009451795841209809,0.2508479249230397,6850.0,72943.57826645438,444,8420826,4130373,430848,400206,1750453,1162812,1299765,642842,1565167,641743,1021758,265000,1052037,0,415540,470810,885258,546960
148,000590,2017-10-24,-0.015533980582524198,-0.022006472491909346,1.051727666704058,10689.0,80357.22293388708,215,5679865,2090270,233720,174518,783309,637949,1109486,201759,1726874,503862,0,0,305000,0,917476,0,604000,572182
149,000591,2017-10-24,-0.0016051364365972098,-0.0048154093097914075,0.17456736658040464,8034.0,73589.55982089581,1275,25383248,15721732,1385019,920519,5574843,2996608,4061329,2726673,7041862,2599773,1831145,1719332,2701093,1269000,1816832,1287294,971125,2202533
150,000593,2017-10-24,-0.09359190556492403,-0.08516020236087685,0.3344800118100577,22477.0,123996.90292865259,1261,44473492,37722451,507019,1022051,4626085,4758156,6440220,5754541,9364060,8163440,5861203,6642559,4764017,3236709,3060848,3040370,9850040,5104625
151,000595,2017-10-24,0.05739130434782602,0.0,0.14312772227550347,12837.0,70159.91882708589,1616,33223998,25454547,1599266,1101870,8490549,5578788,6590291,5808039,6785495,5901676,3174985,2180029,3032008,1716850,1831148,878475,1720256,2288820
152,000596,2017-10-24,-0.0062038404726736385,-0.013737075332348692,1.5254150389249357,26739.0,168213.14547767214,1972,85229550,67135424,1344513,1252122,12173582,8448233,10244187,10264314,11501584,8616513,8484250,6602883,8686065,6503603,2646705,4419150,30148664,21028606
153,000597,2017-10-24,-0.018363939899833093,-0.019198664440734592,0.2740720071323899,18992.0,77998.89322073062,1911,57618680,29086792,1841147,912525,12015655,6344780,11177170,6335632,13316602,7540366,7212149,3941329,5358878,1476672,3557782,409515,3139297,2125973
154,000598,2017-10-24,-0.005119453924914752,-0.011945392491467643,0.14622286642693663,16003.0,204773.8523100906,1608,59585160,38074272,1480374,1159124,6224264,7664481,8192494,5969499,6572051,6162682,5182554,3895744,4079687,1384445,2252267,2248981,25601469,9589316
155,000599,2017-10-24,-0.015455950540958163,-0.017001545595053957,0.24255876043854718,9615.0,92155.07656948865,711,18534522,7952602,385553,1041527,2716702,2551774,2785212,1624630,2419285,1664945,1768912,715166,2144053,354560,1811598,0,4503207,0
156,000600,2017-10-24,-0.008514664143803197,-0.011352885525071077,0.2439551972955448,14735.0,121135.99025847783,1878,56756035,29517396,1447663,1190622,9905124,6854647,9731392,6261053,9748657,6361206,6945205,2060037,3726156,652426,451930,1377428,14799908,4759977
157,000601,2017-10-24,0.010752688172043001,0.005376344086021501,0.2805141893977417,7470.0,138705.81241315755,703,13177198,16113252,1133326,352812,2836160,1376151,1481915,2430951,1279398,1364299,1228215,2703348,715890,2160592,0,854810,4502294,4870289
158,000603,2017-10-24,-0.0015174506828528056,-0.009104704097116834,0.4989568587036594,10552.0,41125.200100389484,697,10127777,6434259,735216,634865,4114952,2025029,1672781,1426449,2004291,1543175,1264409,495550,336128,309191,0,0,0,0
159,000605,2017-10-24,-0.02214502822405562,-0.019105514546244096,0.649713805038062,13740.0,62722.96533251467,1256,27649852,15021557,1191681,1206121,6012181,5464189,5670444,3130897,8212109,3701284,2410777,1124441,709720,394625,446880,0,2996060,0
160,000607,2017-10-24,-0.01806451612903226,-0.020645161290322567,0.28231963467143756,8404.0,62381.23707502188,753,15616264,5249744,842657,863786,3238221,2325319,2893512,1188787,3064817,652687,1782984,219165,1002423,0,1363415,0,1428235,0
161,000609,2017-10-24,-0.010218978102189746,-0.010218978102189746,0.6929974455696608,12303.0,62269.549740388735,390,6876668,4080795,406326,338834,1898349,1582686,616993,1235340,1525248,380735,1309273,0,333304,0,0,0,787175,543200
162,000610,2017-10-24,0.0060606060606061,-0.004545454545454408,0.8172593144053167,13120.0,65910.26025279234,260,5863441,2904482,299341,145089,1405926,941135,450368,793069,1891336,387067,805970,253266,394800,384856,0,0,615700,0
163,000611,2017-10-24,-0.01207729468599028,-0.015700483091787287,0.3979936493681956,8275.0,131894.2234670224,432,10492364,3210897,383415,547692,2103744,1423659,1355685,694025,1415851,305262,775955,240259,355139,0,417576,0,3684999,0
164,000612,2017-10-24,0.0,-0.0029469548133594925,0.34111111304159336,10180.0,95398.04382815314,890,15552047,11687222,737359,465579,4819001,3244119,2875006,1689512,2354480,870299,1230296,2021512,1293624,648835,429596,0,1812685,2747366
165,000613,2017-10-24,-0.01935483870967758,-0.020430107526881902,0.37156762455470455,10103.5,61914.3991749282,626,10273585,5354106,630036,736779,2867513,3236912,1405368,446719,1783088,367306,1151429,566390,303072,0,492800,0,1640279,0
166,000616,2017-10-24,0.00445434298440972,0.0,0.16827021996806954,11024.5,212237.97563798362,712,19109910,23539042,730770,565891,2479144,2984365,2641815,2268984,2676124,2992177,1390516,2607046,3454192,1346895,1908820,463496,3828529,10310188
167,000617,2017-10-24,-0.008982035928143617,0.0023952095808381646,0.5781735441045895,10017.0,35485.43096612675,834,8197883,6870794,1139296,404009,3155225,3254061,1623617,1518395,1431707,853654,0,506675,0,334000,848038,0,0,0
168,000619,2017-10-24,-0.007583965330444253,-0.008667388949079147,0.5402093071969826,9200.0,37131.88003575422,291,5204893,2179163,479396,271029,1701492,707505,1723626,510889,1034499,452381,265880,237359,0,0,0,0,0,0
169,000620,2017-10-24,-0.02083333333333326,-0.022321428571428492,0.17656600919427173,4606.0,200769.78457399632,1455,44702211,13550349,2337172,1004601,3477793,3689859,2583903,2882119,2099157,1697175,770915,1857803,1817731,655572,464085,432915,31151455,1330305
170,000622,2017-10-24,-0.00983606557377048,-0.011475409836065431,0.26655143567370826,12040.0,47948.00238127999,523,7571181,6328876,403010,546589,2053988,2205527,1634299,1690780,2020300,1344140,519600,240340,363600,301500,0,0,576384,0
171,000623,2017-10-24,0.012820512820512775,0.012820512820512775,0.4177535615465897,72292.0,332529.3365406056,3138,288708390,299637451,848214,601713,14803136,10978582,23021536,15477789,37393528,34964302,32963063,25023273,27103721,28924456,24295069,23774788,128280123,159892548
172,000625,2017-10-24,0.01412429378531077,0.008474576271186418,0.2783761466979144,39956.0,368465.1204624846,2588,188634875,244039588,1696000,1015352,13609020,10772818,16597159,10505758,19575374,19911560,13241494,14078163,8345055,11079598,9561708,7434950,106009065,169241389
173,000626,2017-10-24,-0.009691096305269542,-0.012719563900666309,0.5902375469673768,12291.0,78912.06369128927,782,16847701,10409590,847866,1113552,3808272,3256681,2780373,1720030,3068813,1606573,1036067,495966,1341555,398519,1841111,948383,2123644,869886
174,000627,2017-10-24,0.020224719101123556,0.019101123595505642,0.1732196953509418,24529.5,218567.09570288926,2644,110859300,131007006,2142602,1799568,12554906,11492031,11371717,13346795,13884755,17902991,8096383,14322575,8742634,8284802,6307308,9948186,47758995,53910058
175,000628,2017-10-24,-0.008264462809917328,-0.016528925619834767,0.4724376897691933,8667.0,36155.23433659955,419,6535719,2364773,510786,475377,1846420,1158283,2054055,731113,1425575,0,287100,0,0,0,411783,0,0,0
176,000630,2017-10-24,0.0033333333333331883,0.0,0.06419583706921708,12210.0,272161.98073631903,2204,70614308,98959964,1920728,1645847,8018849,8243221,6395149,6616224,9830198,12048631,6433825,5745079,6194029,7850925,1780380,5085609,30041150,51724428
177,000631,2017-10-24,0.0,-0.0024999999999999467,0.16239594304975222,7980.0,250945.48758648208,607,17405087,13246921,452837,706889,2601366,1780563,1247303,1237001,1410397,2226349,850146,705702,690400,735985,856653,898240,9295985,4956192
178,000632,2017-10-24,-0.010869565217391353,-0.009510869565217406,0.3379691820693536,13832.0,77328.93296841173,474,9644001,6855491,383360,397939,1945949,1759497,2282350,1384193,1467421,1222682,769303,1507077,733370,0,497994,0,1564254,584103
179,000633,2017-10-24,0.02989690721649496,0.050515463917525816,0.2029965270761916,26743.5,279581.3457932088,2292,121352693,116812948,950086,1829600,6694938,10901983,9592178,12433408,16470423,18448898,13902206,12935588,11042085,12369926,4776909,6237208,57923868,41656337
180,000635,2017-10-24,0.03742084052964878,0.033390903857225096,0.4270614492611295,20251.0,98674.30987432536,1656,40359462,41233021,1278591,1080207,8228913,8392122,7471381,6880138,9219816,8834835,3344229,5908812,2816630,4512884,2233401,2595058,5766501,3028965
181,000636,2017-10-24,0.007856341189674598,-0.001122334455667784,0.22476169449557876,17900.0,79056.97747469795,1572,36139808,34094406,1524258,1290217,9282700,6877051,6212521,6900578,8723337,8219625,3464267,4214513,3167111,1300712,2196577,400957,1569037,4890753
182,000637,2017-10-24,-0.0015243902439023849,-0.0030487804878047697,0.23682778388620532,4592.0,55528.731812929764,767,10561119,3860050,1185850,561536,2862237,1062866,1785252,514998,1059809,385647,1030493,239805,395620,1095198,475523,0,1766335,0
183,000639,2017-10-24,0.0,-0.0038186157517898778,0.6609611183621228,8474.0,80669.7257726877,1004,16363938,16278479,625252,1321353,3631609,3881978,2304511,2454843,3248525,2705266,1627542,2182404,363952,1310150,844784,1273560,3717763,1148925
184,000650,2017-10-24,0.0016366612111291534,-0.004909983633387904,0.1883969316018151,12120.0,74900.26920422658,1052,25858415,14210226,1412233,647217,5054178,2640642,5247165,3361821,4363258,3327713,2608644,2606728,2754546,711921,1862027,401940,2556364,512244
185,000651,2017-10-24,0.02330771138110599,0.021819985122737418,0.678873867292626,209049.0,1150153.9274032859,3529,880754576,990533577,337600,172176,6976822,5267058,18559520,16052638,56894848,44159809,52725116,52251241,47798265,46162561,42733609,39469290,654728796,786998804
186,000652,2017-10-24,-0.007692307692307665,-0.011538461538461608,0.1733546297458507,5703.5,68296.16175471469,900,16057435,6530474,722584,814276,3416539,2243811,2603232,1244409,3139138,1452728,1846443,0,1306187,336567,413832,438683,2609480,0
187,000655,2017-10-24,0.0037735849056603765,-0.002515723270440362,0.19971403054457093,1602.0,42906.419138291414,1585,11815546,14931820,844673,1668495,2586642,4812727,2546076,3457574,1660234,2763908,1521415,1185983,1383782,641634,1272724,401499,0,0
188,000656,2017-10-24,0.016771488469601747,0.018867924528302105,0.12831988404342032,12200.0,132090.37886383347,1384,31103349,42269519,1408487,1203860,5794907,5454995,4940784,4873573,3939991,5910040,2802817,4532351,1072544,3229199,3142134,4045489,8001685,13020012
189,000657,2017-10-24,-0.0014492753623189802,-0.006521739130434745,0.434719650214371,13920.0,68346.06717098824,1007,22699777,12926552,878581,905329,5999242,4099479,5209827,3226106,3955618,2941794,1411338,1753844,981898,0,1697167,0,2566106,0
190,000659,2017-10-24,-0.01591511936339529,-0.013262599469495928,0.1586084802642885,9300.0,85262.9257517256,565,13356596,7583244,303936,548960,2409929,2045357,1880403,1299988,2814123,2464103,1212067,700211,1116610,0,1328806,0,2290722,524625
191,000661,2017-10-24,0.005734230865120926,-0.0013712291199201587,4.39239611341827,48243.0,202130.38674756588,1334,70143204,67303319,1779,0,8867519,8551873,11610922,7646988,12047423,11457901,5630446,7601495,5145057,6415694,3670132,4121182,23169926,21508186
192,000662,2017-10-24,0.021645021645021467,0.009894867037723909,0.5376101577577319,21092.5,77736.90315181795,904,23066473,21745294,1107309,475712,3842121,4962498,4465393,5062902,9136428,4688898,2797739,2168594,352727,1637027,864140,429000,500616,2320663
193,000663,2017-10-24,-0.01085568326947639,0.005747126436781658,0.504934526511917,15870.0,73504.42392672255,962,21278031,16759874,954337,678322,5268882,3579559,4233771,3796807,6327043,4844640,1191684,1011978,688860,1011621,888846,0,1724608,1836947
194,000665,2017-10-24,-0.004302925989672857,-0.008605851979345935,0.46749706004621977,10449.0,75457.71775647148,617,13208965,5085891,722025,222981,3512719,1382803,1774067,839485,3221408,1200350,1891012,223108,346800,0,471648,0,1269286,1217164
195,000666,2017-10-24,-0.007918025151373964,-0.013041453190498209,0.5470304314429023,19260.0,116489.89011757761,1540,48430807,32815439,1146749,1212179,8582618,6132465,6987351,4949443,8019484,6834275,6717968,3905033,3676075,1615824,3114225,1303440,10186337,6862780
196,000667,2017-10-24,0.006024096385542244,0.006024096385542244,0.10694153779053545,6365.0,145788.72777138028,966,15999114,15644989,1277638,646916,2891974,2877938,2169439,2331767,1884285,2561027,1146026,942831,1101986,1025701,0,465650,5527766,4793159
197,000668,2017-10-24,-0.021803182086034045,-0.026517383618149593,0.7099589888950459,8450.0,64057.280822078,571,9043910,5740309,829651,497938,2814827,1232190,1738037,1446315,1444484,472730,416385,495752,741326,317786,419000,409941,640200,867657
198,000669,2017-10-24,0.0012626262626262985,-0.0018939393939393367,0.349911745106497,3166.0,23205.20669974609,2050,8081789,11310348,705780,4086088,2821126,4171428,2349526,2143652,992292,909180,0,0,784614,0,428451,0,0,0
199,000670,2017-10-24,0.004643962848297267,-0.004643962848297267,0.15396084347539116,13482.0,69236.87326181197,1763,34988061,26959079,1593429,1494513,8895652,7796049,7198324,5149588,7603976,6673559,3646520,2391039,2599273,687860,1267875,867521,2183012,1898950
200,000671,2017-10-24,0.05074626865671639,0.04626865671641789,0.13039902080828408,39704.0,302917.49254928704,2647,148779152,224251340,1286656,1450439,8950937,10252935,14269311,11924797,22295257,23769409,18440389,19243152,14366847,20951518,13440925,13631299,55728830,123027791
201,000672,2017-10-24,0.006091370558375608,0.0010152284263960087,0.21957474154666617,21802.0,92931.47492851902,2013,53535162,54016801,1588238,1914194,10712303,9422844,9958923,10365224,11643508,11435700,7367295,6097028,5070897,4270546,2184613,3901967,5009385,6609298
202,000676,2017-10-24,0.005714285714285783,0.0028571428571428914,0.4224803938404142,8436.0,67364.97421415159,1098,14160756,12643381,1635091,735231,5511753,2622858,2911912,1507327,2069885,2707081,1195808,410601,326656,386614,0,424711,509651,3848958
203,000677,2017-10-24,-0.01276595744680864,-0.01276595744680864,0.17592351955304894,9686.0,63978.02570271918,714,13244998,8321159,706777,742790,3384767,2665365,2975718,1098023,2194226,974639,1250648,1383100,1112796,349680,463000,0,1157066,1107562
204,000678,2017-10-24,-0.009732360097323589,-0.015815085158151,0.3595461179262965,8965.0,54177.01730996571,522,8929094,4439940,653171,603602,2882751,1155273,1296413,739395,1758879,1093067,267148,510000,351216,338603,1719516,0,0,0
205,000679,2017-10-24,-0.011428571428571344,-0.014857142857142902,0.3794471819942526,5202.0,28898.741629354005,531,5754410,2692638,857031,564530,1857966,1230138,1748246,298770,964047,599200,0,0,327120,0,0,0,0,0
206,000680,2017-10-24,0.0018214936247722413,-0.005464480874316946,0.1636044416659247,7111.0,67932.20305451036,1127,18918924,10016115,1171352,970426,4892064,2091376,2979879,2206116,2666798,2240520,1956304,713064,1671377,329348,0,904265,3581150,561000
207,000681,2017-10-24,-0.010515773660490613,-0.029043565348021994,0.6641635914229138,21351.0,43429.354100793826,904,14830716,13009235,683153,719754,4721543,7140371,4163150,1655007,4502102,1824333,760768,742719,0,0,0,927051,0,0
208,000682,2017-10-24,-0.009398496240601628,-0.015037593984962405,0.17345529220568892,5290.0,62415.94652710261,941,13456942,8608671,1058178,846473,2989032,2182672,2372398,1530110,1549024,2096151,1418422,922664,751314,0,425139,432193,2893435,598408
209,000683,2017-10-24,-0.0062893081761006275,-0.012578616352201255,0.08252218080604831,10428.0,196691.88338608606,1493,53496765,21086769,1253819,1085323,4758840,4258017,12178653,3956882,8125245,3527627,2887928,1538006,1971914,1300429,1836608,1366204,20483758,4054281
210,000685,2017-10-24,0.0,-0.002782931354359919,0.35166851683760647,6456.0,65586.06549543921,939,12838515,11724897,453669,1101976,3168279,2711623,3081374,1474617,3735349,2944370,1163294,892404,645300,332010,0,457725,591250,1810172
211,000686,2017-10-24,0.011099899091826293,0.00908173562058523,0.25647074095671746,15952.0,157890.97315513025,1493,45108898,66895600,2126884,999726,6359969,5599384,5311569,4249281,7486835,6781801,8521724,1979676,3459599,9657240,3512331,5679848,8329987,31948644
212,000687,2017-10-24,-0.012666666666666604,-0.01866666666666661,0.28444931302293186,38831.0,233713.46142556827,2784,174897766,112273109,1123659,1234934,15368322,11559008,18559315,14343330,27319093,23394524,20916454,13077529,14294414,9196786,12112133,7131757,65204376,32335241
213,000690,2017-10-24,0.0,0.007772020725388629,0.22791333954431098,9348.0,150484.6334034428,1148,33764117,18415944,1420220,986126,5445872,3154300,4816941,2388772,3213522,1799102,4384807,963776,2490912,1738464,0,1291313,11991843,6094091
214,000691,2017-10-24,-0.005464480874316946,-0.005464480874316946,0.535455099196812,14520.0,85559.4981475466,186,4996115,2319405,115144,125121,1084760,466725,813449,362049,402115,212990,691775,1152520,1119516,0,0,0,769356,0
215,000692,2017-10-24,-0.022556390977443663,-0.015037593984962516,0.3803528821622026,7860.0,86022.18957368283,305,6465639,4379727,319587,233965,1047899,852859,1116432,784830,958010,863258,1385800,293930,311610,371385,1326301,0,0,979500
216,000697,2017-10-24,-0.013991163475699508,-0.024300441826215047,0.5589866410897456,42984.0,902714.3876577539,2368,200291109,210600219,627466,1127455,8483257,11207043,11785078,14034610,18817300,21130247,16199115,16991012,13013284,15069172,8735834,9396372,122629775,121644308
217,000698,2017-10-24,0.004702194357366851,-0.0015673981191222097,0.2703991186903925,11792.0,90500.55558863778,556,11284067,8509756,351674,703688,2160954,2602164,1678502,1850554,2000818,1208780,247932,708632,1344384,0,447300,0,3052503,1435938
218,000700,2017-10-24,-0.00867052023121384,-0.013005780346820761,0.2621925559145383,10976.0,109136.54780512747,696,19641922,8280187,683215,657202,3248595,1876722,3791376,1835852,3478039,1388460,3161246,743248,1098444,341500,852330,868947,3328677,568256
219,000701,2017-10-24,-0.006472491909385147,-0.009708737864077555,0.4218427045483162,9808.0,68567.0404766631,858,16485158,8096625,1160557,397249,5284623,2323055,3037249,1381514,3225733,1341820,994048,685987,672313,0,0,0,2110635,1967000
220,000702,2017-10-24,-0.011709601873536313,-0.01873536299765788,0.31660684949713397,8550.0,35349.21494394888,727,9500590,6488608,623253,903971,3150384,2622996,2898028,1647209,2016431,1105568,812494,208864,0,0,0,0,0,0
221,000703,2017-10-24,0.014339152119700715,-0.0012468827930174342,0.4002139272714282,11347.0,68520.81476194068,1607,21182748,25533020,1516547,1926579,6354067,8316099,3963983,4952130,3889213,4412453,471881,1441576,1030049,1821039,1299032,899144,2657976,1764000
222,000705,2017-10-24,-0.007568590350047311,-0.008514664143803197,0.2683584512730055,1063.0,39361.600273707,1552,12141532,9236231,535843,1676578,3587394,2705141,2398691,1830242,2624202,1243049,1209966,663398,954619,0,830817,0,0,1117823
223,000707,2017-10-24,-0.009090909090909038,-0.015151515151515138,0.28927146552888816,6570.0,57802.793413533975,520,6648041,6060878,779840,572400,1640605,929794,1090761,1092447,1985609,787939,759426,991338,391800,1028960,0,0,0,658000
224,000708,2017-10-24,0.0023255813953488857,-0.0007751937984495916,0.4379753930538852,7794.0,54029.89953261352,867,12686391,10855346,456239,1083138,2987104,2810501,2670096,2925754,2999071,1984393,1972143,791123,324828,355926,1276910,403930,0,500581
225,000709,2017-10-24,0.016393442622950838,0.007025761124121788,0.08054021505636101,27027.0,309130.44466079987,2828,139551356,213955298,1792225,1586175,9813269,11627650,12967656,15885465,18104492,24712641,9600807,13947170,7031845,13212988,6397095,8926900,73843967,124056309
226,000710,2017-10-24,-0.010352636687156247,-0.018117114202523377,1.8172169209189164,24528.0,136703.46162864318,1157,43015011,24335489,762157,706912,6446461,4602343,6539687,5711743,9926502,6351982,5138904,1802475,4520875,3094304,2339241,490240,7341184,1575490
227,000711,2017-10-24,-0.0064239828693789525,-0.020699500356887834,0.3818437410953012,11208.0,66787.37877456317,1347,25627590,13694539,1899113,667481,7638321,4585878,3680621,4924678,4745502,1876037,1902789,447119,1669875,0,438292,439362,3653077,753984
228,000712,2017-10-24,-0.0025759917568264346,-0.008243173621844457,0.5347593866772657,25272.0,172255.0714032659,1317,57316217,41395031,1111008,933340,6133420,6083677,6474078,6270899,10762528,8087640,6687982,2782969,6350134,3813991,2076530,3584440,17720537,9838075
229,000713,2017-10-24,-0.008695652173913104,-0.014906832298136719,0.35309349793505534,10374.0,97173.9424562021,519,12588270,3767951,448962,602500,2431317,2029303,1867715,647691,2491527,171570,1642261,0,1389858,316887,468255,0,1848375,0
230,000715,2017-10-24,-0.009363295880149725,-0.01217228464419462,0.5087603913898049,6330.0,138741.4629980603,440,12432533,7017410,710071,199644,1552449,866352,1341017,773256,1910640,1513766,254400,0,0,378000,495850,470810,6168106,2815582
231,000716,2017-10-24,-0.006134969325153228,-0.012269938650306678,0.19562466594296066,11628.0,86064.40592560855,1111,24708787,15347901,1172109,806496,5824970,2959036,4748692,2618863,4528600,3485328,2336356,2445915,1303973,1087047,1380486,1426016,3413601,519200
232,000717,2017-10-24,0.013071895424836555,0.005228758169934622,0.151305041073445,32041.5,278836.736821814,2562,147639821,156530939,1414206,1623545,12418300,11845295,10574178,11779024,19463724,18440401,14631856,12683337,16100560,10029674,14237616,11753911,58799381,78375752
233,000718,2017-10-24,0.00365630712979903,-0.005484460694698212,0.19635684404419704,6219.0,96278.43697182118,776,14971112,10808314,609551,797957,2788346,2727001,2542110,1186220,1647367,1570911,1538873,656404,1019454,668218,854490,985423,3970921,2216180
234,000719,2017-10-24,-0.014548981571290032,-0.01745877788554795,0.3595209402449658,9220.5,35096.60836979815,822,11586907,3550822,777766,613466,6164114,1335738,1970268,680303,1612877,921315,1061882,0,0,0,0,0,0,0
235,000721,2017-10-24,-0.015647226173541973,-0.019914651493598945,0.25181487638933797,8328.0,79125.87271271746,779,15073118,6301452,718679,1055548,3054184,3112026,2862480,1542180,1557458,384398,1217662,207300,2391606,0,408480,0,2862569,0
236,000723,2017-10-24,-0.0011614401858304202,-0.0011614401858304202,0.27266546686888227,15570.0,133632.84937642422,997,34804854,22941533,921903,703973,4512040,4113186,2985730,4351631,4718722,4267849,3746490,3625877,2079569,2402559,3137180,469152,12703220,3007306
237,000725,2017-10-24,-0.0019120458891014325,-0.01147227533460815,0.08740181047189716,360777.5,1788103.4856110297,3600,1629581250,1809788330,63396,98863,3284581,3327381,12217571,9748241,48497603,41524124,52644462,54030777,62922573,59992324,48524174,52575725,1401426890,1588490895
238,000726,2017-10-24,0.0016597510373443924,-0.00663900414937757,0.3291838524568391,7223.0,37014.48406709279,1341,15792264,8931257,3096287,958022,5340410,2806597,3143216,2496128,3022197,784798,736623,1200852,0,0,453531,0,0,684860
239,000727,2017-10-24,-0.016949152542372947,-0.02033898305084747,0.06903684112326548,11466.0,263155.8389588744,1841,87760742,47518052,1441042,1497905,5751902,7468743,5813329,6872737,5427228,7654706,8571939,4680800,2042888,2378016,2215445,2595969,56496969,14369176
240,000728,2017-10-24,0.014139827179890041,0.01178318931657496,0.26387977216452807,30672.0,206785.16745378252,2328,103277235,133280643,1261532,1078408,11453276,9104237,11511567,10429346,22143543,21193106,10841124,11459963,7190598,12749519,11609923,8429929,27265672,58836135
241,000729,2017-10-24,0.006240249609984483,-0.0015600624024960652,0.17973233139507408,6410.0,57622.86125078213,1273,22007592,7642040,1003311,944010,7822048,1657226,4822518,1695723,2619808,1170464,2230147,556853,1408000,362088,0,0,2101760,1255676
242,000731,2017-10-24,-0.006053268765133013,-0.008474576271186529,0.26599948324483097,16520.0,122203.82850141248,964,22928986,21152713,761893,1026584,4090311,4588342,5106247,3936143,3735895,4340289,1947453,2167185,1412420,1987929,1718241,823495,4156526,2282746
243,000732,2017-10-24,0.011209439528023779,0.0070796460176991705,0.46671077073660155,11984.0,62369.18118834015,1319,19183476,21401807,1042799,1052207,6632754,5428554,4242676,3851923,4150007,4782653,673994,2302108,717600,695961,0,932477,1723646,2355924
244,000733,2017-10-24,-0.02306327616794801,-0.030751034890597273,0.4461950170495945,23282.0,195479.69367037478,1436,56505716,45589383,565286,1428762,6276949,7798199,7774489,7520152,9072404,7267618,5271921,6022941,5393829,4841933,3937956,1334980,18212882,9374798
245,000736,2017-10-24,0.08589743589743604,0.07051282051282048,0.3246842155216782,27936.0,211883.20323971836,2315,102211679,78507490,1091166,1594354,10512057,11081663,12317652,12965840,19925689,15456834,10906062,10033808,5184111,6704431,3923268,5239687,38351674,15430873
246,000738,2017-10-24,-0.010547463586137673,-0.015067805123053724,0.4728003997630727,19950.0,124714.00438219986,1773,67709414,36994098,1544424,1455499,8319155,9546947,11461958,5713587,13552809,8647579,8406923,3057170,4165825,2816173,5168422,1289589,15089898,4467554
247,000739,2017-10-24,0.0,-0.005494505494505475,0.3230769604053606,7270.0,40050.040521894305,507,6321921,4721972,464271,675531,1656845,1621679,1974037,973646,1040669,668893,1186099,782223,0,0,0,0,0,0
248,000750,2017-10-24,0.016042780748663166,0.012477718360071277,0.13230180696741903,5680.0,126235.72965891058,1801,26083704,45517929,952324,1853756,5221953,5773731,3813839,3828398,4928203,5821614,2387222,2772133,1314784,1011676,1768674,5472460,5696705,18984161
249,000751,2017-10-24,-0.0035087719298246833,-0.00877192982456132,0.139584037165646,14037.0,149425.30118212407,1670,49615983,41021598,1101395,1585735,5300229,8846447,4889957,6320054,5380445,7145913,5364615,3229623,4899718,4424970,3136260,2719916,19543364,6748940
250,000752,2017-10-24,0.005637773079633535,0.0,0.5434936516190453,15543.0,89179.52876849526,681,16310131,13263408,568469,591941,3197677,2660972,3434470,2964637,3753321,3433950,1218377,942948,1035429,0,0,897360,3102388,1771600
251,000755,2017-10-24,-0.0031007751937984773,-0.0031007751937984773,0.22060507804277912,9690.0,45373.297486915355,855,10146577,10327746,835837,979035,3549308,3636796,2473966,2370281,2057779,1753778,224407,504888,1005280,0,0,481068,0,601900
252,000756,2017-10-24,-0.004338394793926392,-0.008676789587852451,0.4666391946004429,16744.5,101268.65003534114,1564,42543476,30375368,1728562,974793,7236316,5221557,9220971,6030771,10259038,9232878,2330649,2811592,4393111,3304583,1306197,816140,6068632,1983054
253,000758,2017-10-24,-0.008333333333333415,-0.01388888888888895,0.19247967027555862,11464.0,156812.46424041202,1400,41585794,25844797,1084972,1542037,4276400,6070886,5373883,5899089,6025695,4705173,1898652,1589618,1447642,1419666,3135454,897385,18343096,3720943
254,000759,2017-10-24,0.006681514476614581,0.0,0.24732574596738613,12614.0,57259.02949571639,1319,12206737,13729037,983736,817170,3630246,8712899,2639950,953795,1855230,912217,488650,473726,706224,0,436990,450500,1465711,1408730
255,000760,2017-10-24,0.014084507042253724,0.014084507042253724,0.223481196012387,9515.0,69864.06522213967,1455,18770927,31020305,1130623,1633517,4158344,5922308,3652602,6481650,4337299,5752845,2726002,3400522,663388,3472839,2102669,1372012,0,2984612
256,000761,2017-10-24,0.0035906642728904536,-0.007181328545781018,0.14439035436477077,10573.5,113310.52078282028,1490,29802395,34249624,740048,1539500,5352482,6229169,3854740,5966064,5195068,5274998,3986050,5308614,2085874,2164263,1800622,1786066,6787511,5980950
257,000762,2017-10-24,0.012253596164091718,-0.00586041555673944,0.37140075459980965,43263.0,196945.00897155452,2555,129144416,144382308,1106297,1539693,10037441,12351869,15761924,14779449,24968230,25780436,18144415,19872262,13975305,9569405,12046727,9330097,33104077,51159097
258,000766,2017-10-24,-0.045300878972278524,-0.047329276538201404,0.379594892993466,16992.0,162066.3236038746,1523,49676794,32457911,1535800,1129432,6562997,6495519,9178065,6716674,10688596,6416022,4042652,2354221,1465650,1614645,934739,1780604,15268295,5950794
259,000767,2017-10-24,-0.008823529411764675,-0.0117647058823529,0.1254425634890083,4068.0,49466.080088986004,735,10070534,4835238,873303,402147,2965548,1307339,1564128,483321,1598783,1559720,484431,755237,1748367,327474,835974,0,0,0
260,000768,2017-10-24,-0.02014462809917361,-0.023760330578512456,0.36622895601223543,38280.0,229888.52739287433,2795,171303029,113119105,1582119,1516974,13995215,13847425,17118390,17628627,25179145,21639384,19019981,9531775,17463666,10946292,13196909,7798720,63747604,30209908
261,000776,2017-10-24,0.016120066703724456,0.01334074485825476,0.3598809958731629,36220.0,471656.4604214258,2499,163922154,287764394,920252,1894243,9878496,11061805,12037017,14627151,20702675,22540912,13300454,12253208,13837779,11658903,7805554,4490366,85439927,209237806
262,000777,2017-10-24,-0.008264462809917439,-0.010035419126328327,0.6376399171558392,10140.0,77966.88352095475,705,15942296,7028981,693912,718457,3565087,2177243,3207476,1111933,3419386,1230514,1765936,1145994,1020315,644840,0,0,2270184,0
263,000778,2017-10-24,-0.006441223832528209,-0.011272141706924366,0.1324917108048384,14168.0,124406.90503078014,2201,59779290,42964073,1429844,2049014,9539446,10888307,8134553,7731787,7983428,6913120,5172729,4519418,7828940,3134304,1351202,1801649,18339148,5926474
264,000779,2017-10-24,-0.0035545023696681444,-0.02547393364928907,0.47337969438023103,18238.0,88179.08692626451,1272,36362601,22476793,1178513,771986,7146214,5750103,6516201,5616668,7287824,6219610,2705638,1223575,2519102,2395952,1265379,498899,7743730,0
265,000780,2017-10-24,0.0,-0.001988071570576677,0.29697358499758386,11362.5,47043.31330666026,286,5259878,3106754,209768,176657,1376250,896584,1474629,582181,1118732,1245695,401598,205637,678901,0,0,0,0,0
266,000783,2017-10-24,0.01605995717344766,0.013918629550321304,0.20676059133939784,10373.0,198435.80480029847,2042,50948568,81961826,1978376,1785737,8934789,6914031,7103374,5750302,7906143,4323976,4298855,3273255,3019408,2089543,4079385,4884128,13628238,52940854
267,000785,2017-10-24,-0.03175965665236058,-0.03433476394849788,0.389133720833254,14322.0,77004.37387035893,896,24539777,9134079,717545,646496,5486962,3685701,3934108,2089797,3572532,1168636,4001704,752877,2079312,327084,877484,463488,3870130,0
268,000786,2017-10-24,-0.009205020920502016,-0.02761506276150627,0.4195129542657733,76096.0,549121.4634657679,3252,369967951,311712668,1318060,895634,12057037,10816500,17868134,19001800,33801349,36641358,34251791,27635097,30302900,25071050,24186237,24348882,216182443,167302347
269,000788,2017-10-24,-0.005893909626719096,-0.011787819253438081,0.44101209569701927,10150.0,47249.713302005905,532,8844388,5401748,386002,453146,2192632,2454573,1319351,968958,2320943,1261691,1834330,263380,302700,0,488430,0,0,0
270,000789,2017-10-24,0.018823529411764683,0.007058823529411784,0.1895713781205627,28064.0,210958.25426113827,2013,87677857,96691555,1023627,1603217,8197026,9263605,10577768,11221686,13016271,20202056,11380882,12933331,8410063,9409038,5740558,6179891,29331662,25878731
271,000793,2017-10-24,-0.0019398642095054264,-0.009699321047526688,0.3669108154782259,10220.0,146353.5470676996,789,24512459,11845150,835283,328635,3320382,1762890,2451110,1883941,3114196,1444065,3285158,1543735,2653374,1278384,1794307,0,7058649,3603500
272,000795,2017-10-24,0.0,-0.010928961748633892,0.17401623505100747,14680.0,83205.76831862734,1771,44041587,28318500,1502792,1553322,8728243,8264015,7569684,6844882,8375161,5747620,4299068,2605372,2774149,1704798,1775801,860491,9016689,738000
273,000796,2017-10-24,-0.003695491500369519,-0.011086474501108556,0.4409538869277599,10848.0,48911.172163688316,941,12177188,10730846,948171,801332,4026827,3568655,2761363,1871670,2445438,2697901,905691,630691,302834,676862,0,483735,786864,0
274,000797,2017-10-24,-0.0007836990595611049,0.005485893416927956,0.3203471422493156,25560.0,118217.21568299718,1587,45260570,47184351,972696,918603,7825368,6812270,11470610,7130605,10971223,10024542,5574148,5634904,2041163,2009808,0,3642943,6405362,11010676
275,000798,2017-10-24,-0.012903225806451757,-0.022580645161290436,0.43849782310899227,9130.0,25263.498803791575,449,5497295,2034215,741204,333102,2164743,1220642,1166298,480471,1425050,0,0,0,0,0,0,0,0,0
276,000799,2017-10-24,-0.01057622173595929,-0.014952589350838763,0.5501219628793613,27000.0,193574.57921105903,2485,107945621,69784604,1062198,1634349,13341554,13971080,13652016,12001867,16049567,13871511,12318544,6124027,5526830,3975242,4484784,1363851,41510128,16842677
277,000800,2017-10-24,-0.007930214115781098,-0.020618556701030966,0.24531761406936353,30975.0,306800.39000035997,2645,167098866,115216049,2027964,1222529,11622586,11670947,15952093,13541078,21728553,19072521,14182023,16537153,11718504,8928302,12647376,8309768,77219767,35933751
278,000801,2017-10-24,-0.018796992481203034,-0.027568922305764465,0.2239899192172894,14103.0,74794.62752933754,1270,32279542,14842317,1099637,1349129,8178989,4533351,6131224,3198521,4354628,2680526,3642600,1666751,3474072,996929,909364,417110,4489028,0
279,000802,2017-10-24,0.02443857331571997,0.02708058124174384,0.35457375946208247,22800.0,169192.45051025026,1824,67534954,74540909,1355548,1070216,9518140,8034371,8879386,7104864,11353637,11038831,7613700,6403972,6960765,7303796,5372984,7722028,16480794,25862831
280,000807,2017-10-24,-0.021364009860312172,-0.02958093672966311,0.22075288800740966,56917.0,267916.3877150679,3042,208128335,210960802,681364,995709,13210660,14172031,16801345,19814075,33463873,38329718,25067999,26619499,16064252,25746510,11211619,15479360,91627223,69803900
281,000809,2017-10-24,-0.002320185614849146,-0.009280742459396807,0.24330031090931817,8680.0,69312.58605096406,313,7435185,3577723,299123,340847,1233794,1283012,1043466,496487,1396311,856440,1403865,281017,362934,319920,1695692,0,0,0
282,000810,2017-10-24,-0.008325624421831601,-0.009250693802035137,0.4224584221582416,9715.5,56685.31061824464,654,11248449,4074559,753330,555066,3052177,1770706,2311842,697642,1969373,770543,1186138,280602,981560,0,0,0,994029,0
283,000811,2017-10-24,-0.008032128514056214,-0.01706827309236969,0.3289862467477761,9950.0,106673.73037592175,916,25382382,10433719,1503403,1045997,3839843,3187337,5490841,2260232,3712270,2790134,1512811,1150019,1679892,0,418758,0,7224564,0
284,000812,2017-10-24,-0.011750881316098694,-0.016451233842538215,0.3711563867177292,6712.0,48882.282873796794,525,8139320,2629192,734736,445623,2130217,979243,1921210,391646,1187938,528760,1117739,283920,0,0,458640,0,588840,0
285,000813,2017-10-24,-0.008894536213468918,-0.01270648030495558,0.2884658941400744,5453.0,34002.068138838935,744,9308387,4410817,976483,550138,3400012,1186532,2618103,896265,1344481,1459915,969308,0,0,317967,0,0,0,0
286,000815,2017-10-24,-0.03557951482479782,-0.03180592991913744,0.45052647804164647,19772.5,142385.00421611557,1698,59799711,29809725,1722709,909562,11427290,5001447,11454664,4977985,13621507,5837638,4853382,3516501,3351392,2347829,3487665,1780753,9881102,5438010
287,000818,2017-10-24,-0.01382886776145209,-0.016421780466724267,0.382396334231195,14820.0,121078.00730843666,915,31634925,12681091,647581,673333,6016759,3169270,3747274,1996985,3828594,2874908,2008679,2457811,1651336,1010710,2204268,498074,11530434,0
288,000819,2017-10-24,-0.013277006638503286,-0.01810500905250456,0.7179871081854415,11360.5,47021.06394685471,532,9579163,4471745,625446,510067,2241780,2051628,2332841,1479950,2130660,430100,430298,0,1366214,0,451924,0,0,0
289,000821,2017-10-24,0.008904109589041198,0.006849315068493178,0.3519247822733142,14390.0,84007.03415546891,1722,37767669,27623856,1959836,874539,9718358,5910081,8157233,4257932,7106173,5066958,4743588,3181278,3072963,2048811,919368,920155,2090150,5364102
290,000822,2017-10-24,0.01338432122370925,-0.01147227533460815,0.23411310164739624,21000.0,143152.5454806529,1997,65018894,48655039,963666,1485561,9254017,9614813,9287651,10277656,11616065,10981316,7211265,6531054,7244224,3640154,4816517,1783970,14625489,4340515
291,000823,2017-10-24,-0.011162179908076109,-0.028233749179251477,0.30752758299811267,31416.0,279110.64519919525,2456,155331011,118603283,1068391,1317458,10766323,12234418,10754832,12896765,20288929,18211886,13935559,16693079,11868129,10137116,7972847,6321837,78676001,40790724
292,000825,2017-10-24,0.014344262295082011,0.012295081967213184,0.09900570556848978,17465.0,259049.12536749145,2439,72676915,129153896,1539056,2311528,9872557,11250368,8148497,10835751,10601801,15892538,5925779,12927438,3281817,8343031,4113038,8259379,29194370,59333863
293,000826,2017-10-24,0.02390654713393081,0.013311600108665944,0.769333931578945,47450.0,291194.6021118552,2289,182011825,142495749,886136,677283,12120530,9481926,14417700,11160551,25419637,21872123,16565697,13843716,16819378,9371843,14378941,7977142,81403806,68111165
294,000828,2017-10-24,0.0,-0.005714285714285783,0.5136732811659305,12330.0,121338.57385127305,568,17575970,9766977,534873,315761,2860796,2286598,1866598,875067,2685589,794943,765470,788280,3498042,1533120,1856434,0,3508168,3173208
295,000829,2017-10-24,-0.052252252252252274,-0.05405405405405406,0.24248757966659426,15765.0,152530.80158374688,2099,76103340,45200206,1735083,1585860,8208335,8193243,10162928,7612472,10483550,11080667,5258561,4329166,6689547,3758982,6165223,1425416,27400113,7214400
296,000830,2017-10-24,0.03342884431709647,0.030563514804202274,0.18194242264084182,62930.0,305540.0699417058,3317,269027096,295121753,1227330,935453,16438698,10633541,22528209,16988520,35739289,35911170,30814545,31254441,27156122,26624271,19886040,23473721,115236863,149300636
297,000831,2017-10-24,0.001457725947521915,-0.007288629737609464,0.31262852734871655,23171.0,98827.30856011531,1926,58562662,49481819,1362621,1297223,9284824,9505618,9822919,10377038,14619223,12276815,7566619,7168319,4468154,2789590,3911257,1303932,7527045,4763284
298,000833,2017-10-24,0.0,-0.006234413965087282,0.3389620769844463,9636.0,35665.97972794126,559,7744478,4363626,677150,499101,3110088,2103531,1767099,970494,1238333,790500,495808,0,0,0,456000,0,0,0
299,000835,2017-10-24,-0.00736842105263158,-0.012631578947368327,0.40815433069761897,9490.0,62892.26280386667,541,10799739,4666477,475811,544051,3107950,1582761,2189191,744280,2589058,808204,500964,675765,0,311416,471000,0,1465765,0
300,000837,2017-10-24,-0.0026420079260238705,-0.005284015852047519,0.22823702537508264,15060.0,83775.22316528887,1100,25362927,19358613,953684,1226631,4941351,5132450,4565186,3811155,5111486,3101413,2361271,1904203,3214219,1842608,1382056,413532,2833674,1926621
301,000838,2017-10-24,0.031746031746031855,0.023809523809523947,0.15160848778025848,14950.0,94533.30557863424,1731,40297865,42213478,1649829,1369011,7681658,7126189,6335027,6274076,9126925,8310167,5331670,6370761,1658016,4777342,2261573,2592475,6253167,5393457
302,000839,2017-10-24,0.02930056710775042,0.03497164461247637,0.20129790041195245,50496.0,706383.7642566797,2765,309494609,410227672,1271953,1006052,11269868,9069162,15465896,9781048,23276151,17665318,18392492,16920878,16824193,17807981,19443917,16878637,203550139,321098596
303,000848,2017-10-24,-0.009478672985782088,-0.01706161137440776,0.29936609939852327,14665.0,129957.21129443136,1242,43705435,24173095,1145981,772677,5242607,5357899,4265423,4266186,7495935,4977393,6344776,443856,3364217,1719215,1729946,903425,14116550,5732444
304,000850,2017-10-24,0.0,-0.0038910505836574627,0.2842889511763065,3598.0,43149.07739540173,326,3821025,1564133,467275,170405,1067091,386372,501998,380791,603868,362370,718580,264195,0,0,462213,0,0,0
305,000851,2017-10-24,-0.025483304042179356,-0.023725834797891143,0.2999772945850894,22330.0,154485.9784400913,1440,66201785,35736136,642888,811172,7356354,5996110,7341580,6287725,9699486,7923118,7321630,6309557,7133500,2710750,2685747,1302290,24020600,4395414
306,000856,2017-10-24,-0.0158004158004158,-0.022037422037422094,0.4931610766928892,30940.0,160526.65122954623,2379,104416546,72184950,1181651,1598114,12835243,11651126,14104654,14064180,20554995,16539046,12377688,8584473,5025087,5784016,6768751,3167903,31568477,10796092
307,000858,2017-10-24,0.01825460368294629,0.015212169735788539,1.0723068761403105,124350.0,687971.1729022912,3392,519934860,487138706,308417,252246,11100790,7656039,25894448,19067157,49624593,40372155,49595267,37592493,42123401,32953383,32222227,30650624,309065717,318594609
308,000859,2017-10-24,-0.009689922480620172,-0.011627906976744318,0.15847198437396937,14392.0,173678.6886024944,1061,31956910,31078788,611488,870146,3896775,4519591,4084595,4616666,3749315,5903635,4746969,1819207,1746741,1700912,0,2792421,13121027,8856210
309,000860,2017-10-24,0.004914004914004844,-0.0004914004914006176,0.5101476629341007,20230.0,153709.84871279952,1591,51646535,53335462,790477,1114047,8109287,5341269,7406422,5444862,8998181,11343657,7171735,6417978,5471784,4001387,2982230,2886587,10716419,16785675
310,000861,2017-10-24,0.010869565217391353,-0.0027173913043478937,0.17714315557870383,5904.0,49839.793770859855,431,5608080,2780922,511387,333933,1585684,1021309,803328,413608,1508217,721669,463464,290403,0,0,0,0,736000,0
311,000868,2017-10-24,-0.022916666666666585,-0.038541666666666585,0.16678284659417997,60465.0,393746.7919076936,3320,300788463,215732647,1078925,1259723,14616084,12176937,23543555,20591100,40464342,39629043,31749132,26983287,26080321,21278381,18680092,13996002,144576012,79818174
312,000869,2017-10-24,-0.013746563359160135,-0.010247438140464804,0.9760984567547023,31895.0,184019.37765108404,1680,77776749,55460607,781603,956851,8596097,9171120,9745809,8535806,13797717,11399291,12973881,5978549,7821059,4414853,4474193,2538017,19586390,12466120
313,000875,2017-10-24,0.0,-0.006211180124223614,0.21048377067134857,9600.0,61610.73778749832,526,9332224,4846445,670490,526321,3032557,1487917,1041278,435623,2108101,442611,1340698,718180,0,671950,491100,0,648000,563843
314,000876,2017-10-24,0.017615176151761558,0.012195121951219523,0.1799546790258143,14820.0,175743.77121011622,1683,45500997,75727125,1715504,1061353,7346097,5676440,6291343,5751138,5760033,5251799,4551508,3146579,3884841,3485082,3089460,18448331,12862211,32906403
315,000877,2017-10-24,0.002382843526608447,-0.003177124702144485,0.2326777971726454,39091.0,184293.93507522944,2930,137970285,153189604,1060474,1394544,13623179,13050013,18271560,15785560,28757788,31814208,16165461,20133646,11179126,15893542,9984612,12337854,38928085,42780237
316,000878,2017-10-24,0.024204702627939056,0.015905947441217094,0.2596588873450022,73575.0,370732.01690022583,3104,250279396,296987832,920316,913927,12784936,10744978,19048222,18752312,37033094,37826808,28315443,31882163,23181349,25591074,16228729,25069292,112767307,146207278
317,000880,2017-10-24,-0.006357856494096259,-0.009990917347865502,0.5828057476141509,7668.5,33682.20883719209,356,4874846,1636140,347642,218684,1686615,717660,1264569,589496,789756,110300,454764,0,331500,0,0,0,0,0
318,000881,2017-10-24,-0.017391304347826098,-0.02898550724637683,0.41846841325073053,18733.0,71865.10096835469,1699,46825790,25517098,1190996,947795,10954435,8320413,8569183,6170133,10900099,5395394,5060534,2136169,5148734,1046033,2594454,410163,2407355,1090998
319,000882,2017-10-24,-0.008571428571428563,-0.011428571428571455,0.13924558031606635,6960.0,106397.60439392163,632,14149313,3235355,882893,484480,3151473,1524972,1749626,320820,1921878,293356,740242,254351,710954,357376,0,0,4992247,0
320,000883,2017-10-24,-0.004008016032064243,-0.008016032064128265,0.1274472619982909,2475.0,92063.850271574,1536,19740232,7524080,1821846,1100631,4194006,2102129,2117773,1895095,1018129,775892,1496352,996323,0,654010,466736,0,8625390,0
321,000885,2017-10-24,0.012594458438287104,-0.001007556675063137,0.4053676128818437,32095.0,103516.02129179247,2398,81334559,77765902,1465043,1339712,13794114,11428119,16611356,14834853,16539947,19164475,12127038,12009318,10543792,8354474,2980484,3881316,7272785,6753635
322,000886,2017-10-24,-0.01692708333333337,-0.02604166666666663,0.19196962558034214,15100.0,199469.14148449484,1603,68509159,32899721,1456843,1190168,8507341,4932759,8285842,5001824,9543085,6197923,3964148,4810035,6097135,2096831,4840829,2218528,25813936,6451653
323,000887,2017-10-24,0.012042147516307278,0.009533366783743169,0.657794580337688,20180.0,281451.00047593797,918,62165777,36898028,638564,543674,3781616,3510628,2997962,4669007,5775786,5082654,3805555,3540220,4587145,2720021,3424612,4422231,37154537,12409593
324,000888,2017-10-24,0.004608294930875667,0.0,0.5155552283160676,10850.0,66687.0621377363,442,5961654,5135888,530012,268911,2489613,1968367,1258791,452424,408428,557704,698090,485702,0,319780,0,0,576720,1083000
325,000892,2017-10-24,-0.004975124378109319,-0.011194029850746134,0.3709514645694818,7960.0,38422.8603966406,469,6772181,3581912,465993,521249,1812473,1702971,1826690,801421,1622820,556271,723405,0,320800,0,0,0,0,0
326,000893,2017-10-24,0.0012077294685990392,-0.006038647342995085,0.38002055126110906,8250.0,36286.482187232854,474,6591620,2917356,550830,649727,1746151,1287420,1790621,580238,1665577,399971,213052,0,625389,0,0,0,0,0
327,000895,2017-10-24,0.011023622047244164,0.012598425196850505,0.4996150073958251,33280.0,278397.1316523285,2586,137731451,166457200,1133776,978605,13557508,11243371,13110342,18913584,17712630,21576798,10780113,12579690,5905295,6513391,9228252,8072966,66303535,86578795
328,000897,2017-10-24,-0.009478672985781977,-0.011848341232227444,0.14079054373843897,8340.0,80371.64637711999,899,16978415,9701279,1014062,1052392,3258343,3031944,2237337,1824869,2953512,1739012,2793621,886625,700260,617077,468720,0,3552560,549360
329,000898,2017-10-24,0.0062208398133747345,0.007776049766718529,0.1312764245034107,32400.0,143889.8786091057,2404,50680793,95808694,1126520,2166301,7153080,25472859,8017212,9559351,10810324,12021146,3175933,6712563,4251716,6365893,4362733,4464573,11783275,29046008
330,000899,2017-10-24,-0.00137174211248281,-0.005486968449931462,0.33039304037343076,10830.0,74354.04280429722,486,12426201,3305997,651291,371561,2996421,1160816,1887393,863685,1152315,689543,1654169,220392,1329391,0,1274641,0,1480580,0
331,000900,2017-10-24,-0.0032414910858994395,-0.00972447325769843,0.12223109783448176,3696.0,52935.08236782889,2551,30618210,7824968,5921857,812762,7825058,3296845,3920369,1428025,4631569,1119972,735073,429697,2795051,328490,431977,409177,4357256,0
332,000901,2017-10-24,-0.002870470039469053,-0.008611410118406937,0.7672052386642374,22288.0,106603.7218483535,1319,37146857,29288764,771346,911972,6289928,7812034,6627012,6448645,5805693,5779578,4503213,2242738,2714152,1305907,918192,2605376,9517321,2182514
333,000902,2017-10-24,-0.021072796934865745,-0.021072796934865745,0.3243329672271802,6204.0,78173.97629480183,1036,24275909,9474164,1565436,365361,3778527,2157057,3535211,1859991,5181401,2750664,2685548,1158305,2059025,754337,899617,428449,4571144,0
334,000903,2017-10-24,-0.00992555831265507,-0.007444168734491385,0.1597937092263848,9811.0,69739.39806202841,636,10447695,10755256,703673,442962,3133544,1943250,1401576,1743702,1750777,4994867,732302,1172075,0,0,1676603,458400,1049220,0
335,000905,2017-10-24,-0.017130620985010725,-0.01498929336188426,0.27296861094219976,35672.0,269256.16827341967,2637,126453370,97832933,1422340,1278794,12674416,12362563,16431383,15776301,30734619,16546774,16316920,11869833,12497632,6855833,5704190,7011813,30671870,26131022
336,000906,2017-10-24,-0.006928406466512715,-0.013856812933025542,0.3128054414003021,7748.0,37092.96132367787,766,9354852,7398032,813603,647441,2839993,2315683,3965763,2244677,1256201,992946,479292,530014,0,667271,0,0,0,0
337,000908,2017-10-24,-0.008053691275167862,-0.012080536912751683,0.37539178471262724,10416.0,54285.14920660557,393,7679794,2486633,417132,261218,3080176,998505,1198735,453259,1334845,299289,521706,474362,392200,0,0,0,735000,0
338,000909,2017-10-24,-0.0075987841945288626,-0.012158054711246202,0.48158621182187517,13230.0,57090.33937041595,746,15372115,8747181,554855,596356,4513517,3391566,3891171,1832558,3228610,1455082,978160,811619,393900,0,1289902,0,522000,660000
339,000910,2017-10-24,0.0032558139534883956,0.006046511627906925,0.5208125431609262,8816.0,89514.0668385934,1707,28693704,29822031,1572270,2031392,5819321,5261401,3421979,6900974,5779386,4297358,2463182,3392416,1391836,1318380,1746755,2215130,6498975,4404980
340,000911,2017-10-24,-0.003555555555555534,-0.01333333333333342,0.38193233165963103,10143.0,60382.659633373456,867,15961256,8335105,694819,916694,3719194,3302903,2804431,1888671,2713493,2022597,1303293,204240,998548,0,895187,0,2832291,0
341,000912,2017-10-24,-0.022471910112359716,-0.017977528089887618,0.2360351138018038,10728.0,49478.94194508345,1422,21493255,17472173,1616191,1662412,7142084,5703450,4509276,4489181,3642436,3138266,2330026,489006,743325,1026840,446925,447499,1062992,515519
342,000913,2017-10-24,0.038812785388127935,0.035388127853881235,0.7000722756923977,17845.0,170493.46041188284,626,11899032,20836986,734864,351007,2385775,3010581,2604575,4300720,2471609,3211404,211514,1925140,1062327,1791306,0,0,2428368,6246828
343,000915,2017-10-24,0.0011132758140828258,-0.011967715001391599,0.9195326711374425,28504.0,193855.13369116202,1527,70795597,55949004,959714,532040,10040051,6238999,8567183,5967248,10490646,8291674,5081997,3471720,9167377,5321620,3106102,3569292,23382527,22556411
344,000917,2017-10-24,0.004835589941972973,0.005802707930367523,0.28026219620331144,14448.0,175620.3984022545,1361,46806746,49614278,868684,888680,5347243,5326291,5142387,4837871,8077890,5465557,4347719,5465681,3418483,4195343,4088636,4222628,15515704,19212227
345,000918,2017-10-24,-0.0014184397163120588,-0.005673758865248235,0.29280145695818266,13357.0,104248.20252270145,579,13623107,10584379,628641,438486,2624993,2252691,2412669,1580481,2122066,1947876,1532753,1176369,693093,1745341,420600,458250,3188292,984885
346,000919,2017-10-24,-0.003809523809523707,-0.0019047619047618536,0.36540234734517335,10490.0,57386.9190237028,825,13474066,12244711,1025290,217239,4651801,2046764,2509472,1884130,4012603,2548435,955396,2730424,319504,945300,0,842000,0,1030419
347,000920,2017-10-24,0.016393442622950838,0.008628127696289845,0.31877198162897086,21132.0,238104.21430400084,1323,39487092,42257375,849680,885811,7205143,6725827,6971214,4636274,6502241,5338423,4619924,5019250,3538054,2449116,1833610,1801524,7967226,15401150
348,000921,2017-10-24,-0.012499999999999956,-0.016249999999999987,0.3113483927884001,31620.0,204403.65552656702,2643,114574624,104392494,1825421,1261181,14138054,10699731,16075920,13160975,21349171,18585816,17039194,12658863,8026794,9602440,10090143,8588412,26029927,29835076
349,000922,2017-10-24,0.024752475247524774,0.013613861386138515,0.2890618298852124,16300.0,63738.084327996556,781,14124038,14095979,764300,757393,4072166,3400863,3304704,3400342,2835041,2920231,1285240,930541,1034445,1396469,828142,463140,0,827000
350,000923,2017-10-24,-0.016058394160583855,-0.022992700729926985,0.7729424913910076,16047.0,76251.61003434844,1258,25710237,14757932,898362,1030327,7593206,5819518,5007349,3512534,4188382,3116107,2293848,940458,379120,338988,828845,0,4521125,0
351,000925,2017-10-24,-0.009770114942528663,-0.014367816091954033,0.8185403477191244,13728.0,83944.94242208058,451,10323971,4252372,391560,351148,2114569,1975311,1633400,1453778,2440447,472135,235980,0,649191,0,430000,0,2428824,0
352,000928,2017-10-24,-0.0072551390568317276,-0.010882708585247869,0.2754335406223869,9876.0,64623.68111071431,901,19948272,9441884,979706,1069658,4471575,2516795,3534991,2654372,3965956,2394701,1424508,424704,2025994,381654,1722579,0,1822963,0
353,000929,2017-10-24,-0.012678288431061668,-0.011093502377178988,0.49624986888441386,11317.5,55350.83077101838,646,12201183,4843378,643819,702337,2859406,2437390,3247148,1228295,2730639,475356,494870,0,376200,0,442685,0,1406416,0
354,000931,2017-10-24,-0.021601016518424387,-0.022871664548919868,0.20601701589172192,15500.0,65869.61455045441,1460,34920842,20392277,1335871,1324556,8426345,6234997,6617451,4134814,9272698,3525131,4994499,1527842,2129397,980809,851943,956664,1292638,1707464
355,000932,2017-10-24,-0.004761904761904856,-0.004761904761904856,0.1746925731362354,24900.0,180694.71251925617,2317,88979601,91955610,1281583,1840376,9930036,11208494,10506073,12883214,16386840,16168033,11673715,13881442,5601708,7113463,4593657,5741343,29005989,23119245
356,000933,2017-10-24,-0.00391389432485334,-0.011741682974559797,0.1832494478696269,22352.0,221136.66614863742,3114,134960344,151229377,683788,3217481,9145970,14239786,11817290,16949554,17434716,28647048,15606226,15862581,8569315,13478150,7061405,13010852,64641634,45823925
357,000935,2017-10-24,-0.003218390804597737,-0.003218390804597737,0.4380201340351578,30211.0,118776.4334328416,2466,81221667,76433997,1230001,1265012,14010770,12864359,16009415,13187941,18167547,12856850,10537919,12403952,6493045,7534576,4435706,4934862,10337264,11386445
358,000936,2017-10-24,-0.012820512820512775,-0.017094017094017033,0.2816015084378669,9730.0,43560.02589241169,621,8506562,4130388,701586,461726,2785509,2405378,1637223,375060,1404549,555798,704314,0,681885,332426,0,0,591496,0
359,000937,2017-10-24,0.0015847860538829028,-0.007923930269413626,0.14097686548314042,14467.0,82399.83627394035,2007,45103840,22825189,1907608,1337206,14183947,5804740,6564983,4422038,5861202,3496688,3290391,2621357,1692549,715328,2663748,1378787,8939412,3049045
360,000938,2017-10-24,-0.01285008237232288,-0.025535420098846906,1.3969668571365008,29850.0,161021.78471934923,1888,90700303,47410928,1094787,790662,11025513,7612651,12319244,7664008,18775280,9734195,8429326,3686600,7531449,4370931,4533173,2219132,26991531,11332749
361,000939,2017-10-24,-0.011235955056179692,-0.014981273408239737,0.1545028345444213,12684.0,90387.80961876469,1196,30911967,18334050,1089574,634717,4997335,4808537,4766810,4406909,5268223,4936837,2562543,1913564,2886183,311856,1338674,480023,8002625,841607
362,000948,2017-10-24,-0.016088060965283812,-0.025402201524132195,0.5458777587386872,9340.0,56283.11382510766,468,8991638,4162711,637194,296865,1848450,1331751,1253564,1009736,1912021,351359,1978990,704600,1361419,0,0,468400,0,0
363,000951,2017-10-24,-0.017425519955030833,-0.02417088251826871,0.40653451701561083,10422.0,66448.17142319122,1917,42240034,21465546,1933352,1841972,7857340,5614999,12560380,6146445,7384885,4962011,4516805,1380615,2485905,1058578,842945,460926,4658422,0
364,000952,2017-10-24,-0.02633153800119692,-0.028126870137642257,0.44171549272863153,19752.0,128106.00547295516,1431,58532004,23457051,995812,1344060,8099113,6894022,6425994,5506655,9579158,5434407,6678034,1732058,5801663,1684544,2730141,861305,18222089,0
365,000955,2017-10-24,-0.010769230769230864,-0.010769230769230864,0.3403057574353601,23864.0,99161.1597093488,364,12030679,5666865,255017,184643,2863194,791220,1977617,525838,2423904,1572688,1198121,972634,706920,1619842,0,0,2605906,0
366,000957,2017-10-24,-0.0172009382329944,-0.030492572322126543,0.29084492210997553,19984.0,151455.9188584438,1935,64837421,48088635,1022166,1460104,8366677,9433892,11483701,9450932,12880371,8848840,3939780,3760567,2946277,4108201,3481912,1368440,20716537,9657659
367,000958,2017-10-24,-0.00712250712250706,-0.011396011396011319,0.1862033310762087,14040.0,86348.45602424776,1422,33207340,19412510,1321570,1327152,8508061,5046269,5009490,4190898,6329467,3282142,4477627,1343780,634740,1510560,0,467532,6926385,2244177
368,000959,2017-10-24,0.033033033033033066,0.027027027027026973,0.1459332755868858,7403.0,167512.60275766253,2091,40715732,58205400,2469396,2060913,5205656,6275748,3997240,5716354,5577347,7516697,5767168,8903280,2758988,4088379,1781892,1739450,13158045,21904579
369,000960,2017-10-24,0.0034916201117318746,-0.0027932960893854997,0.30321037201779877,24446.0,320242.2526407435,2231,107206268,85776486,1432788,1267060,9597518,9457204,10519335,12273463,14875426,17024973,10821922,9617134,7197485,7294588,5451926,8408893,47309868,20433171
370,000961,2017-10-24,0.012779552715654896,0.009584664536741228,0.16240281132231685,18990.0,134413.3488578324,1487,42272490,49960986,1231622,818781,6276985,6964862,5941339,6909089,8749039,8566106,4146374,4479715,4185358,5987112,2225337,1822415,9516436,14412906
371,000962,2017-10-24,-0.01388888888888895,-0.02182539682539686,0.3095481847397676,12837.5,74143.40921341884,1060,21205690,11209932,911566,862688,6539625,4425743,4193066,2276382,3435444,2398833,2342620,452775,1418730,353292,497499,440219,1867140,0
372,000963,2017-10-24,0.015563506261180748,0.013953488372093092,1.3241245083362516,33465.0,203595.46443354513,1782,97612720,71654594,1075658,645893,8935939,6926739,9758212,7165627,16947871,13227495,10675235,8030949,11672177,5621678,3148139,4433989,35399489,25602224
373,000965,2017-10-24,-0.0029761904761904656,-0.01041666666666663,0.23058795196652163,13360.0,76489.4116347504,849,16983975,11112618,771185,703908,4332601,4091874,3919656,2458681,2457614,1925573,2335894,0,731199,308870,411318,0,2024508,1623712
374,000966,2017-10-24,-0.006564551422319487,-0.010940919037199293,0.20146280295110075,4520.0,49089.641173820346,514,7693354,3210309,781559,381599,1841277,672967,1490873,244413,2648222,825064,0,749527,0,336739,931423,0,0,0
375,000967,2017-10-24,-0.01459143968871579,-0.024319066147859947,0.29300146678544153,14182.0,100199.70777763266,1231,36066314,18306925,984452,809830,6687162,4327939,5411755,4330865,5673432,4325215,3895420,1369129,1688150,1395933,946809,0,10779134,1748014
376,000968,2017-10-24,-0.004819277108433884,-0.005421686746987953,0.5432577384606745,16695.0,94128.99181715149,934,22022000,20305536,921196,664584,4399940,4928817,3366045,2499962,4795546,3786075,1742020,2514709,1972896,1375097,2807997,1327642,2016360,3208650
377,000969,2017-10-24,0.0030211480362538623,-0.007049345417925457,0.3373506635351179,10923.0,116708.887677326,866,23228209,18092193,1044518,992507,3107447,3984237,3200023,2642523,2935328,2411652,1907254,1717864,1052035,645737,4885456,455400,5096148,5242273
378,000970,2017-10-24,0.011104617182934096,-0.0029222676797194813,0.3291856597144865,46143.0,263198.78911858075,2703,162854280,140188652,1146899,1078125,12469746,11268788,19488182,16105955,31354719,26326296,20695534,13883715,17214691,11024816,6783232,8437907,53701277,52063050
379,000972,2017-10-24,0.028761061946902755,0.019911504424778848,0.1480915455037882,13282.0,77455.09137787568,933,16295080,21770929,998937,646398,3932074,4235475,2585630,3913739,4036994,4073070,2251702,2485329,1146982,1394385,815603,2799657,527158,2222876
380,000973,2017-10-24,-0.014267185473411215,-0.02075226977950717,0.20236317705284565,15320.0,97382.42584356607,1452,40230497,23483534,1178891,1414274,7606774,6136696,5705967,5494086,8394721,5867522,3891093,1385659,3439066,386500,1706351,407804,8307634,2390993
381,000975,2017-10-24,0.0028943560057885787,-0.005788712011577379,0.4504006665435412,12492.0,115622.0925669395,941,30932379,9592173,1484783,429391,4967870,2066166,5311075,1724096,5644005,2356537,2541768,1216112,1341032,323595,858201,414900,8783645,1061376
382,000976,2017-10-24,-0.012331838565022402,-0.020179372197309364,0.4272929930261965,13245.0,96034.51682334722,435,11217413,6617265,430634,456907,1963223,1961552,2163326,869833,3028179,852498,485304,275808,1403877,379260,0,888789,1742870,932618
383,000977,2017-10-24,-0.015069967707211918,-0.022604951560817987,0.3963185689865208,29136.0,182858.73775965732,2198,109434988,67063026,1253307,1664449,10133141,9874111,14162165,12085757,18937225,16948135,10817808,7078836,8922459,3016767,6357877,1828223,38851006,14566748
384,000978,2017-10-24,-0.01076426264800856,-0.015069967707211918,0.3372796811480772,9200.0,25402.742179308654,758,8149394,3393014,985604,487017,4715535,1112298,1648399,894829,799856,486736,0,0,0,0,0,412134,0,0
385,000980,2017-10-24,-0.024922118380062308,-0.030373831775700966,0.2749016362193142,17906.0,107406.9736574599,2183,67168517,37917386,1401278,1558858,12118816,10238911,11465271,7671294,13559660,8084130,4923125,1472232,5835439,2442104,1727605,890763,16137323,5559094
386,000981,2017-10-24,0.0052301255230124966,-0.0020920502092051096,0.3191074819760777,10604.0,94264.36224211863,897,19817223,18227967,1073318,696561,5062602,2190971,4362708,1753694,4334803,3948557,1803087,2769509,1023613,1051418,916764,1439223,1240328,4378034
387,000982,2017-10-24,-0.015037593984962405,-0.01253132832080206,0.14441197409342765,9073.5,154632.37531744246,764,24736147,13709512,635460,823744,2497374,2781408,1765881,1938578,2172478,3776771,1988802,1241019,2899023,1461926,1744924,435600,11032205,1250466
388,000983,2017-10-24,0.016260162601626105,0.009146341463414531,0.2106621223675593,17838.0,194899.06489644022,2183,77963477,106897769,2359702,1812236,10052286,7582926,8157296,7109093,10022182,10574647,8656751,9854335,6476728,5294265,4071617,9027929,28166915,55642338
389,000985,2017-10-24,-0.005437055625261311,-0.00836470096194053,1.0704619882670774,11857.5,40527.84193326816,498,8326248,4128335,562987,534094,2570362,1672669,1877500,1206052,1979371,715520,945052,0,390976,0,0,0,0,0
390,000987,2017-10-24,0.0008620689655172153,-0.005172413793103514,0.49474879788104037,10377.0,86989.93935433723,549,11355810,4593950,509071,562286,1974977,2176415,1380601,973813,2485301,521216,1404108,0,0,360220,882510,0,2719242,0
391,000988,2017-10-24,-0.015725101921957085,-0.026208503203261624,0.36543384469596407,23730.0,243914.3106711966,2209,118623430,66911031,2100809,1083291,10142164,8077047,13307907,8857158,20301356,14160233,13853735,7802139,10760895,8287808,4578063,5725914,43578501,12917441
392,000989,2017-10-24,0.002556237218813928,-0.00664621676891608,0.5524821760222651,19480.0,187415.49649488216,1253,50071644,29155762,1045238,1056991,5095495,5389828,5667755,6153186,8391228,5637330,3533888,3368985,3895069,1016829,1233164,457374,21209807,6075239
393,000990,2017-10-24,-0.006451612903225823,-0.020967741935483897,0.41942410726930296,23803.0,133436.41650995208,1967,60494324,56357626,1120169,1595906,9521840,10891471,10055565,10728837,13462911,11856908,6769882,5266393,5067916,2631910,3673441,3574823,10822600,9811378
394,000996,2017-10-24,-0.012125534950071293,-0.012125534950071293,0.4489346465765128,14050.0,76146.30164750188,975,23476473,16752592,759285,805765,5369881,3807552,4463830,2723983,4949266,4165948,1895468,2210828,2060725,1670345,1349706,1368171,2628312,0
395,000997,2017-10-24,0.0017897091722594016,-0.004026845637583931,0.4822175444031976,42626.5,195906.50082862956,2148,97836744,102967156,1113728,784600,10585034,9688660,11235645,19237982,17684808,20385131,15426523,13714258,7682207,3094564,4062136,7575995,30046663,28485966
396,000998,2017-10-24,-0.001145475372279492,-0.009163802978236046,0.6459499915549621,26260.0,191642.9663607076,1644,63214255,61930262,1028065,658395,9860337,6463608,10308438,7948071,11363020,8436833,7921898,7267587,1074432,4075614,3935459,3256137,17722606,23824017
397,000999,2017-10-24,0.0076871657754009615,-0.0013368983957220415,0.6101887398958923,24040.0,143879.82757602193,2405,82801591,83491640,1072413,1531304,12194808,13347412,11496967,11932398,17311509,13060507,9286832,8870341,9544691,8220257,4501760,4496797,17392611,22032624
398,001896,2017-10-24,-0.009287925696594312,-0.012383900928792602,0.2580511162330935,7752.0,75828.1059631409,626,14605560,6152178,773608,463503,2708009,1394598,2283583,1272515,3108536,1551078,1158392,739374,1384600,0,880910,0,2307922,731110
