,code,date,pchange_whole,pchange,change_std,amount_median,amount_std,length,sumsell,sumbuy,sell_vol_0,buy_vol_0,sell_vol_1,buy_vol_1,sell_vol_2,buy_vol_2,sell_vol_3,buy_vol_3,sell_vol_4,buy_vol_4,sell_vol_5,buy_vol_5,sell_vol_6,buy_vol_6,sell_vol_7,buy_vol_7
0,000001,2018-04-04,0.01779026217228452,0.02059925093632975,0.1794091152786874,154606.5,949810.5572575445,3548,704304772,823344609,293760,258330,8508192,7679127,25309360,19558118,62989323,49254846,49929765,42071437,40929530,31840591,43125174,36213998,473219668,636468162
1,000002,2018-04-04,0.015479876160990669,0.017956656346749478,0.542990646374863,174128.0,1501840.6607543177,3542,733674050,820698279,480686,284596,8330784,7428944,19353493,17616197,44902602,44895051,47103701,47878455,40038099,40713366,39388613,38055023,534076072,623826647
2,000004,2018-04-04,-0.009178321678321555,-0.02840909090909083,1.206485230867444,11145.0,30100.588510974227,359,4337031,2536571,355935,408290,1832658,1389961,409790,331131,1465648,407189,273000,0,0,0,0,0,0,0
3,000005,2018-04-04,-0.0026525198938992522,-0.0053050397877983935,0.14708375672471152,9794.0,52447.27842722543,657,7576058,5040140,1506347,486713,2388940,1418470,851457,740724,1127716,968454,552603,454006,376000,310648,0,0,772995,661125
4,000006,2018-04-04,0.0,0.0,0.15308677931882225,9321.0,113522.00185022422,2185,40218296,46377756,1739996,1764617,7078759,8237808,7300059,6957038,9990477,8003725,3163006,2951532,1751453,2121864,1419003,3652126,7775543,12689046
5,000007,2018-04-04,-0.020604395604395642,-0.005494505494505475,0.6256862246616968,14500.0,50992.79256849515,541,10885139,5754357,573013,343380,2968975,1996080,2000342,1291621,3702232,1554218,215305,222768,957728,346290,467544,0,0,0
6,000008,2018-04-04,0.002989536621823552,0.0,0.16779931970024994,5360.0,107891.10201502043,1591,21203606,31854827,2275777,1205444,3764010,4288790,2938597,2188677,3050100,3260989,2342385,1374848,2115618,3141418,401400,1373132,4315719,15021529
7,000009,2018-04-04,0.016233766233766156,0.008116883116883189,0.13494044131690433,14317.5,150911.55465441383,2088,67670782,59818690,2271958,1245141,8822485,6774049,9812140,6448162,12230514,10753413,8542090,7406132,5748373,4223131,4033832,3641095,16209390,19327567
8,000010,2018-04-04,0.0,0.0,0.15078290257793,4360.0,30156.951008964224,825,5233495,5121384,547036,1348221,1574338,1809729,1237514,725617,611723,815709,882277,422108,380607,0,0,0,0,0
9,000011,2018-04-04,-0.014819587628866038,-0.01675257731958757,0.4976924367566468,12352.0,65281.558431463076,972,17063717,12789679,1047928,961722,4672363,3697690,4181853,3013279,2726636,2249053,1438157,965621,306000,1088516,408100,813798,2282680,0
10,000012,2018-04-04,0.014864864864864824,0.0175675675675675,0.1841528180665724,12945.5,90498.06209745724,1616,32575642,39805032,1557917,1330672,7548120,6091166,5841041,5864131,5561734,6421019,5621102,5422960,2721022,6605452,831114,2291679,2893592,5777953
11,000014,2018-04-04,-0.027205276174773307,-0.018961253091508645,0.2903963437097671,18045.0,105807.53846514437,1749,49769510,32456555,1408765,1303620,8552204,8591326,8118267,5981173,9222395,6771314,4670473,3520230,4421952,1999213,1428318,406410,11947136,3883269
12,000016,2018-04-04,0.008498583569405138,0.014164305949008638,0.1485163806174477,21630.0,215235.13242073098,2265,66374692,103881696,1300727,1514579,9070531,9489216,11131028,12276626,12114661,19974792,6843074,12212959,6339822,6550868,6019935,4888247,13554914,36974409
13,000017,2018-04-04,0.007181328545780907,-0.0035906642728905647,0.26746937657525294,11100.0,51645.917113125855,433,5449299,5538912,393003,370238,2029855,1631935,1543418,963261,1203023,828014,280000,235620,0,0,0,949844,0,560000
14,000018,2018-04-04,0.0016366612111291534,0.004909983633387682,0.15925148711340903,15500.0,179135.91761011997,1473,31645773,55339831,1067916,1154886,4597888,7065350,5483069,9706449,3440446,12545136,2751595,6306751,987448,3838967,849538,4896912,12467873,9825380
15,000019,2018-04-04,0.0,0.0,0.5985221934627677,9024.5,1016044.2969786004,498,55069733,0,1075880,0,3839320,0,2114995,0,1280443,0,1469361,0,989112,0,450569,0,43850053,0
16,000020,2018-04-04,0.02066115702479343,0.025482093663911964,0.3470861710680322,19110.0,117282.27924320841,1753,40550438,55804301,1204893,1364581,7949750,7599662,8144734,7982007,11168271,11738960,4847396,6458897,3422491,3540147,2146660,2723580,1666243,14396467
17,000021,2018-04-04,-0.0341685649202732,-0.02050113895216399,0.18277701822530779,17480.0,128119.14187594199,2310,78747254,40384520,2480464,1604701,11963318,9569796,13233307,9381488,13770822,6938175,5069387,4340277,5519371,3181841,4922343,1724849,21788242,3643393
18,000023,2018-04-04,-0.022535211267605604,-0.00845070422535199,0.567296687519593,8850.0,48281.89879593438,979,11020802,12514504,632399,1415244,3371736,4516505,2571516,2408873,1698277,2081428,664591,1490589,1090328,0,456175,0,535780,601865
19,000025,2018-04-04,-0.017379679144384985,-0.0117647058823529,0.8698300561293919,22187.0,65974.94554849785,1849,38427711,38471149,1228095,1116898,11053822,10690773,8524972,8011630,9320380,10112830,4261724,3571908,1993984,1722131,900906,426930,1143828,2818049
20,000026,2018-04-04,-0.03451327433628326,-0.023893805309734617,0.37688550212117383,13224.0,91157.17473213613,899,23324652,12940369,707086,734707,3803475,3988766,3384153,1532440,4899111,3056229,2216119,1693974,3050005,336027,465410,437976,4799293,1160250
21,000027,2018-04-04,-0.015332197614991494,-0.011925042589437829,0.18429484072563143,6424.0,124398.0130971007,1015,23283949,8897837,1308409,861169,2839887,2785188,2464947,2624511,3777456,1778793,1001272,430651,977229,0,1910444,417525,9004305,0
22,000028,2018-04-04,0.043771626297577804,0.04083044982698958,1.2276412872759492,18048.0,191482.31228609363,2221,66357579,101580190,1018104,2869857,10100085,8914943,7894742,8251447,9780822,11101058,5366368,10152198,3364714,10114608,3666009,7350266,25166735,42825813
23,000030,2018-04-04,0.0042918454935620964,0.0028612303290413976,0.19301763310107004,2127.0,38819.991071411605,1313,8524242,7534486,1494848,885876,4015548,1457583,1411644,1035745,571811,1544338,211200,698785,352704,686465,466487,0,0,1225694
24,000032,2018-04-04,-0.012698412698412653,-0.00846560846560851,0.329557491263231,9530.0,52783.816976961,822,11136291,10452776,913607,994124,3618558,3432949,3228695,1810235,1480454,1656321,1218655,463494,676322,349232,0,413909,0,1332512
25,000036,2018-04-04,-0.014354066985645786,-0.009569377990430672,0.2160128475493672,3324.0,73773.46231737139,1499,19556420,12854539,1172580,1333447,4329427,3862819,2956124,1494090,3201431,2442929,740154,1460462,1052892,676374,1296850,416328,4806962,1168090
26,000037,2018-04-04,-0.015827338129496438,0.0057553956834532904,0.33733858444368287,9730.0,130517.14421309973,424,4975021,10565457,423077,368638,2185549,1483701,566632,534435,477068,688013,0,692070,692330,0,0,0,630365,6798600
27,000039,2018-04-04,-0.014050091631032435,-0.0024434941967014234,0.3343205247560741,19956.0,114383.99232328245,2399,73899243,59339626,2186602,1621984,13215861,10496032,12040190,10102824,15835948,11079007,8100728,7881570,7192844,5854384,1369765,2350692,13957305,9953133
28,000040,2018-04-04,-0.0008576329331045907,-0.002572898799313883,0.32752831142061534,2330.0,105314.67086325485,1269,17254651,11688479,903941,1841382,1680977,2245066,1925987,1593466,1975363,1511861,1413577,1595553,1394544,717700,1787288,988661,6172974,1194790
29,000042,2018-04-04,-0.011564625850340127,-0.0006802721088434716,0.6700927100338103,2950.0,23832.968914172303,481,3271001,2077972,595526,380648,1406832,1159212,326663,220592,477880,317520,464100,0,0,0,0,0,0,0
30,000043,2018-04-04,0.00330760749724357,0.0011025358324145973,0.4230066111277113,9150.0,79891.88107419436,459,9140609,7922104,223711,639297,1974116,1726713,1376856,2363454,1590441,910638,449990,1225898,1091200,1056104,906000,0,1528295,0
31,000045,2018-04-04,-0.017045454545454586,-0.01363636363636378,0.2351627413662346,10536.0,91754.27210972649,1401,18142253,25086984,1212417,1486120,6187521,6325766,4284987,4147107,3440658,4302122,1959470,1617603,0,1091500,0,823712,1057200,5293054
32,000048,2018-04-04,0.009987515605493158,0.012900540990428588,1.3133976151815412,9734.0,35180.57796881461,334,3339434,3212989,338996,325339,1501909,909999,297084,1062679,728454,914972,472991,0,0,0,0,0,0,0
33,000049,2018-04-04,-0.014622500746045763,-0.0014920919128617038,0.824952917575732,13480.0,59305.41974086567,1650,27194588,27507007,877867,1113287,7740983,8879558,5761539,6024716,6551608,5106855,3634026,1413425,1554925,2059276,401640,0,672000,2909890
34,000050,2018-04-04,-0.0025348542458808465,0.010139416983523386,0.3192647277251665,31231.0,128255.66135583086,2444,87879123,87260766,1642203,1208367,13896458,9757764,17115268,12580198,15167270,15952456,14800675,15069623,8847505,7679529,3125459,7115949,13284285,17896880
35,000055,2018-04-04,0.0014164305949009304,0.012747875354107707,0.1691458348299312,10702.5,81600.8595973237,1744,28150023,35761880,930996,1188389,5377867,7015396,4642509,4621246,6100420,11034853,4758186,3201736,1333930,2340558,2661841,1845523,2344274,4514179
36,000058,2018-04-04,-0.018604651162790753,-0.0015503875968991832,0.28458154627996596,6460.0,41109.07848435349,513,5592484,5640657,702963,354570,2151728,1428663,905619,1438516,1089318,1110527,422151,976983,320705,331398,0,0,0,0
37,000061,2018-04-04,0.0175675675675675,0.006756756756756799,0.19841257143059515,14680.0,175237.00153378517,1392,26129018,41731596,1045991,1352618,5355457,6376223,5705117,4956285,5473879,7072132,2186287,5393322,3359140,2258293,1285848,1377465,1717299,12945258
38,000062,2018-04-04,-0.029260780287474364,-0.015400410677618104,0.6999882913947858,9675.0,40850.65952997483,774,10724295,6366513,1089846,826829,3323257,2347372,2330770,1352118,2119442,1485294,1055192,0,0,354900,805788,0,0,0
39,000063,2018-04-04,-0.006953642384106007,-0.001986754966887383,0.5168166416563329,121120.0,472433.0505705029,3415,441297854,441907639,684063,689560,10853563,8811166,22171760,17623773,53479716,40700404,46051365,32529387,47949801,33077792,34071958,28492375,226035628,279983182
40,000065,2018-04-04,0.0071727435744173285,0.013150029886431547,0.42816092280273027,18843.0,94909.26695386133,1527,29812912,36792209,1088313,840489,9040581,7654872,7785714,6665050,7513784,6965162,2018654,3410853,1077198,3868080,0,1788410,1288668,5599293
41,000066,2018-04-04,-0.010778443113772407,-0.015568862275448958,0.14834065961701562,41625.0,361645.6315766926,3176,231281719,210201083,1675809,1361330,14257461,15487913,17844655,18212189,26181290,25416172,20429184,22211044,18789696,15459242,19149259,12297123,112954365,99756070
42,000068,2018-04-04,-0.008695652173913104,0.0021739130434783593,0.16118359688987285,2772.0,45212.66687023086,815,9008627,5984339,780359,571207,2338224,1762803,2412033,1297581,2368619,1076318,269433,446270,368460,360041,471499,470119,0,0
43,000070,2018-04-04,-0.02502606882168923,-0.017726798748696537,0.23698464129853844,13328.0,77461.25140426097,1639,38700134,20443968,1609674,1111927,9125763,5109261,7233730,5646450,9097419,4377297,3469299,1090871,1092231,612356,1884278,867552,5187740,1628254
44,000078,2018-04-04,0.009983361064891838,0.011647254575707144,0.12836206712299067,14688.0,107649.65852257973,2197,53282358,60893153,2000136,1281049,8125314,9586931,7187966,8522839,12999918,13353860,6896080,8822275,5209718,4278092,3096365,3971789,7766861,11076318
45,000088,2018-04-04,0.030178326474622708,0.012345679012345734,0.21669637812772344,7350.0,78230.05614620616,1132,15152735,19806086,1008714,1162023,3817300,3363768,2802320,2889155,2554938,3575883,1942807,2635781,974143,1472484,859572,971473,1192941,3735519
46,000089,2018-04-04,-0.0012437810945273853,-0.003731343283582045,0.2166874564893422,4842.0,64459.755666689685,1377,19565445,9987217,2137153,1106495,4042877,2861816,1826539,1981452,3917458,1384447,1642349,1160331,2082405,686874,1243464,805802,2673200,0
47,000090,2018-04-04,-0.014568158168574263,-0.018730489073881307,0.21746350043665194,3824.0,64851.32803168205,1954,26226483,13132717,2798774,696480,6127497,4130452,4858779,1989933,3245844,2540109,2934409,1169444,996582,950337,479000,484242,4785598,1171720
48,000096,2018-04-04,-0.005766062602965416,0.0024711696869850197,0.7606249867383671,2442.0,17912.28265748774,254,1542024,903570,358223,206115,712545,364687,348238,173711,123018,159057,0,0,0,0,0,0,0,0
49,000099,2018-04-04,-0.02444444444444449,-0.01777777777777778,0.1906692003582711,17820.0,117817.45659942941,2232,74434989,45178024,3058414,1414807,10190764,8008908,11062026,9252324,12916641,9502509,10959806,4547441,4595009,3119708,4892854,4030685,16759475,5301642
50,000100,2018-04-04,-0.005780346820809301,0.0,0.06478773877535371,11319.0,233430.40332630204,2884,98919335,92008988,2829772,2015395,11766173,9082578,7832177,6078351,17315069,25596664,4454245,8054819,5860978,6253787,3511040,3191933,45349881,31735461
51,000150,2018-04-04,-0.0021023125437981127,-0.0024526979677645944,1.7266165496647303,8478.0,13705.023853181461,273,856479,1685784,159963,716677,423532,775103,272984,194004,0,0,0,0,0,0,0,0,0,0
52,000151,2018-04-04,0.024471635150166815,0.02502780867630694,0.31296383170508213,79948.0,349955.3868756576,3312,285648626,292029531,782190,869464,11401076,12471644,22311551,21806818,42142449,40406787,34533359,33924296,23675275,24028362,20916012,22841681,129886714,135680479
53,000153,2018-04-04,0.07913669064748197,0.07913669064748197,0.1784424173307481,23400.0,329233.5473583332,2202,126709004,78347284,1864094,1522429,13117991,7689584,12238654,7765180,16991864,11461394,7971979,4532888,10452186,3711377,6583802,4835032,57488434,36829400
54,000155,2018-04-04,0.012968299711815456,0.0,0.17745412942450706,22400.0,125825.92086336993,1531,44038002,51199924,971405,1284178,8079773,6786512,8055704,5815911,8780183,10829984,4592210,6588632,4912086,3321616,3859758,3423642,4786883,13149449
55,000157,2018-04-04,-0.004739336492890933,-0.004739336492890933,0.1079600719561671,7140.0,127952.562262908,1533,38745174,25345280,1536415,1137587,5275660,4116980,9980050,2913709,6654091,4174443,2669731,1403067,1413296,1029274,1768769,1719228,9447162,8850992
56,000158,2018-04-04,-0.003783102143757766,0.003783102143757988,0.20355767709640138,14292.0,40877.77930973775,1521,18903144,21619512,1487954,1470027,7378957,6557410,4441209,5256398,3884004,6316362,961984,975552,341116,1043763,407920,0,0,0
57,000159,2018-04-04,0.008830022075055233,0.013245033112582627,0.17280641493266966,2754.0,43965.974489902335,687,5946416,7966419,712333,402928,1721111,2096722,1138692,2117373,1490543,1502147,518164,1181568,365573,665681,0,0,0,0
58,000166,2018-04-04,-0.010101010101010055,-0.0040404040404041774,0.1324723040033755,9920.0,98968.03229380744,1399,25944065,18393115,1475027,1148100,6127860,6718734,3241713,3885867,4555907,1519929,1962176,1248893,1023976,651840,1900501,409365,5656905,2810387
59,000301,2018-04-04,-0.01171303074670571,-0.01024890190336758,0.19710509032420595,13540.0,81648.82392916548,1201,28854028,17943829,1152999,935357,6060677,4453166,4766461,3676123,6254280,3015384,3960962,2117377,2114266,1392761,1296419,1728302,3247964,625359
60,000333,2018-04-04,0.003597122302158251,0.009087466868610283,0.8888917908275782,226212.0,663996.3355545327,3532,732206587,770527617,134207,144854,7008899,6183621,15472173,13486983,48662628,43250198,56122703,53136699,53304352,56000097,43329463,40673897,508172162,557651268
61,000338,2018-04-04,-0.0011655011655011815,0.005827505827505908,0.14691434234477466,53039.0,354502.3499797985,3418,234506356,290279134,1054860,963189,12957592,18915020,20037084,21591516,34813240,38083937,25916394,29836723,18151569,21844578,19664662,18448521,101910955,140595650
62,000400,2018-04-04,-0.01172227231740297,-0.009017132551848439,0.2939646157247595,12122.0,58968.70167832095,1423,30145560,15393902,1537325,879133,10806114,4588333,4310702,3811798,5828351,3193437,2745916,1642475,1693257,306084,1797090,419862,1426805,552780
63,000401,2018-04-04,-0.019622093023255793,-0.008720930232558044,0.2596138924243155,24056.5,224010.23184589445,2812,133046216,100991003,1781781,1613264,12517824,11265834,15128232,13737076,18054115,19741136,13108164,10629921,10049880,6729152,6286086,4431396,56120134,32843224
64,000402,2018-04-04,-0.008368200836820106,-0.0010460251046024993,0.19833213627164728,2880.0,71377.15845827412,2326,32545474,22813056,2535930,1707969,6771598,4607331,5760171,4703578,4658128,7699359,3056281,1805350,1036990,1405474,845592,883995,7880784,0
65,000403,2018-04-04,0.002637652489284603,-0.006264424662050683,1.9420707710005294,15075.0,104446.15505607448,243,4129646,7665089,104778,374215,498088,1005713,855501,1146318,491997,1646037,208932,802348,308550,2284706,0,405752,1661800,0
66,000407,2018-04-04,-0.01845637583892623,-0.006711409395973145,0.1940215417455088,4172.0,37749.17418703936,944,9437729,7197834,916562,855118,2691439,2745093,2644619,1022009,1403329,1561023,1446170,1014591,335610,0,0,0,0,0
67,000408,2018-04-04,0.002406738868832692,0.002406738868832692,0.38877950881959894,20208.0,150449.98851792255,1829,69566263,50562879,1307009,1578042,8955160,8646113,7558590,6304923,12783730,10291438,10957503,5920698,5525401,4651584,3634015,2777123,18844855,10392958
68,000409,2018-04-04,-0.0017331022530329143,0.008665511265164794,0.230724092058025,11096.0,39393.443501688445,625,7874332,7467967,636634,571487,2572744,2818131,2350588,1498251,1405698,1720419,473668,859679,0,0,435000,0,0,0
69,000410,2018-04-04,-0.00278035217794248,0.010194624652456019,0.21209249993491858,24840.0,116600.00559998429,2591,74636053,73624962,1601108,1313416,14637677,12833323,15134923,13384248,21021436,13469379,8592155,9154866,3341172,4617604,2746523,2615123,7561059,16237003
70,000411,2018-04-04,0.09651360544217691,0.041241496598639404,0.7132213271636673,11705.0,68761.22103457054,1091,16184221,15434818,1561934,486084,5935622,3469198,2843702,2464952,2716391,3143323,1567760,1165660,308100,1046920,0,1881045,1250712,1777636
71,000413,2018-04-04,-0.018276762402088864,-0.009138381201044377,0.14385073378986485,19903.0,138401.32775420573,2840,70150819,92740029,1446616,2782002,9773007,15350090,11663132,18497327,15814960,20749755,6976507,9252406,5236795,5461984,2716997,4216462,16522805,16430003
72,000416,2018-04-04,0.019332161687170446,0.026362038664323295,0.24501457419173742,6923.0,40001.61794980809,539,4729713,5953338,627779,451994,1858535,1972822,1151858,864547,889587,1537077,201954,255918,0,346821,0,0,0,524159
73,000417,2018-04-04,0.0,0.009383378016085908,0.1971680815665694,9120.0,36870.98735002703,1435,11002766,17956812,917017,1182176,4113123,9359188,2543733,2650667,2130328,2773037,903885,757890,394680,738880,0,494974,0,0
74,000418,2018-04-04,0.038677479725514496,0.037117903930131035,1.3433295264277052,19944.0,114415.92589278756,2287,56344705,69689392,3536088,875332,10265774,9108239,8768559,10925614,12777619,19105332,6177037,4674783,5203705,5858454,893772,4857407,8722151,14284231
75,000419,2018-04-04,-0.005347593582887722,0.0017825311942958333,0.29291312343916404,11823.0,72476.95146652924,366,8116355,6727279,317794,246176,1146518,1915678,1751944,1205309,1961099,1250318,1000184,932774,1126000,612460,812816,0,0,564564
76,000420,2018-04-04,0.010791366906474975,-0.003597122302158251,0.13497557027155585,5560.0,47121.04448322513,424,5108431,3483043,375759,350453,1429886,1104458,942865,975752,960574,1052380,722139,0,0,0,0,0,677208,0
77,000422,2018-04-04,-0.0032679738562092497,0.006535947712418277,0.11908913258562501,3100.0,42490.80952944054,661,5853402,6573401,442376,794547,1830427,1504876,1077962,1121788,939135,2167642,1145238,676548,0,308000,418264,0,0,0
78,000423,2018-04-04,0.010956663941128486,0.012101390024529923,1.1760728083486924,49080.0,265770.45838464284,2703,166839893,162242915,1271978,809439,15268703,10835622,21675122,13309634,27198705,21952599,20030370,17916725,13944373,14202939,11620742,8843790,55829900,74372167
79,000425,2018-04-04,-0.010178117048346036,-0.0050890585241730735,0.07855052341219396,11368.0,159885.43427021638,2521,78045049,49259962,1777742,2566936,10470157,8136819,9651291,7644224,12754754,9997091,3930492,5590438,5204369,2660122,2208622,3030876,32047622,9633456
80,000426,2018-04-04,-0.014537902388369717,-0.006230529595015577,0.19436303519982182,8617.5,82500.32936853872,2458,49398503,23316618,2646141,1638960,9173767,7912924,5824465,3954763,7801206,4142154,5617827,3259970,2401485,372490,6024921,1433482,9908691,601875
81,000428,2018-04-04,-0.002577319587628857,0.0,0.18511898234470114,2723.0,64122.132411096376,439,6219125,4794164,627632,207692,1147723,1079644,1324146,536818,1020424,917455,712020,547400,730980,1505155,0,0,656200,0
82,000429,2018-04-04,-0.008905852417302795,-0.003816793893129833,0.2361330451971536,1572.0,28704.656771038317,1108,7420186,4661301,580747,1271059,3648971,1790263,1138385,700339,504332,398630,781591,501010,305365,0,460795,0,0,0
83,000430,2018-04-04,-0.02125147579693054,-0.01416765053128699,0.39246329638615923,8510.0,68653.0280549029,465,7512545,3687530,446929,527436,2778958,1301648,1687911,413872,1282582,1091361,0,0,0,353213,0,0,1316165,0
84,000488,2018-04-04,-0.012367491166077826,-0.0035335689045935537,0.334056714592091,20364.0,130196.10466686638,2584,93983178,74269585,1760368,1357778,14483808,8942953,11645847,10678540,18068598,16590824,10143294,8970254,9319633,4806367,5710456,5464849,22851174,17458020
85,000498,2018-04-04,-0.028799999999999937,-0.02079999999999993,0.19517447269621035,6732.0,80402.80266518203,1026,18526875,11722678,936527,753927,3959228,2468398,2665798,2216658,3773437,2423076,1822822,959851,2141884,949503,0,416160,3227179,1535105
86,000501,2018-04-04,-0.0040322580645161255,-0.0026881720430108613,0.3805549694005402,8916.0,58982.93910532881,1529,20972047,19701125,951897,1476489,5513314,5158627,4356557,6142313,4160785,2532575,3528101,257943,980208,960901,475840,449980,1005345,2722297
87,000502,2018-04-04,0.005549389567147678,0.011098779134295134,0.5311053784944344,9120.0,35358.44412275508,287,2090856,3698372,222334,318716,1269313,1146510,306667,1011021,292542,692725,0,214760,0,314640,0,0,0,0
88,000503,2018-04-04,-0.008901382056687668,-0.003982197235886553,0.857978036595926,55867.5,431040.74019341235,2478,258100235,224610547,1463833,648606,10463346,8569683,15069038,13497404,23072839,20767219,19727916,18507297,12841612,15816926,14091823,16467818,161369828,130335594
89,000504,2018-04-04,0.00496894409937898,-0.0016563146997928824,1.133744596022116,12050.0,120877.99169474936,453,6419786,15839938,225176,781296,1361802,2390793,994074,1643134,1224683,1176844,699092,2727826,314889,1672740,942620,489000,657450,4958305
90,000505,2018-04-04,0.006889763779527547,0.040354330708661346,0.19442343792755126,37980.5,447177.84208792396,2752,148529147,246730121,826183,1638142,8220016,12512450,11207363,15831454,16384773,26418231,17978265,18461693,14291631,19044317,13983657,14279604,65637259,138544230
91,000507,2018-04-04,0.04601571268237947,0.013468013468013407,0.19568108204481058,20884.0,303429.4216881736,2075,50558910,72409285,2126893,1345683,10867044,10308113,10775907,9944071,11324151,11150417,5388381,8451357,4655269,3491400,2768114,3208766,2653151,24509478
92,000509,2018-04-04,-0.033419023136246895,-0.020565552699228773,0.10417628138084649,10422.0,79482.70243102977,1399,31692425,16354489,1433580,1089071,6486230,5725638,4811870,2774130,5691044,3581580,3598337,658111,3151944,1450435,446215,492474,6073205,583050
93,000513,2018-04-04,-0.003576341127923044,0.0008253094910590786,1.3961522567829223,58088.0,279614.58036370185,2712,163644798,189019297,795761,1497855,8883819,13185492,15560668,22840868,28567854,28713940,20701278,20830189,19210165,12318912,10601150,12342063,59324103,77289978
94,000514,2018-04-04,-0.020378457059679667,-0.004366812227074246,0.21499783997621208,12294.0,46704.90707483455,1021,16514161,11071715,1012463,831212,4489249,4688696,3366932,2461783,4744562,1993360,1208450,717224,362365,379440,1330140,0,0,0
95,000517,2018-04-04,-0.012165450121654708,-0.0024330900243311193,0.09346665964465825,12390.0,93289.01718040853,1942,38710669,33523388,1601830,2228274,8268367,9128802,6439161,5894186,6952548,6288113,3462149,3106624,1361235,1307896,1712205,0,8913174,5569493
96,000518,2018-04-04,0.009836065573770592,0.014754098360655776,0.18548753690600558,7464.0,63471.30130866365,1082,10192661,10296665,912210,1410808,3495111,4895122,2221830,2772904,1112030,771703,0,446128,0,0,0,0,2451480,0
97,000519,2018-04-04,0.011123470522803158,0.008898776418242438,0.17224384296320905,29486.5,157047.68887090028,2728,98398273,117364526,1764474,1589803,14052076,12138914,15595955,14741278,18791961,21309231,16193764,15159711,10925450,13385263,5734846,6773082,15339747,32267244
98,000520,2018-04-04,-0.018292682926829174,-0.012195121951219412,0.11420793152703136,3260.0,59932.43793892497,826,8779599,6719594,513732,1108535,1792867,1855166,1148442,1117080,687743,1779130,2033743,495405,0,364278,433550,0,2169522,0
99,000521,2018-04-04,-0.011848341232227444,-0.004739336492890933,0.14621853569013016,2947.0,19051.138523188678,833,6119027,2334404,1429276,160730,2758669,1040988,1275292,1002176,655790,130510,0,0,0,0,0,0,0,0
100,000523,2018-04-04,-0.003896103896103953,-0.0025974025974027093,0.38177290322548457,8486.5,48540.44709891078,406,6009412,4204622,501570,257583,1533963,1380448,1077738,1728949,1380385,837642,992940,0,0,0,0,0,522816,0
101,000524,2018-04-04,0.0010183299389001643,0.006109979633401208,0.3067255330477696,2976.0,16648.638272184024,1025,2379678,5267770,643271,1792173,1186889,2125911,289148,828478,0,300984,260370,220224,0,0,0,0,0,0
102,000525,2018-04-04,-0.0018115942028985588,0.008605072463768071,0.5619225227915134,20173.0,112292.61140708772,1544,31606987,45622696,1005792,926302,6072026,9205107,6382720,7193649,7801224,8044129,2508108,4233075,2030100,3150121,2308403,4991770,3498614,7878543
103,000528,2018-04-04,0.021396396396396344,0.021396396396396344,0.16498344174365773,29040.0,185858.62218509402,2908,91607937,145107944,1370808,1839337,11900566,14807807,13127826,18405319,20143197,25582843,10349661,14915385,9836727,9189253,6208255,8222075,18670897,52145925
104,000529,2018-04-04,-0.011128775834658211,-0.0031796502384738856,0.35905934873911166,12600.0,32678.04170511645,306,3878476,3078281,275187,234345,1374583,1300503,1394208,1179342,489258,364091,0,0,345240,0,0,0,0,0
105,000530,2018-04-04,-0.025390625,-0.015625,0.1565002464117204,9767.0,55216.010105688394,1071,15763891,12434999,931860,1381048,4118795,4259064,2552206,2392289,3937310,3318278,1834995,205636,927113,378460,451612,0,1010000,500224
106,000531,2018-04-04,-0.01980198019801993,-0.011315417256011373,0.31851851822229343,5600.0,30384.67829068494,492,6292105,2332960,639030,277700,2009647,1108795,1901205,837587,1039618,108878,702605,0,0,0,0,0,0,0
107,000532,2018-04-04,-0.04869442484121378,-0.016937191249117856,0.2926071327618124,27820.0,130706.88192236847,2348,86497106,62453358,1655383,1221514,12317973,11372892,15082410,13170417,16386596,12157784,10681261,8090310,7998219,4745388,6300200,1743650,16075064,9951403
108,000533,2018-04-04,0.0,0.0,0.1604856285799002,20332.0,692516.2568324992,2382,77808845,314838231,74262,3380328,1267321,14737835,2263165,14913089,6682725,23040930,10157553,17875538,12929300,16942557,9303776,17292352,35130743,206655602
109,000536,2018-04-04,-0.017114914425427896,-0.009779951100244544,0.10628238072658872,3240.0,54490.697935261625,1487,12007556,7305680,1551528,1885794,3400580,2465438,1580572,1412619,2329580,1234544,446213,0,0,307285,934411,0,1764672,0
110,000537,2018-04-04,-0.006430868167202619,-0.004823151125401881,0.26572553711372976,12485.0,65226.38062306574,2200,37794958,25187621,1572669,2205372,13446166,7638293,4862111,4834512,6113846,3508594,3722885,3393296,2367771,384705,1282789,1464395,4426721,1758454
111,000538,2018-04-04,-0.009094667217858676,-0.0017569243489045094,2.0448254529920753,29193.0,178684.38653614474,2239,107822206,93704189,3116184,2503551,11483513,9461582,14849184,9236729,16957214,14006267,16805582,9895163,8355097,8250444,10011257,7259263,26244175,33091190
112,000539,2018-04-04,0.0,-0.0022471910112359383,0.27090455144055947,6675.0,36388.25589585261,269,2672189,2363855,244826,243563,1093825,756181,520968,527312,145070,581115,667500,255684,0,0,0,0,0,0
113,000541,2018-04-04,0.0,0.0,0.19944344258352312,2571.0,34870.4954359896,1835,11697805,11518857,1968980,1947727,4020986,3775450,2356502,1565190,1996362,1471738,533860,704959,394616,670630,426499,858067,0,525096
114,000543,2018-04-04,-0.008438818565400852,-0.0042194092827004814,0.15682931035130188,4735.0,88418.85397604445,914,17857007,9976512,992537,727844,2742451,2377239,1895868,1448530,2535429,1718904,3074505,1451856,1275199,983290,1890447,0,3450571,1268849
115,000544,2018-04-04,-0.018118466898954688,-0.006271777003484358,0.4748487686341314,14150.0,41501.533480153186,913,12801982,9318586,1033954,833831,4894341,3642351,3158606,2326173,1837330,1414431,550148,1101800,720013,0,0,0,607590,0
116,000545,2018-04-04,-0.007058823529411784,-0.0023529411764705577,0.16431643818655675,7242.0,47862.67611024136,669,8669622,6839089,418560,921991,2176355,2917478,956364,1308519,1599655,756197,2839478,200220,679210,333059,0,401625,0,0
117,000546,2018-04-04,-0.03202614379084967,-0.022222222222222254,0.4032410286307592,9009.0,52059.72727174668,1442,20214846,10718112,1296142,1767136,8368575,4328358,4014758,1926276,2438308,2319625,1479146,0,0,376717,461590,0,2156327,0
118,000547,2018-04-04,-0.023608768971332128,-0.006745362563237767,0.20700984498542557,59500.0,311429.85541897867,3295,196691361,261652125,1062964,1164759,10592418,13480050,18215545,23481528,36127929,37658132,23369180,32616007,20680200,23717241,10759080,21751217,75884045,107783191
119,000548,2018-04-04,-0.008143322475570036,0.0,0.332587533031573,11991.5,48149.21103166131,340,5631974,3581042,287690,310635,1677178,1464650,995123,618050,1173626,946675,489787,241032,1008570,0,0,0,0,0
120,000550,2018-04-04,-0.011772853185595511,-0.00484764542936289,0.36768704709855715,5784.0,54336.715227615045,1542,19635302,7760543,4537487,718780,4848776,3148452,2870817,2240259,2988181,866338,952390,477270,643671,309444,432300,0,2361680,0
121,000551,2018-04-04,-0.0041899441340782495,-0.0027932960893854997,0.26266464249084537,2166.0,44294.59519531614,743,5929948,4409590,844753,587025,1540710,909931,1235966,669689,1258571,982102,0,469223,310320,368220,0,423400,739628,0
122,000552,2018-04-04,-0.00867052023121384,-0.005780346820809301,0.10675910866187843,2429.0,108945.57647722027,1054,11550985,6481678,1013921,743554,2253716,2697135,1141511,1493618,1062577,230315,897949,477476,0,393240,465826,446340,4715485,0
123,000553,2018-04-04,-0.005054151624548808,0.0,0.4478332877401256,11064.0,48822.77037489287,956,13022990,10448127,1265296,680115,4213863,4019644,3060075,2744021,2133664,1248180,921802,443729,321090,614938,415200,0,692000,697500
124,000554,2018-04-04,-0.011444921316165924,-0.0014306151645206988,0.2354696776038265,11216.0,64675.11252689786,881,14443585,12725435,1004361,839608,3469923,3679751,3565169,2176691,2441045,2247451,1206897,1717029,1515645,717233,471645,0,768900,1347672
125,000557,2018-04-04,0.0,0.0,0.1719197520418308,5772.0,53225.726907553195,655,8367730,7186587,725041,667383,2486766,1909700,1449096,966202,1909281,1237764,231084,898278,1116198,623700,450264,883560,0,0
126,000558,2018-04-04,-0.0091324200913242,-0.004566210045662045,0.15643571844902904,13200.0,76146.33654757739,784,17052509,12938181,653779,579515,3735515,2953971,3674464,2452982,3049281,1641927,3018334,1793025,350671,1129560,1293137,1797584,1277328,589617
127,000559,2018-04-04,-0.012514220705346912,-0.0091012514220703,0.24058990075161413,8860.0,68828.79237282908,1335,25291053,14163572,1771163,1001863,6199186,3860441,5030148,3593154,4559740,2674584,2506034,769893,1409906,632865,468318,971268,3346558,659504
128,000561,2018-04-04,-0.019280205655527016,-0.01799485861182526,0.22838368655843116,10878.0,49701.02683199326,1161,19055983,12693761,1235637,980943,5323520,4259422,4923334,3932117,3192202,2974509,1882578,546770,361130,0,859564,0,1278018,0
129,000563,2018-04-04,0.002564102564102555,0.0,0.10629812158955469,4312.0,43326.824878580235,1351,14672429,8673841,1588129,730520,5022702,2743739,2396796,1310669,3038639,1882035,494258,735511,769661,363132,1362244,402339,0,505896
130,000565,2018-04-04,-0.02941176470588236,-0.01764705882352946,0.26872638704405266,10784.0,47622.3728610349,640,10598739,6458737,672843,556802,2696741,2540571,3022818,963816,2250484,707781,900278,996425,625528,693342,430047,0,0,0
131,000567,2018-04-04,-0.03928571428571437,-0.04392857142857143,0.7760116626907421,21480.0,110134.52704068908,1303,39286534,27578812,570765,1509187,5425931,7022622,5310574,5953489,7153723,6316045,4501044,3198087,3271657,1937282,4737148,410100,8315692,1232000
132,000568,2018-04-04,0.008471760797342132,0.02591362126245844,1.0835003881773702,93067.5,378278.80671270384,3092,300408167,390286220,606648,527304,10833094,10561025,21457228,17647357,38358658,33603869,27145062,25434355,25861622,35393817,28477525,28252630,147668330,238865863
133,000570,2018-04-04,-0.007751937984496138,0.0019379844961240345,0.2913256258866659,4152.0,33420.28263277433,313,2844244,2190316,193065,287041,1263640,646957,822919,562145,207200,434173,0,260000,357420,0,0,0,0,0
134,000571,2018-04-04,0.00189753320683117,-0.009487666034155517,0.1346766482390022,10650.0,106551.82396563083,1536,39851316,23203189,1228614,1169591,7114888,5396903,5425911,4185875,6479495,5112893,4905468,3692924,2661534,1384716,0,448380,12035406,1811907
135,000572,2018-04-04,-0.0357995226730311,-0.031026252983293756,0.11365890451662741,7789.0,132150.0833566253,1363,38956726,18899372,1450037,1053630,5271842,3452487,3619731,2230600,6254141,3070614,4197639,2905361,717704,708908,3102615,1347098,14343017,4130674
136,000573,2018-04-04,0.017316017316017396,0.025974025974025983,0.14719751658819055,5214.0,70629.13442931046,987,13329479,13345068,1100028,916695,2750962,3263053,1971212,2549940,2696019,2499527,1699504,2680709,957981,0,432288,463000,1721485,972144
137,000576,2018-04-04,0.00544015825914923,-0.002472799208704135,0.7545075248102882,48240.0,205778.780024144,719,35089183,27204199,283194,219128,2147085,3834651,4207964,6978218,5493321,6353416,947489,2112020,1145375,1579936,1294409,1344769,19570346,4782061
138,000581,2018-04-04,0.01318681318681314,0.01318681318681314,0.43223486741253425,36704.0,278760.1812172166,2771,125747286,177519529,1555348,1106953,16209682,11498431,14733791,11742215,21397461,23928029,15376677,20000810,10848471,15537951,8057838,16592721,37568018,77112419
139,000582,2018-04-04,0.024705882352941355,0.030588235294117583,0.22129180014262662,8695.0,50034.97192862394,1476,16007600,21072367,1219464,1430048,5132483,6089786,4472519,4516092,2044978,4708848,1500253,1889465,706476,987670,931427,923058,0,527400
140,000585,2018-04-04,0.007017543859649145,0.010526315789473717,0.06486094370478013,7749.0,236714.48050243407,1952,24896697,39917258,2116342,1592480,8550734,6233189,5471693,3946123,3396615,2753788,1827521,2350080,1274920,1054335,412680,850440,1846192,21136823
141,000586,2018-04-04,-0.023028611304954594,-0.016748080949057886,0.513916035938851,9996.0,86246.88889304863,779,12650929,8327641,764929,798583,2984648,2991705,2990844,1815339,1454324,1657897,671053,0,689908,397772,443835,0,2651388,666345
142,000587,2018-04-04,0.0013908205841446364,0.0027816411682892728,0.21048349882945458,12996.0,90615.64793632796,1167,22790109,21823069,1130092,767263,5573141,5224140,4052735,3975571,3602604,3951501,2988471,3475492,2908909,649350,406486,1420946,2127671,2358806
143,000589,2018-04-04,-0.002457002457002644,0.0,0.14698669550474888,2849.0,32252.15831458286,767,4826864,4938902,773265,1061277,1193766,1687333,583658,767401,1360444,917745,239355,505146,676376,0,0,0,0,0
144,000590,2018-04-04,0.00523168908819116,0.020926756352765308,0.36717879676750265,13950.0,74597.24998454344,1333,25389059,22257973,1389818,914611,6770827,4737708,5364003,4043858,4811469,5901056,2650813,3333162,1086275,1339430,1342902,890988,1972952,1097160
145,000591,2018-04-04,-0.004098360655737654,0.002049180327868827,0.1044845868639225,1473.0,65541.12196908228,2189,14697672,27385444,1050965,1700264,4692968,7385170,2180628,3246785,2827039,2854908,1241780,3104009,966644,1386848,1737648,2663612,0,5043848
146,000592,2018-04-04,0.031100478468899517,0.031100478468899517,0.0979119408249625,13454.0,145880.19636325262,1830,50186922,62876457,1365384,1455363,6792823,7478906,6758383,6805394,8575522,8463656,6332865,8550398,3035500,6838493,4339619,6203062,12986826,17081185
147,000595,2018-04-04,0.0,-0.0066079295154185536,0.19639832797280232,8702.0,35040.38327014219,534,7186502,3811871,611809,433324,2932704,1844519,1626877,838271,1063012,695757,498100,0,0,0,454000,0,0,0
148,000596,2018-04-04,0.021312872975277175,0.026086956521739202,1.3287743248834347,24280.0,124931.39177827325,1950,41137564,76323716,1710460,969475,8314327,8993808,7105494,14596731,11334782,21078514,4486900,8586327,3047131,5703304,0,3539853,5138470,12855704
149,000597,2018-04-04,-0.02202202202202208,0.0030030030030030463,0.24103583116153446,10000.0,69408.12862577454,1720,26385630,32554369,1738175,1485678,4600107,6936474,3159947,6630655,7853140,6876254,4700282,4882396,2830904,3004444,411075,834067,1092000,1904401
150,000598,2018-04-04,-0.002024291497975894,0.0,0.10999268500061275,1488.0,65804.62024757905,2024,15088963,16403599,959496,1702544,4593041,5374997,1768227,1067617,3406265,1280582,991633,1979992,0,702628,495976,1422644,2874325,2872595
151,000599,2018-04-04,0.015151515151515138,0.0033670033670032407,0.3047637411073976,8925.0,37609.557362935055,379,5019384,3806241,393561,447002,1673888,1333457,1262278,989894,1689657,439682,0,596206,0,0,0,0,0,0
152,000600,2018-04-04,-0.004405286343612258,0.002936857562408246,0.17928952325582379,10320.0,72497.24471743844,1444,23327681,28535709,1331682,1516268,5496169,5462346,3804687,5220040,4892479,5060422,3030982,5150665,1985100,2016048,409360,1767232,2377222,2342688
153,000601,2018-04-04,0.016516516516516422,0.010510510510510551,0.23279567668179618,2688.0,101468.90707690205,821,16650757,6611321,1206081,420404,1552585,1209257,1064784,1084311,1595512,1000617,2283135,944788,669500,335500,1457931,430572,6821229,1185872
154,000603,2018-04-04,-0.009830205540661274,-0.003574620196604039,0.43931456904042937,11215.0,75311.95558673961,648,13213455,10504403,347479,672912,2464206,2852400,2195162,2220676,3940091,1153076,1617889,779654,1268817,652614,0,951936,1379811,1221135
155,000605,2018-04-04,-0.0009852216748768017,0.012315270935960632,0.4051365950252745,28742.0,164506.69519901506,2515,90644634,88414978,1200259,934926,13290488,11607043,14082168,11489885,19286706,17829604,11792041,13733661,8508859,8478551,7881293,7745758,14602820,16595550
156,000607,2018-04-04,-0.018900343642611728,-0.013745704467354014,0.13087005672029373,5800.0,88598.03223522461,1983,33814677,21403078,3039306,880377,7217187,5128813,6216945,4440911,5790193,4147084,2463581,1304108,2659949,1014449,453378,413540,5974138,4073796
157,000608,2018-04-04,-0.0075987841945288626,0.001519756838905817,0.35180282387507744,11844.0,45340.77560931582,349,5276752,4274917,383625,250149,1380674,1241078,1517082,1059638,1102917,1464672,560474,259380,331980,0,0,0,0,0
158,000609,2018-04-04,0.003355704697986628,0.005592841163311046,0.4794875658341939,9000.0,34362.77308418775,347,4185427,3012593,371350,407603,1494248,1335097,1155301,972024,582026,297869,269100,0,313402,0,0,0,0,0
159,000610,2018-04-04,0.006958250497017815,-0.003976143141153132,0.41892780998954804,8048.0,40975.17693115628,576,7938371,3613191,478421,568669,2123826,1690330,2406497,944061,1460670,410131,483492,0,0,0,483966,0,501499,0
160,000611,2018-04-04,-0.006631299734747964,-0.0053050397877983935,0.44518135566832895,9054.0,229410.52966580776,286,3526518,8367981,382662,215683,1076879,1161581,850350,733497,386377,822741,0,689564,380250,0,450000,974915,0,3770000
161,000612,2018-04-04,-0.021216407355021283,-0.016973125884017004,0.18061536862069857,4206.0,42218.43640448408,1534,15281178,9375661,2377901,1151263,4316523,3192034,2634605,1757382,3887859,1250818,737952,1672664,300838,351500,0,0,1025500,0
162,000613,2018-04-04,-0.10021629416005762,-0.05551550108147074,0.24831001936810002,58477.5,1036579.555585329,3156,290158562,371183576,716994,1226048,7797933,16489926,12149096,22983693,24818906,34445582,18918926,31286197,17748330,24996754,13838637,16320488,194169740,223434888
163,000615,2018-04-04,-0.02713567839195974,-0.01306532663316573,0.21394745688487635,23568.0,141631.6128903322,2165,64791265,56697772,1774293,1773090,12213988,10612865,11156847,11768108,13405747,12060847,4609001,6125644,3108308,4388445,3062798,3540242,15460283,6428531
164,000617,2018-04-04,-0.007674597083653034,0.0,0.5005767955270413,2620.0,24820.212217945755,677,4684016,3083892,758866,771518,1289773,1452791,1029781,755103,1084396,104480,521200,0,0,0,0,0,0,0
165,000619,2018-04-04,0.005555555555555536,0.0,0.29736480805901566,3615.0,30544.93924803575,586,5510197,3313649,783042,461634,1830501,1541346,877014,714485,1426360,596184,214560,0,378720,0,0,0,0,0
166,000620,2018-04-04,0.0,0.0033057851239670644,0.21705908597303616,11106.0,55612.14946072606,777,8035200,9830779,748305,770605,3337818,3524007,1020621,1987697,1857509,1101702,456892,278380,0,743400,0,426300,614055,998688
167,000622,2018-04-04,0.0046511627906977715,0.009302325581395321,0.19179156118194268,2610.0,28656.13608311138,503,2178633,2326220,230373,692946,674776,511869,586274,165860,687210,517545,0,0,0,0,0,438000,0,0
168,000625,2018-04-04,-0.008000000000000007,-0.004444444444444473,0.2280378625930616,8976.0,85761.5081537314,2435,47047973,33343396,2937498,864622,13577418,5956973,7695050,5236455,6620136,5619905,3929731,6991699,1378956,1996213,1727466,2313537,9181718,4363992
169,000626,2018-04-04,-0.019113814074717683,0.004344048653345034,0.4597605429589021,11550.0,43104.612432322785,626,6531440,8290064,602970,581929,2760309,2586869,2063720,1899827,1104441,1587421,0,279840,0,386608,0,967570,0,0
170,000627,2018-04-04,-0.010430247718383301,-0.00782268578878742,0.17562395485244478,8459.0,49990.064119438466,1909,31289310,14987615,2612366,864669,9794454,4826753,7155380,2769913,5202210,3597744,2655784,1739234,1690330,666208,1323106,0,855680,523094
171,000628,2018-04-04,0.0033370411568409697,0.011123470522803158,0.22166085444746048,14576.0,82060.19561297965,1647,33781704,29826937,1509317,1797786,7933214,7722401,6384532,5751706,5591547,6137304,6057248,2655635,4146908,1978775,953639,0,1205299,3783330
172,000630,2018-04-04,-0.0038461538461539435,-0.0038461538461539435,0.06076976041723003,5180.0,125220.46797085882,1851,28076908,22200281,1654910,1863453,4678985,5635671,3288563,3096205,3356255,3218687,3081841,1825980,1394715,966420,499611,934180,10122028,4659685
173,000631,2018-04-04,-0.0024875621890546595,0.0,0.10244373368967667,405.0,30226.880965039047,1545,7129554,7254575,1135961,790416,2532943,4085605,1257477,841056,671618,662798,803152,470700,0,0,0,404000,728403,0
174,000632,2018-04-04,-0.01680672268907568,-0.003361344537815225,0.19553037799008094,4109.0,46840.9838146671,929,9567486,10909841,1026015,377284,3058459,2794478,1306507,3281502,2133962,2732270,1728663,729152,313880,315871,0,0,0,679284
175,000633,2018-04-04,0.010922330097087318,0.0060679611650484855,0.39669237829479975,4956.0,150874.29620671747,431,5076909,7240723,486450,274176,1360165,1696484,955324,616124,1414089,714241,442742,0,0,0,418139,961970,0,2977728
176,000635,2018-04-04,-0.02437106918238996,-0.020440251572326984,0.5391232732719374,11313.0,46934.61110962321,556,9171999,5558885,408418,568462,2869032,2211489,1600123,1453970,3134371,689656,731077,244804,0,390504,428978,0,0,0
177,000636,2018-04-04,0.016666666666666607,0.029861111111111116,0.2613882818339052,70896.0,335126.0025780648,3039,211667993,298899339,1185127,718936,13087126,9813446,17438367,16982641,30152222,40048598,31478281,37765057,19478732,31239380,16381303,19169180,82466835,143162101
178,000637,2018-04-04,-0.011235955056179692,0.0,0.2743697053207274,10203.0,47854.86800271953,378,4928804,3551424,338717,315448,1677694,1565999,816400,700496,887857,476673,249168,492808,322200,0,0,0,636768,0
179,000638,2018-04-04,0.0011402508551880963,0.011402508551881407,0.28171688371194714,11596.0,46976.87303247661,969,13694633,12315276,1142242,1013374,5165887,3722461,3337245,3288113,2151831,2458710,518058,1026790,314170,337688,439530,468140,625670,0
180,000639,2018-04-04,-0.007902735562309915,-0.002431610942249196,0.43441036395534616,9852.0,58766.51234447848,1435,22468437,21062323,1790150,1222106,5612537,5098327,4643072,4090568,4132765,4272830,3006730,3069308,2315911,2375371,424702,933813,542570,0
181,000650,2018-04-04,0.015748031496062964,0.021653543307086576,0.12642623235721387,14040.0,114053.57140483701,1618,28886261,45195652,977155,1355683,7122280,6061259,5182677,7290231,6109519,7481382,3509628,8226662,2922194,2683844,0,2563656,3062808,9532935
182,000651,2018-04-04,0.010799136069114423,0.01663066954643644,0.7731886262152855,280950.0,751225.9503577877,3586,847827336,938228544,193461,98870,3128471,3258527,14683791,13329898,47070983,52969849,50796094,56154144,55375459,48888010,60569594,65923879,616009483,697605367
183,000652,2018-04-04,-0.011111111111111072,-0.004444444444444362,0.14016100908255205,5412.0,47195.073171273434,1032,12653336,7140733,1327016,831060,3847700,2044092,2812608,1410630,908287,1626402,1196233,428899,709223,366300,1281069,433350,571200,0
184,000655,2018-04-04,-0.009057971014492683,-0.005434782608695565,0.19456228587065474,8800.0,76580.61419912518,805,13696367,10097313,789025,702333,3755325,1967100,2147453,2399913,2370687,1970063,1457950,1541356,1366827,0,0,443200,1809100,1073348
185,000656,2018-04-04,-0.0035211267605632646,-0.0035211267605632646,0.13796547368004122,9622.0,133752.05589172532,1698,44450582,27449012,1632584,1429955,6851444,5031848,6106578,3893783,6661252,3749848,3102154,2418186,3803730,1377964,2196753,1268497,14096087,8278931
186,000657,2018-04-04,-0.021626297577854725,-0.021626297577854725,0.2969202257606371,9104.0,66145.90961438618,1517,22495443,16314062,1818788,836605,6570198,5150001,5702057,3332226,3155538,1515199,1220395,2102035,354585,1690985,0,0,3673882,1687011
187,000659,2018-04-04,0.019178082191780854,0.010958904109588996,0.16828123354283464,12461.0,83877.22970098985,470,8437747,9385175,348414,390558,2234496,1803190,1807890,1564170,1151062,2063546,724712,1084112,649818,1385205,456688,0,1064667,1094394
188,000661,2018-04-04,-0.009333255556203679,-0.007758268681094416,3.4105222307218055,52209.0,354570.65868796495,2529,238362600,145467085,0,0,8828986,11729140,29546991,15548011,26842946,22134869,18076483,13118040,15619954,12753713,7550026,8946971,131897214,61236341
189,000662,2018-04-04,0.026418026418026486,0.03651903651903665,0.2643784140613727,18172.0,105298.94752254046,2375,47197747,69478351,1172464,2160875,7544401,14280352,9768707,11579543,10534227,12199657,7286261,9144659,2400883,5939368,1815182,2728847,6675622,11445050
190,000663,2018-04-04,-0.013524936601859716,-0.005071851225697421,0.32668670492080004,17745.0,80405.58482276638,1311,29715238,24964373,1071033,920532,6849372,6005172,6571908,5739787,6374156,5855539,3807392,1940392,3826202,1311595,0,0,1215175,3191356
191,000667,2018-04-04,-0.0068259385665528916,-0.0068259385665528916,0.07854637833143202,1460.0,25617.350386658953,1397,9865327,2402293,1828569,540867,3027258,988865,970494,591574,2463226,280987,1226548,0,349232,0,0,0,0,0
192,000668,2018-04-04,-0.005468750000000022,0.005468749999999911,0.810006920408399,3876.0,23282.543980899354,249,821278,2174549,184290,336729,409038,815420,227950,436197,0,586203,0,0,0,0,0,0,0,0
193,000669,2018-04-04,-0.02092050209205021,-0.015062761506276168,0.36869546590101115,5950.0,52516.48290517099,1050,15575103,9111272,1356656,532198,4739610,2851754,2677720,1699489,3094327,1826285,1214744,465109,1027130,710678,874480,0,590436,1025759
194,000670,2018-04-04,0.030303030303030276,0.015151515151515138,0.10337322147044707,35441.0,167446.92707809934,3317,144916228,141480000,1670511,1677119,16999951,15894694,23295597,19116633,27714722,28037262,18013738,16013862,13366538,15001954,6332702,7124619,37522469,38613857
195,000671,2018-04-04,-0.0012987012987012436,-0.0012987012987012436,0.15987059341216264,12448.0,129957.63595885831,2323,65841578,55194252,1599359,1050304,13059031,7221829,9995295,8157323,10794770,9476330,8548703,5593770,7436774,2771332,3815069,3090170,10592577,17833194
196,000672,2018-04-04,-0.039579967689822304,-0.02180936995153482,0.2336203925181103,33992.0,182431.156631365,2811,136940487,89895794,1336018,1229347,14667259,15150529,19611360,15229491,25444672,23483355,15929103,12190920,10854349,6666534,9277852,2146878,39819874,13798740
197,000673,2018-04-04,0.005750798722044648,0.014696485623003186,0.5036604484864705,23910.0,287381.0367655606,969,27781668,76132621,722882,617507,4034147,5285505,3492939,5386288,4533387,5008197,3693436,2428956,348040,3876892,2667765,5547061,8289072,47982215
198,000676,2018-04-04,0.09166666666666656,0.09166666666666656,0.3081713725610825,22781.0,321523.13874254544,1517,95140815,49194399,1446787,478267,9459538,4824686,7381698,5081062,8360296,7873055,7339635,8178315,5400840,4842142,892289,2200576,54859732,15716296
199,000677,2018-04-04,-0.006153846153846176,0.0,0.1555743581806557,1632.5,23251.38547934361,436,2542586,2095644,427046,280541,1020394,1028922,358260,496498,496625,289683,240261,0,0,0,0,0,0,0
200,000678,2018-04-04,0.003225806451612856,0.001612903225806317,0.3408422681984053,6250.0,51334.830642472356,330,2974928,4061045,377146,353992,917433,988655,932082,540232,524347,1103601,223920,0,0,0,0,487500,0,587065
201,000679,2018-04-04,-0.0016181229773462036,0.008090614886731462,0.376273125739643,6809.0,43477.177435923215,269,2829378,3394737,221021,234495,792590,948830,524511,1135994,466154,843662,514102,231756,311000,0,0,0,0,0
202,000680,2018-04-04,0.002336448598130758,0.009345794392523477,0.13334150754644078,3464.0,49688.22958601064,1032,9655467,8339103,994058,1022765,3311868,2555503,2129189,1489029,1625564,696362,251720,542999,0,1037749,447020,442246,896048,552450
203,000681,2018-04-04,-0.05017667844522977,-0.051943462897526604,0.5386468425895127,42752.0,177686.807196702,2767,159567636,102905358,854682,1200047,9188356,16282223,18797947,17271520,31375330,25431485,17338372,13003207,15142809,8896104,8766085,6209931,58104055,14610841
204,000682,2018-04-04,-0.022172949002217224,-0.019955654101995512,0.12831774533971657,4928.0,70632.18263503944,1238,18964381,11339625,1512546,1102318,4266582,3853898,3390916,2222961,3698792,594501,931644,508486,1037316,315582,1775729,476707,2350856,2265172
205,000683,2018-04-04,0.01132075471698113,0.015094339622641506,0.05250176849565532,2915.0,98211.24704453135,2569,10922481,49113221,579841,3073282,4474757,11420669,1574884,5590796,1631637,6389562,507638,5296159,394764,1236894,896546,2636252,862414,13469607
206,000685,2018-04-04,-0.009960159362549792,-0.010956175298804771,0.26344250327256774,4004.0,47358.00539511285,1453,14107884,9418834,1925891,1368802,4207935,2990791,2097069,1761963,2962775,1230155,1020101,0,369396,741361,0,824261,1524717,501501
207,000686,2018-04-04,-0.01505646173149311,-0.0037641154328732496,0.17901250180472544,3995.0,79858.38862340605,1984,28160977,31617148,955933,2089959,5419051,5739107,3040313,5236931,5655443,6401420,2493291,5158543,2089188,2123782,2699885,1862638,5807873,3004768
208,000687,2018-04-04,-0.002862595419847458,0.007633587786259444,0.2664131095783972,19679.0,84815.05419330753,1548,31798441,38352737,893207,1082192,7451879,7773604,6184891,7212533,7588463,9786757,5406592,5008740,2015945,2392265,402000,1769898,1855464,3326748
209,000688,2018-04-04,0.019607843137255054,0.021568627450980538,0.22570545786514037,27891.0,94896.19389145642,2043,47165254,74942262,993154,847341,8883234,10131206,10856262,13173725,14100287,19472618,4217933,12218927,3025317,6486423,894271,3403476,4194796,9208546
210,000690,2018-04-04,-0.0012269938650306678,-0.00613496932515345,0.24139406410022907,7307.0,117936.84059236769,1140,20211998,13611868,1311767,1463053,2784273,4009650,2548352,2897814,2592784,2491357,2072900,1202648,1390109,0,825095,0,6686718,1547346
211,000691,2018-04-04,-0.004950495049504844,-0.0033003300330032292,0.3996761336429051,6655.0,34397.10253279523,229,2045598,1869531,168095,208428,847552,1032416,437427,489835,166704,138852,425820,0,0,0,0,0,0,0
212,000692,2018-04-04,-0.020224719101123556,-0.011235955056179692,0.12057906372002185,7216.0,69380.51830998335,1367,25575256,11927706,1646121,796695,6116708,3485220,5146182,2475044,5485901,1770518,3372943,1364527,1783316,644334,878757,0,1145328,1391368
213,000693,2018-04-04,0.0,0.0,0.8232263068123513,1426.0,5728.037190351863,74,0,263810,0,168268,0,95542,0,0,0,0,0,0,0,0,0,0,0,0
214,000695,2018-04-04,0.03951367781155013,0.023302938196555267,0.4359304764603537,10060.0,62823.83024835982,513,4735656,7329027,482509,462868,2334466,1748501,1092383,1174109,826298,748840,0,704057,0,0,0,406000,0,2084652
215,000697,2018-04-04,-0.009113924050632938,-0.0025316455696202667,0.5241136697905684,17856.0,80703.66695562996,1420,37681293,27091623,1685482,939017,6260478,5517598,6752967,5533601,7229587,6417125,8210345,3127204,3044545,1676398,2173450,1345001,2324439,2535679
216,000698,2018-04-04,0.0,0.003731343283581934,0.23559141884797827,10780.0,52481.20412981145,517,7340068,7184851,381712,525187,2000840,2275245,1643413,1642159,1725375,1404768,513162,1337492,0,0,475782,0,599784,0
217,000700,2018-04-04,-0.011904761904761862,-0.003968253968254065,0.22776349014513647,11569.0,69589.20807324474,489,9747264,5376724,422164,274943,2116596,1836492,1881961,1205828,1838050,659940,963699,228865,782389,0,1240406,0,501999,1170656
218,000701,2018-04-04,0.006036217303823088,0.02515090543259557,0.2037181429520759,27930.0,176660.28243203228,2386,85392698,92937701,1745358,1632505,11452668,9314046,14614506,11366954,19062101,17804473,10497804,10008006,7201443,9051104,6085591,5128134,14733227,28632479
219,000702,2018-04-04,0.007587253414264028,0.004552352048558417,0.23713049424010896,11271.0,50239.12185038234,772,8574626,11067389,523636,1340803,2994996,3802285,1972770,1692818,1783777,2114563,207519,972268,647088,361760,444840,0,0,782892
220,000703,2018-04-04,0.025154247745609926,0.037019458946369266,0.36896524819433846,67394.0,5516700.47767427,3282,794835003,897935040,700583,682462,17822633,9988104,18651038,10145916,30820007,21894711,28456831,22901765,20283874,14656430,20522416,12022518,657577621,805643134
221,000705,2018-04-04,0.020486555697823317,0.015364916773367598,0.2658218313231931,14427.0,75921.22674486192,864,12966078,16986227,937129,694690,4651637,3930510,2727330,2710384,1428579,2987526,1228032,641045,316012,639600,899426,2812204,777933,2570268
222,000707,2018-04-04,0.007481296758104827,0.012468827930174564,0.15781442442387944,3672.0,57557.531516111245,646,4788179,7847756,313454,923235,1680462,1499227,605037,578302,819191,1942627,476885,1249094,381997,361488,0,0,511153,1293783
223,000708,2018-04-04,-0.01936108422071625,-0.0058083252662149976,0.41366273280179255,3105.0,50455.41620460587,623,8477144,2998562,865076,164541,1853430,1054254,812471,745401,2348944,759031,724294,275335,329146,0,907258,0,636525,0
224,000709,2018-04-04,-0.023255813953488413,-0.011627906976744207,0.08334810705716166,6880.0,256610.31327571283,1713,65626744,37853718,1363374,1996080,5878120,5912451,4245011,3296419,6059065,3749039,3501213,1719066,6905312,4219343,1295496,964164,36379153,15997156
225,000710,2018-04-04,-0.004464285714285698,0.00374999999999992,1.2150205041730069,40312.0,258064.47149736388,2132,103719877,105427657,1114373,598188,8297591,10662918,13303889,16321324,17587191,18276750,9565836,9597671,4903136,9202279,4517504,5143544,44430357,35624983
226,000712,2018-04-04,-0.019569471624266144,-0.009784735812133127,0.42239907821912387,15320.0,124622.32308643253,1317,43696876,23120319,1284466,1092387,5260846,5076361,6197428,4609966,8458823,5629501,3292569,2379444,2290642,1045630,3941739,883498,12970363,2403532
227,000713,2018-04-04,0.04219409282700415,0.00843881856540074,0.18156146626564473,15478.0,78806.45179700192,1535,25765618,35054282,1323658,1228352,7231272,7716865,6288760,6983317,5984916,6770363,1222678,3638365,1948427,2762872,472350,420080,1293557,5534068
228,000715,2018-04-04,0.008274231678486732,0.004728132387706863,0.3949236505252761,1710.0,20148.88623611189,459,2161158,1433677,530943,319094,733398,676694,258957,266289,436045,171600,201815,0,0,0,0,0,0,0
229,000717,2018-04-04,-0.03305785123966942,-0.02148760330578514,0.12066176482003708,8372.0,101520.14274849863,2521,57082669,36707741,2974616,1253722,10346397,7094709,10377885,6613224,7677194,7041973,6032488,4155960,4674307,2057039,1862975,843500,13136807,7647614
230,000718,2018-04-04,-0.012376237623762387,-0.004950495049505066,0.12339152487211597,3240.0,61784.645087542056,1074,14510720,7894272,847994,884765,3075948,2755962,1508774,1309537,3924803,1169235,2829011,255493,0,687825,430404,831455,1893786,0
231,000719,2018-04-04,-0.01760563380281699,-0.014084507042253391,0.23494354068384243,3379.0,23932.184493326902,1316,9229716,5490921,1082314,988989,5055626,2510993,1111107,1363759,888240,627180,712629,0,379800,0,0,0,0,0
232,000720,2018-04-04,0.016949152542373058,0.016949152542373058,0.1727895515491546,10525.0,88223.70196296611,571,9760358,11182063,614247,435297,2753981,2138473,1936937,1153552,2484177,1463365,1331184,1547022,0,1366982,0,0,639832,3077372
233,000721,2018-04-04,-0.0058365758754862496,-0.0019455252918287869,0.21929579268490526,6669.0,52025.667042930785,549,7084672,4724502,579186,459197,1947830,1699401,1502337,1216039,1327988,1101008,480907,248857,333824,0,0,0,912600,0
234,000722,2018-04-04,-0.004640371229698292,0.0046403712296985145,0.4936434893358889,10428.0,30803.99537050296,304,3126070,3607620,410296,258285,1640867,1168059,902107,996816,172800,1184460,0,0,0,0,0,0,0,0
235,000725,2018-04-04,-0.007736943907156735,0.0,0.08646940655271858,170560.0,1000849.9107310142,3595,634809454,924583071,208776,372878,5223636,9454276,19867421,23309200,48928151,65200121,45990667,56019469,43513770,55796577,32979826,42426400,438097207,672004150
236,000726,2018-04-04,-0.005802707930367523,-0.0019342359767891004,0.35879363444042023,2068.0,42294.75506523504,830,6575335,4699125,544132,926039,1234127,1394409,759043,1335023,1594634,584058,629729,459596,687310,0,413600,0,712760,0
237,000727,2018-04-04,-0.012605042016806678,-0.004201680672268782,0.06125500060109169,4046.0,70724.32123396338,1526,24390479,12154342,1305611,810662,4431836,5234885,4233412,2102507,4090878,1630812,4461390,981165,1105245,358500,926361,458626,3835746,577185
238,000728,2018-04-04,-0.015184381778741929,-0.005422993492407935,0.1934764336208287,11076.0,101975.9412636152,2273,53250602,52210369,1117488,1656185,7785086,9655199,6831407,7916611,10696355,11770451,7721502,6101977,5283190,5523139,3643174,4792079,10172400,4794728
239,000729,2018-04-04,-0.006476683937823857,0.005181347150259086,0.18503673870683315,11527.5,118562.46265248829,1742,31192222,33842595,1393109,1565512,7488492,7728852,5463906,4224384,6362577,5129604,1970329,3205927,1015478,4257240,422730,1325018,7075601,6406058
240,000731,2018-04-04,-0.006849315068493178,-0.002739726027397249,0.3023946167208111,14600.0,56863.66083346148,582,10811935,8644917,427873,631263,2553150,2995532,2289864,2156206,2487648,1638285,1420960,434514,1049900,332605,0,456512,582540,0
241,000732,2018-04-04,-0.030223880597014974,-0.003731343283582156,0.5138783506174511,48834.0,281622.4301286726,2724,169642000,185332706,884681,999592,11121019,12223533,18017694,14592322,30028025,22944943,23467371,18665730,15587908,17164064,11729370,11577401,58805932,87165121
242,000733,2018-04-04,-0.029893238434163694,-0.013523131672597999,0.31362631212550385,19516.0,94807.83663001645,2009,57417364,40650875,1560170,1088255,11610112,7929668,11336358,8116321,10850596,8315221,6947572,6157820,3808860,2049435,3893071,2701893,7410625,4292262
243,000735,2018-04-04,-0.025339366515837236,-0.0063348416289592535,0.19905211690399285,58088.0,398019.17597822106,3089,261851622,246245142,1204575,963355,11905020,11032548,17637672,16689015,34132506,29013978,34080262,23148061,29200656,24357306,18916556,15786221,114774375,125254658
244,000736,2018-04-04,0.04166666666666674,0.031385281385281294,0.5175629343891881,19275.0,106911.57937713571,1276,25019566,33284764,960732,1137707,5525354,7685512,5164476,6863803,5129210,6983797,2347976,3565937,662230,3513988,453120,912400,4776468,2621620
245,000737,2018-04-04,-0.007957559681697535,-0.0026525198938992522,0.18473483715631872,6786.0,64936.02935980995,416,6851738,3311806,320139,584340,1673898,965176,1405329,565166,2037753,184125,500625,0,913994,0,0,0,0,1012999
246,000738,2018-04-04,0.02786190187764981,0.03573591762568129,0.28889439818195306,75069.0,377057.24454870506,3272,266289027,328631162,930700,943130,12525004,10715437,20633190,19271778,41633469,34488646,33988993,34790207,23464208,25740404,21543468,20898103,111569995,181783457
247,000739,2018-04-04,-0.01644245142002998,-0.013452914798206428,0.17272315438743585,13300.0,76550.46566409449,1502,32811481,22284728,1483109,1325175,7478816,5374848,7483901,5582429,6544303,4488315,1947713,2047635,2709095,999486,483516,488775,4681028,1978065
248,000750,2018-04-04,-0.01146788990825709,-0.004587155963302836,0.12678266389397694,5681.0,55671.471729308745,1185,13671308,13347657,921137,1000265,3227300,4474761,2889238,2580835,2031107,1860605,2471451,2064195,387562,623520,894543,0,848970,743476
249,000751,2018-04-04,-0.013303769401330268,-0.008869179600886956,0.15977960770659633,6735.0,52038.379597894374,797,10791645,6940258,818490,937510,3021244,2571553,2024852,1157897,655705,895993,1951569,486040,1457965,379854,861820,0,0,511411
250,000752,2018-04-04,0.00721500721500723,0.00793650793650813,0.7001522802272989,9779.0,54119.20466481163,391,3898420,5427803,447078,317754,1607603,1793349,773332,692193,608763,608685,461644,492130,0,0,0,473244,0,1050448
251,000753,2018-04-04,-0.008797653958944385,-0.0058651026392961825,0.18528963178060065,6840.0,66591.7193830474,338,5300822,3948978,300867,255845,1274596,1112296,536717,739269,947500,1301396,210672,540172,373917,0,410720,0,1245833,0
252,000756,2018-04-04,-0.019230769230769273,-0.013076923076923097,0.31596204277792256,15498.0,141955.3373658056,1698,44946446,38818612,1794873,1128251,7893588,6833280,6806676,6348037,10232043,7878206,5171310,3494894,2777227,2356746,2348310,1746067,7922419,9033131
253,000758,2018-04-04,-0.012173913043478257,-0.0017391304347825765,0.17790667731610765,5780.0,80773.06860807768,1045,17142040,13215063,1129966,773276,3152038,2766133,2012792,1889503,3332747,2916623,1845028,2315989,717052,0,958909,467253,3993508,2086286
254,000759,2018-04-04,-0.013414634146341364,-0.01097560975609757,0.2607091448341644,11354.0,58501.72302914979,989,18754608,9523582,965996,1080570,4309683,3877781,3747606,2839446,4086372,909261,1037344,446354,1437737,370170,1231273,0,1938597,0
255,000760,2018-04-04,-0.028925619834710647,-0.01446280991735538,0.18865916713588926,4800.0,34506.44978795786,658,6031041,4640835,459772,879047,2154181,1990683,1187599,673826,1401022,509093,493867,262080,334600,326106,0,0,0,0
256,000761,2018-04-04,0.0,0.00917431192660545,0.1255884582213905,3520.0,72172.30821667153,1207,14087505,15734389,684567,1203791,3266184,2762857,1591042,3284664,2640125,2867913,1192860,2667546,666949,648486,480265,891510,3565513,1407622
257,000762,2018-04-04,-0.016936671575846884,-0.00589101620029453,0.33582489783760805,17673.5,141908.83632167734,1636,61671704,37471251,1144197,1344155,7055279,6402354,8570199,7163096,11090965,7107977,6847121,4073596,2120646,3364720,4807432,1321967,20035865,6693386
258,000767,2018-04-04,-0.0037174721189590088,0.0074349442379182396,0.1653449268837395,5013.5,52859.82259704149,264,3866672,1789413,235240,145378,948117,607559,429630,442566,613477,593910,791328,0,378000,0,470880,0,0,0
259,000768,2018-04-04,-0.0032379924446843678,0.0064759848893685135,0.3196917250656982,109887.5,554812.4956061104,3368,456541645,483277679,766918,1225724,8549890,11604137,14616152,19272627,42764624,38267596,36265006,35808305,28170402,32132514,31709815,30442561,293698838,314524215
260,000776,2018-04-04,-0.01449275362318836,-0.003019323671497376,0.328345237549344,48067.0,202680.0243780173,2544,129086886,146043825,1275431,1107008,11568876,9897271,14536702,20361425,26563970,27606928,21339456,14508223,9503337,13412426,8294457,10368828,36004657,48781716
261,000777,2018-04-04,0.02812731310140637,0.02960769800148033,0.33882657519229126,14100.0,103986.71363493596,1591,36894713,41229208,1453885,1123564,6574218,7108699,6308937,5505145,7290775,7797054,4015860,4529800,3065683,3762911,1717688,3517242,6467667,7884793
262,000778,2018-04-04,-0.008350730688935326,-0.006263048016701522,0.12397508845377779,7200.0,79665.83774011197,1496,26164552,22226798,1212186,1854454,5549004,5259320,4214084,3450816,4359484,3627653,2680883,2426923,1421852,703460,3142518,2858298,3584541,2045874
263,000780,2018-04-04,-0.004048582995951455,-0.002024291497975894,0.32722723756462024,14326.0,117670.18088907331,227,7242967,3777539,179617,211020,1084593,937915,1121894,490194,911578,504486,1184673,245518,0,320265,909708,407385,1850904,660756
264,000782,2018-04-04,-0.0330935251798562,-0.037410071942446055,0.2421209487349973,13520.0,78545.93103785864,824,17033187,13988486,714582,603654,3455094,4118642,3846426,2249545,2560648,3263506,2854143,1225474,361401,382041,1349138,0,1891755,2145624
265,000783,2018-04-04,-0.011004126547455195,-0.0013755158184318717,0.19463293613299837,8700.0,56692.108834506485,1396,18084573,18561932,1378075,1113165,6140754,5946472,3416410,3581520,2924619,2541593,1653198,2363181,942501,733696,902016,0,727000,2282305
266,000785,2018-04-04,0.004223864836325086,-0.0021119324181627652,0.30765385927248157,7528.0,40810.575697315144,947,5714008,10813576,520875,1801826,2043206,4451263,1256276,1709814,630466,1439593,1263185,220900,0,375200,0,0,0,814980
267,000786,2018-04-04,-0.026401299756295793,-0.0077173030056865155,0.4681514085079518,32084.0,200208.52095087967,2767,120431653,95380406,1572480,1353029,15002698,15755934,16024802,14567435,24491635,16744699,13117818,8783040,8239331,9574531,8536540,4842885,33446349,23758853
268,000788,2018-04-04,0.0817174515235457,0.0817174515235457,0.2532054624362453,14600.0,147374.89634674345,813,32884933,14861885,1319380,48171,4998718,932020,4403999,1523039,6579487,3049117,1887208,1676336,3194203,1639127,2171180,1325782,8330758,4668293
269,000789,2018-04-04,-0.03327922077922074,-0.025162337662337664,0.21727141338407746,59462.0,316403.9408182958,3221,271370822,217240499,1155772,937342,13716655,13689964,18215860,20101646,40234274,32802128,25329521,23226052,28585594,24629504,29572107,20680018,114561039,81173845
270,000790,2018-04-04,0.08982035928143706,0.08982035928143706,0.17120447841882908,26816.0,188776.15895190218,2383,98300347,77055499,1991608,1098693,12708903,10859599,15622609,9509493,17418847,12490315,13482554,8489798,7895132,4477518,3868830,2240051,25311864,27890032
271,000791,2018-04-04,-0.010309278350515538,-0.002945508100147376,0.24511270838964058,8879.0,38826.25419586259,767,10523711,5858768,877403,649167,3652637,2809486,1497368,1224737,2911267,1175378,433116,0,669800,0,482120,0,0,0
272,000792,2018-04-04,-0.01127554615926707,-0.011980267794221233,0.2561777102592243,60221.5,619577.2100646296,3074,367677410,300092991,1234787,1013622,11317137,11291633,18618124,16163218,30603463,29503616,25211087,18767408,19548549,18697475,20619457,20615964,240524806,184040055
273,000795,2018-04-04,-0.01557093425605538,-0.00692041522491349,0.14101201006515346,15578.0,94581.61829119443,1683,39739801,36622198,1549619,1259527,7513562,7089327,8227422,5556021,6552777,7664307,3265618,3710801,5396401,1392855,3151229,2211480,4083173,7737880
274,000798,2018-04-04,-0.008363201911588791,-0.007168458781361853,0.37820661999246513,4986.0,32932.34496834248,489,4905406,3615890,432227,752637,1307216,1033616,1325367,601854,1347576,1227783,493020,0,0,0,0,0,0,0
275,000799,2018-04-04,0.034808766652342005,0.03308981521272014,0.4439060697903265,28368.0,164767.73623278405,2750,88507140,120425128,2033779,1308493,13767750,11258248,14423533,13945847,18363028,24509789,12294129,21090705,6063599,12451603,5350144,8602387,16211178,27258056
276,000800,2018-04-04,0.013902681231380498,0.013902681231380498,0.23555723037949972,22704.0,279615.6009572328,1829,74900729,91407555,827920,996103,7281380,8661924,7957775,7500159,12040040,13697506,9033399,10019307,6600046,8335629,3081399,3036219,28078770,39160708
277,000801,2018-04-04,0.00746268656716409,0.020895522388059584,0.13121474938175443,27240.0,183185.09471828688,2619,114451088,111162443,1496006,1411189,11165844,10849873,13990117,12715155,20546251,18614246,14729590,13379296,13826650,8651786,9645672,4828929,29050958,40711969
278,000802,2018-04-04,-0.007725321888412018,0.0,0.430420570074134,9336.0,43677.78101875555,732,9848946,6132962,583324,1111840,2522489,2505499,2219700,1565058,2325670,514669,565619,435896,691304,0,940840,0,0,0
279,000803,2018-04-04,-0.00867346938775515,-0.00612244897959191,1.6341909759047129,17524.0,52436.99476966394,143,2965328,1782004,99447,91576,500812,626961,714874,639283,1020961,424184,272300,0,356934,0,0,0,0,0
280,000806,2018-04-04,-0.029299363057324834,-0.01401273885350307,0.16727729096547284,22736.0,96772.0116198953,2205,62840719,63195315,1366407,1555785,10945894,10064198,10053467,10149504,15207829,18912060,9577141,7864639,3114433,6011684,4315048,4476594,8260500,4160851
281,000807,2018-04-04,-0.035340314136125595,-0.005235602094240788,0.14814787261898463,23040.0,196850.55178245364,2664,113785654,104690055,1641368,1803505,11260602,12692810,13969852,12235451,18853105,13552075,12179431,14183345,8592737,7003312,9105988,6039188,38182571,37180369
282,000809,2018-04-04,0.005847953216374213,0.005847953216374213,0.16429618012330183,3430.0,45711.618688209426,433,4439076,3281699,484540,269613,1300628,755305,714339,622972,918888,818529,1020681,280016,0,0,0,0,0,535264
283,000810,2018-04-04,-0.0023640661938535423,-0.007092198581560294,0.19410048497427568,15353.0,77331.46011756473,1903,40418439,33277555,1587464,1690655,9056580,8064481,8435424,7274283,9419660,7023525,4008943,4587585,1788165,984879,850699,2174505,5271504,1477642
284,000811,2018-04-04,-0.012658227848101333,0.0014064697609001975,0.2764123586055014,7180.0,57556.60032049484,661,7502201,9116825,690504,464563,2388872,2259294,1307019,2012575,1739299,2239234,1376507,0,0,638650,0,0,0,1502509
285,000813,2018-04-04,0.08478513356562134,0.08478513356562134,0.18996787444355182,28210.0,487343.82146114606,2057,127573683,141900238,1741817,806784,9785533,8667719,12995424,9194250,14091495,12468273,11319996,9025271,7322656,8150314,9048199,8546391,61268563,85041236
286,000815,2018-04-04,-0.002442996742671011,0.004885993485342022,0.43845969295817794,12400.0,44621.23602622182,785,7939745,12919816,655925,745301,2354171,5115195,1555885,1990045,1444781,3605238,1189718,1160008,739265,304029,0,0,0,0
287,000816,2018-04-04,0.04057971014492745,0.020289855072463725,0.06660942055709335,24211.0,184623.84255275395,2706,110213256,117333680,1870445,1452478,12907786,8839669,15859732,10283037,21092506,14508115,16872288,15026498,9602359,10283174,9300181,11292630,22707959,45648079
288,000818,2018-04-04,0.0023183925811438577,0.0007727975270479526,0.31104501845907423,14470.5,135948.29646698965,1732,45196586,46594751,1296794,1329080,8930035,6442281,8642622,5574918,9849686,7636064,4055767,4145811,2087267,1818393,2682525,3459584,7651890,16188620
289,000819,2018-04-04,-0.007772020725388629,0.012953367875647714,0.3151264194770217,16282.0,106593.70317065333,1353,28239196,33338560,918586,1105599,6450513,6353699,4666954,4976912,6472631,6948889,3039092,3721795,2099964,2516117,457200,893514,4134256,6822035
290,000820,2018-04-04,-0.014092446448703444,0.012401352874859217,0.33467716284244253,42960.0,219694.35940468338,2814,150347671,147165305,1272118,1183602,12526914,12631129,17403026,16835488,28940640,27681637,20311906,16204587,12373344,9854169,9906479,8799980,47613244,53974713
291,000821,2018-04-04,0.0,0.0008403361344537785,0.38044326348488205,15372.5,97683.54221517776,978,22334173,23523769,901071,639539,5527893,3593001,3517255,2870971,5421451,3697147,2898881,3449917,2495246,1449210,0,2198435,1572376,5625549
292,000822,2018-04-04,0.02156334231805923,0.02425876010781658,0.14892237925410323,12000.0,88842.74068407757,2487,50959692,51448735,2483745,1250083,10627470,8416134,12353208,8507659,9541755,12066343,4879081,4766478,2152040,6494209,1761343,3163580,7161050,6784249
293,000823,2018-04-04,-0.033639143730886834,-0.016309887869520923,0.2337405567492509,19520.0,104433.14763948154,1762,51863250,41182378,1512076,1631598,9301810,7927071,8366350,5731365,12297986,6372786,6717553,5433680,5208841,3668284,2381971,4025615,6076663,6391979
294,000825,2018-04-04,-0.014414414414414378,-0.0018018018018017834,0.10575871022253604,16650.0,189641.80857091985,2763,88971398,108303057,1360243,2345349,8879314,11402646,8661185,12269974,16345157,21081747,12713144,13669332,10260879,5997845,5253355,5299099,25498121,36237065
295,000826,2018-04-04,-0.0006898930665746317,-0.004829251466022644,0.771878890453737,23080.0,145260.0335512657,1410,49750353,42650798,1288538,740940,7154787,5568185,7432459,6110105,9489035,7205064,5378853,6183711,989054,2713712,4199077,3146132,13818550,10982949
296,000828,2018-04-04,-0.01424501424501412,0.0009496676163343043,0.5055412059223645,10550.0,39383.950803332664,433,4388761,5823486,310309,573896,1352822,2039042,795008,1356763,1179833,1103399,402246,407511,348543,342875,0,0,0,0
297,000829,2018-04-04,-0.008839779005524906,0.0055248618784529135,0.3125348312507364,4570.0,48460.92531177396,838,10644029,6691881,807817,924297,2527268,2380411,2659333,1446977,1363356,887820,506940,723505,1359172,328871,882263,0,537880,0
298,000830,2018-04-04,-0.024841132293471957,-0.006354708261120723,0.2966598950649,72030.0,290440.26833597885,3407,295709966,261291664,1241435,810821,12934154,12535589,21732033,18639269,49203998,33712492,41970841,34441217,32310319,26855691,22008913,13295696,114308273,121000889
299,000831,2018-04-04,0.016267123287671215,0.018835616438356295,0.2165514038060789,47116.5,243920.85236899296,2914,167472095,182105439,1362520,1156230,13201218,11371182,19672170,16247663,31786989,28387441,23140125,22976163,17598098,19106704,7494917,7428339,53216058,75431717
300,000833,2018-04-04,0.0066006600660066805,0.00990099009900991,0.24936297812185246,4920.0,36335.81002911566,590,5041828,4739767,760458,439461,1700209,1475829,1584786,989795,702965,389260,293410,463095,0,982327,0,0,0,0
301,000835,2018-04-04,-0.007012622720897643,0.0,0.30522850902836135,4308.0,30920.18277427816,545,5218811,3297324,776384,366565,1949611,1307442,1007011,1035206,750869,107400,734936,480711,0,0,0,0,0,0
302,000836,2018-04-04,-0.006396588486140775,0.002132196162046851,0.12844435865426904,10844.5,82156.06199763868,1336,26992733,24078404,1180866,1190308,6346734,4722155,4605541,4106680,4335216,4741114,5075398,3382093,375089,2347904,1414040,2651317,3659849,936833
303,000837,2018-04-04,-0.010544815465729385,-0.00702987697715296,0.17672613774610804,11500.0,50444.97555390305,1037,16690869,13480624,905412,947356,4323601,4609777,4128911,3028673,3140557,2921209,2608858,1203551,1063582,301771,0,468287,519948,0
304,000838,2018-04-04,-0.001988071570576677,0.00397614314115291,0.17224332749828564,7098.0,45725.577738339765,853,10595027,9581559,761073,841238,3069171,2604884,2368586,2063593,1749147,2106865,2028366,938566,618684,624734,0,401679,0,0
305,000839,2018-04-04,-0.014025245441795176,-0.004207573632538653,0.15141223686844818,17775.0,159540.29134261588,2221,75479370,74106060,1971729,1745410,10107360,8687824,11721385,7037722,12004768,9856712,8316060,9331857,6351547,5550999,3986466,4439889,21020055,27455647
306,000848,2018-04-04,0.02178649237472774,0.016339869281045694,0.24840158795783504,9345.0,86841.22780456403,1366,20075652,29695335,2011634,1161879,6098523,5171582,4149264,3496956,3723187,4819912,995875,2085359,1013145,2782876,468639,4161288,1615385,6015483
307,000850,2018-04-04,0.004705882352941115,0.0023529411764704466,0.1654319581651899,3396.0,80573.37146151409,660,10217443,7637403,646097,238590,2463260,1276936,1981901,938936,1603720,1024914,1608565,1010502,339200,763955,426000,426000,1148700,1957570
308,000851,2018-04-04,-0.030963302752293753,-0.016055045871559703,0.22766833247233326,13012.5,95043.21054140179,1468,39174690,24718314,1520754,1331530,6361342,5379705,6582556,4641404,8091307,5788496,6037478,3253078,2437458,1020837,4051152,893654,4092643,2409610
309,000852,2018-04-04,0.0,-0.014895729890764708,0.18869996222899288,36072.0,930109.2687205921,2851,410499957,134858349,1738047,1260583,14829830,9882934,18603788,12382978,26069840,20643908,16566349,12783661,14006925,11585292,11231839,5465186,307453339,60853807
310,000856,2018-04-04,-0.03659147869674184,-0.017042606516290748,0.4237080943352003,25792.0,123077.45565159022,2218,69057658,69819904,1378509,1937000,10679540,13519296,11164497,12285437,14094946,14412171,9031448,7805184,5863228,4932744,4030046,4500073,12815444,10427999
311,000858,2018-04-04,0.03586247777119156,0.04030823947836404,1.1269294485786625,453342.5,1170720.3856814664,3586,1238076939,1531382111,63364,77387,2631615,2837916,7968764,9018304,34402974,30606014,48415851,38837150,58343856,39780294,55311833,58686268,1030938682,1351538778
312,000859,2018-04-04,-0.005333333333333301,0.005333333333333412,0.16090630305034886,3008.0,45174.89260540325,543,4194800,6228436,393955,480326,1383480,1811028,769339,1915233,224692,1110357,534209,534492,0,377000,889125,0,0,0
313,000860,2018-04-04,-0.0008968609865470656,0.009865470852017832,0.4070731408787891,22830.0,239288.41485237444,3010,118370394,134984075,2924292,1959503,17811290,10007648,14196505,11589757,17939217,16271129,13380890,10871533,7440830,11797268,6700799,6744771,37976571,65742466
314,000861,2018-04-04,-0.006968641114982632,-0.0034843205574913716,0.13585190507094044,2880.0,29509.789727342984,446,3484110,2018278,345365,371885,1434762,737383,651934,532594,668523,142848,0,233568,383526,0,0,0,0,0
315,000862,2018-04-04,-0.053763440860215006,-0.03440860215053765,0.09691525440888671,12824.0,808664.8869746336,2315,151735986,78532073,1052294,2887489,6236789,11143470,6705178,9920033,12263071,12278946,7388567,6452673,2750439,4198704,5402170,1850371,109937478,29800387
316,000863,2018-04-04,-0.00634249471458781,0.0,0.22361704625793885,2390.0,32486.579354415615,447,3557523,2589856,313033,392127,1247727,1126992,561423,671730,770340,399007,0,0,665000,0,0,0,0,0
317,000868,2018-04-04,-0.014173228346456623,-0.0031496062992125706,0.14515582281199144,15480.0,171709.8790828642,1917,43873933,52179928,1553977,1443574,8641642,8536547,8075475,7221016,11104203,8071589,4669015,4463043,4551385,3981850,1718081,5877585,3560155,12584724
318,000869,2018-04-04,-0.007623888182973437,0.0020330368487928574,1.1535896635996588,23550.0,95235.47961269779,1163,29467059,33715187,780548,675521,6182383,6274588,5292467,4593025,6553899,8959389,2024382,3876891,3490699,2841655,1286005,1787501,3856676,4706617
319,000876,2018-04-04,-0.002735978112175075,-0.002735978112175075,0.14560907810926066,8041.0,193844.46765005152,2526,78165824,50329129,1502873,2033793,6772098,6065718,14367555,9108572,17233369,13221319,5626440,7932170,3453876,4964531,4034525,2160457,25175088,4842569
320,000877,2018-04-04,0.005893909626719207,0.013752455795677854,0.1969240299678967,11368.5,151861.24067631777,2676,68309829,71031807,2507331,1272699,11854177,8021178,9320592,7268752,15593620,12166261,8011160,8535944,2887962,6214357,3612707,5778907,14522280,21773709
321,000878,2018-04-04,-0.015097690941385467,-0.005328596802841923,0.30069549411921276,13536.0,90663.7054657712,1402,33940413,25583023,862921,1136113,5983999,7363895,5729049,3856749,6749854,4773865,3241354,4198296,3166467,1663022,2280445,1319830,5926324,1271253
322,000880,2018-04-04,0.0,0.005405405405405572,0.4703541071580355,9330.0,28716.636205615083,386,3408964,3847918,542612,467429,1415566,1886076,655878,1064363,589048,166380,205860,263670,0,0,0,0,0,0
323,000881,2018-04-04,-0.004295532646048206,-0.002577319587628968,0.3534932555295175,11820.0,103323.69349061043,1085,25607690,21744083,688872,958270,3914289,4672825,4142533,3502178,5525662,5337177,2575680,1754841,3121925,744330,873566,963705,4765163,3810757
324,000882,2018-04-04,-0.026239067055393694,-0.020408163265306256,0.06182416665369714,27929.5,211813.66620596137,3112,156726299,107345621,1715393,1436648,17136888,11231578,17142972,12999174,31620044,21955289,20609125,15595221,18623606,8459693,13197800,5841752,36680471,29826266
325,000883,2018-04-04,-0.004640371229698292,-0.002320185614849146,0.09112209790829041,861.0,47133.193355565985,2251,11149036,11861564,949919,1828298,4024122,2276172,1581783,1430291,1198840,1347313,1026433,925061,1049646,0,1318293,1341562,0,2712867
326,000885,2018-04-04,0.0020188425302827273,0.004710632570659401,0.3576879167526386,13491.0,63503.638468667654,1726,24643426,31860015,1370588,1856162,7321719,8511197,5154213,5950497,5348797,7374897,3418657,2933881,943452,634510,402000,1782902,684000,2815969
327,000886,2018-04-04,0.021361815754339153,0.014686248331108098,0.14927789935199623,48064.0,413920.07514474867,2529,203602268,210420027,1121161,1088289,9659255,9367100,14291399,14120894,24182458,21531099,21462499,17526928,14869219,18951989,10599286,14770268,107416991,113063460
328,000887,2018-04-04,-0.025109170305676942,-0.018013100436681362,0.4159775935717017,12596.0,97998.62596730403,1940,53556941,30635240,2692430,1185748,9786716,5330505,8708826,5940320,10848416,5162640,6208935,2929677,5277490,2061432,3591295,2217240,6442833,5807678
329,000888,2018-04-04,-0.0010384215991694479,0.0010384215991692258,0.25057885888153497,10648.0,45288.70621124537,1477,15176243,23801581,978420,1740345,4713742,8115706,3759389,5347685,3225771,5005407,1645570,2133467,370851,950021,482500,0,0,508950
330,000889,2018-04-04,0.0021276595744681437,0.0,0.48319585907157614,11320.0,49515.30690665552,851,7946441,12369413,495037,1042881,3385927,3796597,1840917,2378008,905910,1974982,952548,1225027,366102,0,0,1327768,0,624150
331,000892,2018-04-04,-0.002577319587628857,0.0012886597938144284,0.25767857676364286,2343.0,27174.637067527667,908,4381207,5335295,694884,1311247,1422255,2006056,1263178,364237,661650,645401,0,1008354,339240,0,0,0,0,0
332,000893,2018-04-04,0.00886524822695045,0.0035460992907803135,0.16275485093517333,15295.5,89346.91583660105,1202,25390769,30064494,1034160,1035391,5568787,4706526,3522450,4646239,6292863,6004752,5565577,4108882,1383958,3084698,1335694,1307292,687280,5170714
333,000895,2018-04-04,0.03434343434343434,0.03919191919191922,0.47062013730176655,30552.0,196725.23672444985,2768,100937518,145470001,1831678,753364,13419682,9467585,14777445,13536199,17559493,24774666,18795954,29402772,8577181,11301063,8414422,10667623,17561663,45566729
334,000897,2018-04-04,-0.009554140127388644,0.0,0.10933024941042656,2512.0,31029.533186289445,826,5869698,3419929,1033897,464672,2594915,1078978,918665,648331,596253,317913,297672,212310,0,697725,428296,0,0,0
335,000898,2018-04-04,0.0,0.008460236886632888,0.12280090073043048,10710.0,165593.88548526095,2322,54928257,67044508,2147692,1721000,10605654,7352171,7501667,7265671,8442711,7301933,5310538,5015020,5329093,3108808,2321647,4881881,13269255,30398024
336,000899,2018-04-04,-0.010040160642570406,-0.008032128514056214,0.25068364358236656,2477.5,57839.48987427434,394,3978299,3303305,338850,317611,1435229,769385,608214,380465,911291,373755,684715,230204,0,322885,0,0,0,909000
337,000902,2018-04-04,0.010395010395010562,0.011434511434511574,0.25196028164384626,8730.0,125163.86197164944,1461,33828474,24748524,1270567,2025597,4242823,4004048,5808733,3053610,5644624,4579355,5445257,3460230,1774332,1111831,1328408,1390025,8313730,5123828
338,000905,2018-04-04,0.004102564102564044,0.006153846153846176,0.35195084773850294,11760.0,63140.65711758731,767,12719811,10347021,828466,829729,4221792,3082016,2481910,2022386,2144513,2278839,206010,496548,1015036,652503,1822084,0,0,985000
339,000906,2018-04-04,0.014175257731958713,-0.003865979381443174,0.3564909213277741,7730.0,61938.05854525955,473,8258317,5797074,341076,427369,2365279,1605050,1380655,1155072,1934296,1840282,490555,0,1746456,0,0,0,0,769301
340,000908,2018-04-04,0.0,0.0,0.25436224485625625,4888.0,238831.91747606377,576,21374725,0,1342854,0,2894428,0,1281267,0,2070068,0,759943,0,1614335,0,907335,0,10504495,0
341,000909,2018-04-04,-0.034782608695652084,-0.019323671497584516,0.3760484363902075,10280.0,49007.74864645293,757,13212675,7212999,592889,555551,4199524,2934280,3032367,1476760,2443805,1187003,1889584,691975,317616,367430,0,0,736890,0
342,000910,2018-04-04,-0.007444168734491274,-0.008436724565756726,0.5747402713713303,10010.0,81348.74553289435,1230,26065711,18495191,1346729,935574,5690182,3704467,6111990,4286020,4720810,2751304,1774569,1986477,1408586,1826268,860100,1807919,4152745,1197162
343,000911,2018-04-04,0.01744966442953011,0.020134228187919323,0.29881943968353714,9893.0,46401.763327909335,621,7884359,7596121,614027,710011,2503284,2679023,2028686,1428292,800462,1362143,892327,898036,1045573,0,0,0,0,518616
344,000913,2018-04-04,0.011363636363636243,0.014520202020201989,0.7796020455918508,16124.5,187184.10067558003,412,8133454,10398669,408238,275369,2183122,2354433,1256966,1699264,842265,1624302,500362,217890,965063,693792,0,0,1977438,3533619
345,000917,2018-04-04,-0.017127799736495364,-0.005270092226614009,0.24698417398469316,15949.5,102620.323898849,944,29411383,21118026,760263,907428,4122563,3514069,4582632,4519080,5159856,3382618,4683299,3342690,3300927,1640103,1292419,2640193,5509424,1171845
346,000918,2018-04-04,0.008583690987124415,0.010014306151645114,0.2346644958994287,12070.0,95464.17584191904,887,15860272,22052676,1038613,641158,3763886,2997341,3868392,3650045,2337606,3526669,1181940,3478919,689410,2004879,905198,487123,2075227,5266542
347,000919,2018-04-04,0.00936768149882905,0.012880562060890055,0.2441166724339855,17330.0,75942.11278857254,1224,23788652,26964039,1426723,809509,6052197,5140636,5745000,6175873,3687168,7056284,3116738,2861294,682310,3089763,0,0,3078516,1830680
348,000920,2018-04-04,-0.03711558854718977,-0.022269353128313796,0.22958514003452488,20394.0,226839.73246245735,1689,68893766,53930952,1004692,1633387,6724125,8554625,6906741,8513118,10386249,7964513,5978765,6314108,8206979,3061860,9393425,1737095,20292790,16152246
349,000921,2018-04-04,-0.02183406113537123,-0.015720524017467263,0.2573522489134155,19261.0,98679.49161648379,1982,56531199,35626980,894534,1112177,10322815,9557383,10253734,6372698,20077165,9753034,5001888,3205629,1586282,1416971,831567,1386264,7563214,2822824
350,000922,2018-04-04,-0.03148614609571787,-0.030226700251889227,0.2390190054568783,10990.0,158571.62332684925,1105,31696161,19015901,658111,1350236,4166459,4912539,4303023,3409308,3739750,3337626,3180584,1398254,2354388,0,1306041,494450,11987805,4113488
351,000923,2018-04-04,-0.02425373134328357,-0.013992537313432862,0.5785261764155255,12771.0,112453.23330666407,1374,28184150,17618649,1026451,1125111,6920580,6331731,5259326,2919644,4440510,3319569,1403078,253188,1033537,1078198,428600,0,7672068,2591208
352,000925,2018-04-04,-0.03804347826086962,-0.02406832298136652,0.4161692384416781,13854.5,56549.137696160346,958,15492111,14284806,903013,565679,5031923,4730462,3178162,3472777,3058166,1565215,2327340,2246873,0,666575,471987,406725,521520,630500
353,000926,2018-04-04,-0.01698513800424628,-0.005307855626327074,0.1849791558767741,5646.0,83122.29316341899,2596,36710018,16255425,5770813,1487676,8995776,3838361,3598158,3932152,2665568,2214709,3574326,1065810,2354450,1766757,1329515,461127,8421412,1488833
354,000927,2018-04-04,0.012499999999999956,0.012499999999999956,0.13460662116423477,8379.0,78028.0980222303,884,14568879,16427855,1447699,656165,3227479,2443249,2522229,2281419,3040488,3616117,2377967,2850923,660394,1356629,489635,0,802988,3223353
355,000928,2018-04-04,-0.016949152542372836,-0.011299435028248483,0.1434676005781798,1592.0,95230.0341940205,1372,17326252,12632414,707537,1008450,2684856,3317319,2014475,1243450,3277923,2663424,968528,930300,336444,691929,1258240,0,6078249,2777542
356,000929,2018-04-04,-0.013590033975084848,-0.003397508493771184,0.3642145757210302,8900.0,35912.02770776766,587,6962235,4981173,769545,603351,2214413,2359326,1575500,1599720,1199996,418776,762781,0,0,0,440000,0,0,0
357,000931,2018-04-04,0.003072196620583778,0.003072196620583778,0.20186769266439278,13240.0,113825.19233286771,1041,24547069,18484625,931622,811300,5534651,4117146,4323174,3242235,5055940,2128331,1679706,853875,1088551,1763062,488999,937314,5444426,4631362
358,000932,2018-04-04,-0.03937007874015741,-0.019685039370078816,0.15665583910620223,22800.0,267834.5811766415,2372,136150928,82232949,1699793,1474479,11339593,7528510,13364143,10257870,18264968,18088547,16753506,11215577,10002170,7014435,4908206,3904119,59818549,22749412
359,000933,2018-04-04,-0.020000000000000018,-0.006666666666666599,0.14547093930139884,19578.0,134048.87982204263,2663,94738128,59702393,2015117,1312216,15832255,8583101,15066087,10595012,19433637,11977479,10422178,5516832,5258375,3835245,5303424,2287903,21407055,15594605
360,000935,2018-04-04,-0.040609137055837574,-0.027918781725888353,0.3938441555535539,26252.0,94275.47118253159,2503,77124960,63232481,1767206,1872834,13479665,11895866,16878636,13322696,17448776,14971733,9706503,7544277,6548129,3788942,2552277,3972431,8743768,5863702
361,000936,2018-04-04,-0.04878048780487798,-0.02682926829268284,0.149359792343349,38400.0,236254.34499457298,3023,167279234,123477344,1525763,1805660,12720098,14341246,19205025,18066313,27945400,27878082,19235166,15137346,16480784,11565480,13147728,8814089,57019270,25869128
362,000937,2018-04-04,-0.008032128514056214,-0.004016064257028162,0.13889978538115627,4970.0,65727.34231107899,1287,13828283,16699162,1091523,1712702,3230008,3875977,2732702,1879026,2645758,4148301,462804,1617264,1341149,699308,497000,958646,1827339,1807938
363,000938,2018-04-04,-0.037935323383084696,-0.02674129353233834,1.455088770002575,71892.0,353729.84450249514,3057,315038943,236104767,1110515,858889,11933507,12461820,17983775,17440898,36218682,27053865,32379901,26780959,26022384,19051723,26734821,20699328,162655358,111757285
364,000948,2018-04-04,-0.027216856892010588,-0.009657594381036083,0.3919885559099034,11390.0,46090.81675320138,844,13879232,10340711,797901,519543,4287280,3261933,3147072,2573146,3615443,1899085,1378086,1739914,653450,347090,0,0,0,0
365,000949,2018-04-04,0.025974025974025983,0.02857142857142847,0.1928365295348691,7800.0,110525.49765712584,398,3624405,6585694,396750,363016,1395705,1678721,571993,712425,784751,1010579,475206,200592,0,0,0,0,0,2620361
366,000951,2018-04-04,-0.004192872117400492,0.0,0.3943113074037157,14460.0,70002.13133221604,1317,25311750,19827820,1001369,934340,8539927,5377048,4153820,3871617,4967149,4639091,1950329,1447680,1441108,1438328,1307198,807832,1950850,1311884
367,000952,2018-04-04,0.000671591672263272,0.020147750167897938,0.421184340753547,13729.5,83917.61726741631,1250,24370826,25546214,828378,1409557,5489364,5363457,3390665,4913956,4131736,4035589,2420880,3011323,3361906,3631406,1351127,459946,3396770,2720980
368,000955,2018-04-04,-0.014945652173913082,-0.0013586956521740579,0.1750782044895219,26064.0,190306.7992838851,1772,67801152,81259275,1280313,958622,8819325,8292668,8589943,8742795,11815516,11572260,6621140,8805218,9197100,6139591,3044786,5185618,18433029,31562503
369,000957,2018-04-04,0.002262443438914019,0.012443438914027105,0.20914348064055738,8050.0,60398.62022746692,1788,24215892,20606433,1846505,1588930,6461232,5102418,5446623,4230546,6099932,4213484,2275943,2046324,641305,2060259,0,0,1444352,1364472
370,000958,2018-04-04,-0.011235955056179692,-0.0022471910112359383,0.14628632171633338,7624.5,62237.37184302105,926,10417086,11315451,781308,1279302,3211891,3738481,1887727,2102270,1239168,1604074,2117855,474354,649889,312900,0,499520,529248,1304550
371,000959,2018-04-04,-0.0021186440677966045,0.0,0.10314127831390439,4780.0,36029.27216572745,2104,16325692,13249209,3329671,2012877,6309092,3867503,2964325,2012091,1609972,2025538,492842,2598347,352544,732853,0,0,1267246,0
372,000960,2018-04-04,-0.028273809523809423,-0.019345238095238027,0.3086972247177677,24075.0,138145.79352130377,1896,77148907,43536478,1359322,1121368,9768227,8939524,9948915,7826783,17531792,10537611,9447997,5798877,3650558,2808191,4798233,402868,20643863,6101256
373,000961,2018-04-04,0.015256588072122046,0.020804438280166426,0.13141662153652037,9685.0,234915.7918921129,3018,103061067,138510381,1538107,3988353,7718503,8756163,9293379,11790397,16799482,12591212,13139947,9543090,8048569,13950437,4839637,9742218,41683443,68148511
374,000963,2018-04-04,-0.01970588235294124,-0.013970588235294179,1.3272270285933698,67625.0,385289.5108025887,2628,277892172,196926684,939334,516081,15341495,6694815,17973943,9349820,32324540,19413173,27263996,21616817,23363813,13688326,18730694,11017033,141954357,114630619
375,000965,2018-04-04,-0.014336917562724039,-0.007168458781361964,0.19051955985098895,11130.0,90947.63147019211,858,16172861,13653361,709298,863207,4053419,3253850,1902206,2267488,3819536,2812871,758801,1122958,301818,0,917784,414145,3709999,2918842
376,000966,2018-04-04,-0.019999999999999907,-0.005714285714285672,0.16868876169863262,10485.0,65841.39920077394,430,10039793,4730056,398039,362567,2183823,1353526,1629831,719759,2107183,1742698,1291917,551506,1437800,0,409944,0,581256,0
377,000967,2018-04-04,-0.006345177664974555,-0.0012690355329948444,0.3456572335145341,9492.0,57286.14647889133,519,6612181,8081947,619424,489266,2469890,1816279,1262699,1936758,1555344,1512379,704824,724860,0,396415,0,418968,0,787022
378,000968,2018-04-04,-0.01953125,-0.007812500000000111,0.37094687656408054,8890.0,46163.920544488865,1192,15022025,15726176,1191208,1153029,4539055,3910065,3471807,5915197,3100326,2192475,713000,1035243,2006629,1095987,0,424180,0,0
379,000969,2018-04-04,-0.018796992481203034,-0.0025062656641604564,0.23027341861328832,8833.0,71642.60724137467,1201,22559291,15539240,1899508,559467,6243193,3267239,3754272,3051541,5020734,1641951,2169482,2736803,692275,1386098,438725,472378,2341102,2423763
380,000970,2018-04-04,-0.01831806827643634,-0.008326394671107407,0.26800861564129363,20485.0,140350.480399791,2009,66604135,64471215,1277982,1489389,8367507,9581577,9419210,7829544,14359449,11232282,9320717,7887233,5688398,4536548,3540961,2250016,14629911,19664626
381,000971,2018-04-04,-0.013788098693759077,-0.006531204644412147,0.3445415114118145,14998.5,78889.03630867248,1600,38144216,29458912,973794,1336077,7781501,7461648,7317571,5392475,7196856,7941460,4865811,2902628,2814270,2405677,2579573,1334857,4614840,684090
382,000972,2018-04-04,0.0176322418136019,0.007556675062972307,0.20411813130692896,11813.5,84418.82939273723,378,10228055,5694212,233593,303654,1659098,1247284,1344350,902421,2308960,722570,1343366,1341800,1708688,368955,404000,807528,1226000,0
383,000973,2018-04-04,-0.02929687500000011,-0.015625,0.1650300404697021,8653.0,98195.18659721187,963,17358329,11177271,1293658,670520,3903827,2862173,2745461,1928649,3324911,2908559,1090388,742381,306000,0,449072,0,4245012,2064989
384,000975,2018-04-04,0.03003412969283281,0.04027303754266209,0.3409949469294962,25483.0,254329.85730657628,1848,32507193,113714423,1120304,1008393,7690660,9543593,4673273,10572844,8207982,21482835,5509676,19848709,2338016,13416916,1825162,4489888,1142120,33351245
385,000976,2018-04-04,0.0048367593712213,0.0048367593712213,0.28023734467258066,5817.0,59728.39369123402,871,8047613,7912067,3246883,363401,1185857,1263350,871772,648769,1098884,412033,267948,1483380,0,636546,1376269,1868551,0,1236037
386,000977,2018-04-04,-0.021276595744680882,-0.021276595744680882,0.41355317587490004,102673.5,545390.2105081283,3234,453101928,420776888,804195,721509,10582726,9705139,18227346,18195169,35778831,36881411,40815064,39370572,26373264,33934195,24179477,25751103,296341025,256217790
387,000978,2018-04-04,0.0026525198938991412,0.006631299734747964,0.2658391579104137,11430.0,62225.12141573602,804,12116737,15178968,857575,812800,3296491,3589671,2884487,3815110,2686625,2982885,1669699,1358431,721860,382000,0,893136,0,1344935
388,000979,2018-04-04,-0.018181818181818077,-0.018181818181818077,0.032742466883705884,7290.0,142538.2956390258,2642,61595289,40252140,2280848,2323571,9059774,8978240,6667063,5030983,10400232,7776130,3980478,2056928,3527627,2690039,4305292,2925974,21373975,8470275
389,000980,2018-04-04,0.010604453870625585,0.007423117709437932,0.2332045742464441,6706.0,41809.65976664086,1636,14262442,18769595,1318213,2289222,4600839,6526935,3481968,4495610,2704474,2496531,915077,935671,650349,1023024,0,463248,591522,539354
390,000981,2018-04-04,-0.0429769392033541,-0.03563941299790352,0.27607932022119497,6447.0,104579.29626908805,1197,26289205,21058040,2034797,596576,4118365,2597749,2752673,3154667,4597648,3889733,3201617,3397012,2501801,619615,4129574,1301476,2952730,5501212
391,000982,2018-04-04,0.003355704697986628,0.003355704697986628,0.13587870273746527,4784.0,65567.00418762906,481,5701372,6082682,333841,514064,1009390,1571087,940554,1552040,635834,1064481,796386,781010,305316,0,432354,0,1247697,600000
392,000983,2018-04-04,-0.002587322121604174,0.0038809831824060392,0.17964242027003308,13260.0,88070.08358370166,1853,41463365,36130541,2013390,1408200,8784103,7400387,6152585,5739966,11052942,5767331,3832660,4622562,3277404,4009414,1303443,1744317,5046838,5438364
393,000985,2018-04-04,-0.001098901098901095,0.008241758241758435,0.6088553605666347,12838.0,44260.09723393006,893,12426019,10746129,969390,810547,4237536,4117363,2138531,2399033,3486920,1988402,921277,442554,672365,0,0,453180,0,535050
394,000987,2018-04-04,-0.032757051865332065,-0.017288444040036377,0.2307616086358806,16215.0,74435.5051675993,2271,49801778,39561265,1873302,1574818,11329753,10262416,11429634,8167912,10814916,9884858,5653151,3358403,2076460,1699854,1352442,1798852,5272120,2814152
395,000989,2018-04-04,-0.017809439002671512,-0.0044523597506679335,0.5834168276065359,23618.5,142444.71519801792,1482,53436577,42659109,1041052,903671,8432191,6851644,7433947,6849911,8443539,7462840,10650440,5334777,1880659,2745159,5936719,2728094,9618030,9783013
396,000990,2018-04-04,-0.010046885465505695,-0.007367716008037428,0.4261548865830312,4491.0,41988.02489390098,1227,14964871,8134721,1047565,1258950,4455487,3171763,4160893,1557429,2534943,886133,1579207,237440,329780,0,856996,445215,0,577791
397,000993,2018-04-04,-0.04140526976160608,-0.031367628607277265,0.19870750167466553,15520.0,124367.75197774179,1611,42176181,23396833,1369172,1318003,8283826,7362883,5874081,4953640,8038151,5025907,3411700,1787582,2770088,1310490,889288,480070,11539875,1158258
398,000995,2018-04-04,0.019305019305019266,0.025740025740025763,0.25698740483490373,7186.5,59820.41555093779,916,11307840,11347804,756632,1062415,2716172,2895121,2002004,1979414,1963699,1835245,1086848,1257662,323610,1368179,839694,413908,1619181,535860
399,000996,2018-04-04,-0.0022421524663678305,-0.002989536621823663,0.33712548868662695,20055.0,108359.05358367937,1575,47269631,32981417,914318,1121424,8395560,8020065,8450158,7207652,9516926,8161231,6822118,3312622,1723806,1738066,814646,888964,10632099,2531393
400,000997,2018-04-04,-0.02421307506053272,-0.019854721549636856,0.39588090132604414,43071.0,237731.5641848673,2723,186439812,144064397,891127,826595,12659252,11908504,14915676,14065783,27000629,26070275,26362573,18544771,16055600,10752908,13071694,14569151,75483261,47326410
401,000998,2018-04-04,0.015169660678642671,0.007984031936127733,0.5019059144589725,27830.0,120150.61713205159,2501,84415635,73155529,1004571,698011,15495028,11330015,12479801,11659775,17999279,24099842,9542043,6151755,8278049,5317845,6767290,1738535,12849574,12159751
402,000999,2018-04-04,-0.007717750826901959,-0.0011025358324145973,0.6219495367041473,18223.5,101197.0290279345,1914,49951051,48116725,1639182,1303103,7588366,9094631,8830933,7857267,12185960,9945030,6268670,7113111,2652921,4914028,4384211,1668014,6400808,6221541
