,code,date,pchange_whole,pchange,change_std,amount_median,amount_std,length,sumsell,sumbuy,sell_vol_0,buy_vol_0,sell_vol_1,buy_vol_1,sell_vol_2,buy_vol_2,sell_vol_3,buy_vol_3,sell_vol_4,buy_vol_4,sell_vol_5,buy_vol_5,sell_vol_6,buy_vol_6,sell_vol_7,buy_vol_7
0,000002,2017-10-09,-0.03570127504553733,-0.024043715846994496,0.46999764422488066,141804.0,1024296.3894638764,3415,644143492,671159887,475040,644835,9422258,7421725,17414356,20661785,38363705,35505691,42115937,40000288,39553858,38258542,40434079,30840982,456364259,497826039
1,000004,2017-10-09,0.014107883817427336,0.009543568464730257,1.1625896117896373,12085.0,41723.26117189635,429,4824480,5614828,348039,478481,1973050,1973997,1156233,899381,874306,924312,472852,900275,0,0,0,438382,0,0
2,000005,2017-10-09,0.0,0.003937007874015741,0.16248707643426558,9162.0,63671.053474349006,978,12791865,15185833,871422,1010910,3102467,3916628,2414715,2473995,2672094,3517801,1351922,1693925,341700,791750,915691,412668,1121854,1368156
3,000008,2017-10-09,0.009977827050997812,0.0022172949002217113,0.24505754856321896,10836.0,90916.55145218593,1355,29671385,23054751,1420296,1655579,7315355,4536742,4453995,3117911,4960653,3790756,1878553,3374530,2513581,383419,2692014,1352210,4436938,4843604
4,000009,2017-10-09,0.006578947368421018,0.00986842105263186,0.18396161964787694,30376.0,303792.34860821156,2460,139199505,153256790,1624009,1578479,10382707,10156049,14165811,11266608,20769118,21491241,14264618,17777798,5533784,11681989,6833182,10467703,65626276,68836923
5,000010,2017-10-09,-0.0037105751391465214,-0.011131725417439675,0.14131902433037405,12852.0,81635.53745733779,1458,30782894,23245987,1121745,1119899,7132921,5682620,5863974,4038242,8867458,4515554,2891892,3070255,1763463,0,1449479,485779,1691962,4333638
6,000011,2017-10-09,0.0030364372469635637,-0.0015182186234818928,0.4451869507160918,23832.0,107103.59284419223,1970,59228774,56294104,1662554,1549154,11128245,9557123,9816122,10724437,13750039,11350834,7468855,8763899,5733342,3447267,4475940,2633836,5193677,8267554
7,000012,2017-10-09,0.0011904761904761862,0.0023809523809523725,0.23805580510818067,13472.0,132658.27944304034,1245,31207645,29545038,1103371,1421124,4953329,6281773,2887218,4935813,4602658,3920262,1184049,3153854,1976525,3145316,3966071,1875239,10534424,4811657
8,000014,2017-10-09,-0.007075471698113289,-0.005896226415094463,0.7548078606258584,10122.0,68714.72690062852,504,7744238,8443568,744557,325549,2411787,1531775,1212675,3539923,1073623,822702,686594,786892,391672,661936,430440,0,792890,774791
9,000017,2017-10-09,0.00512820512820511,0.00512820512820511,0.3858011432161418,8613.0,50327.23240027236,408,4101005,5142857,346189,550225,1298008,1813536,807212,1270879,889224,532974,0,0,358938,369104,401434,0,0,606139
10,000018,2017-10-09,0.006321112515802696,0.010113780025284402,0.204614978335359,15960.0,167607.51710580816,1495,37702688,45996640,959732,1684480,5675810,8640310,4740195,6905331,6001011,6764684,4943046,6708449,699156,1697266,3028438,899754,11655300,12696366
11,000020,2017-10-09,0.01594896331738438,0.018075491759702356,0.7792489032938578,18940.0,44357.45921849489,582,9584286,5968529,380063,603097,4685659,2278559,1492894,1999372,1139310,880520,238875,206981,1094594,0,0,0,552891,0
12,000021,2017-10-09,0.015706806282722363,0.019895287958115127,0.18679166005717784,28530.0,212885.93937459082,2618,94849850,120215408,1566913,2473712,12740041,11916593,14546209,13703421,18843489,21279904,8391342,13050217,6986139,4103890,6374850,6600430,25400867,47087241
13,000022,2017-10-09,0.018882769472855943,0.016522423288748866,0.9185444454841052,18046.0,77769.3616046559,765,15425317,16108731,526612,450240,3756548,4058184,3231564,3439707,2886473,3824760,1425401,3315234,712193,0,485522,462894,2401004,557712
14,000023,2017-10-09,0.009072164948453532,0.007010309278350668,1.1062817156470588,12250.0,57110.86480575071,480,9102192,4367572,810175,316419,2884413,1504649,1849139,669472,1258007,867589,730480,1009443,349778,0,488200,0,732000,0
15,000025,2017-10-09,-0.0054669703872437525,-0.0015945330296127658,1.1336946668951509,17444.0,47778.55943266063,1499,21838632,26428098,1324893,1817021,7126075,8409928,7221878,6115047,3662922,6252136,1667944,1991703,316080,371790,0,460425,518840,1010048
16,000026,2017-10-09,0.0025316455696202667,0.0,0.43393132389369243,7092.0,54418.089129611995,745,10212586,8408925,1407177,406386,3053655,2238693,2283327,1430203,1882642,1851821,834310,1234422,751475,352836,0,0,0,894564
17,000027,2017-10-09,0.0,0.006163328197226425,0.2148860995398048,6840.0,81764.51983781475,912,11194509,15988151,687004,1274579,2971429,3295443,2173277,1834302,1777621,3012320,1175312,213703,1390466,2505469,466050,447485,553350,3404850
18,000028,2017-10-09,0.0044280442804427445,0.0048708487084869745,2.4856313017332825,13619.0,204640.28662952723,742,10554398,32614965,513688,1330078,2936960,3654866,2208263,3205674,2503484,3479363,1150021,1428313,0,1097249,0,2307967,1241982,16111455
19,000030,2017-10-09,0.006779661016949268,0.006779661016949268,0.2608006947077136,8910.0,189449.97812125465,1152,33629249,23693951,649704,1263430,3993969,5054922,2533430,3381671,1972399,2879385,929255,1576069,710051,357200,447167,1741661,22393274,7439613
20,000032,2017-10-09,-0.0022641509433961593,0.0,0.5135404110148153,14575.0,75335.98187641564,665,15156895,10156721,405258,663970,2836562,3738690,2497643,3141249,2300698,1412950,4291452,520232,713122,0,0,0,2112160,679630
21,000036,2017-10-09,0.002912621359223211,0.0019417475728153999,0.22861684763117093,18504.0,160004.15874485948,2031,57844496,73996485,813356,1525318,7084351,9382908,7800136,11847908,8635139,12304696,6056583,8401761,4337553,4950687,3126566,1879526,19990812,23703681
22,000037,2017-10-09,0.0011350737797957144,-0.0034052213393871433,0.3941620935209924,7008.0,67714.88080124007,499,6634083,4542189,349029,595194,1297460,1941415,1412062,896700,1176422,269782,434424,264880,0,0,866452,0,1098234,574218
23,000039,2017-10-09,-0.004862236628849215,0.0,0.43676104094529156,12932.5,177403.44648871588,1796,47143521,60284195,1140896,2952484,6241918,7097667,5439187,6265712,8945005,8065497,5780971,4996040,4277142,7775197,2200164,3921587,13118238,19210011
24,000040,2017-10-09,-0.0019505851755526882,0.0,0.4958559158076955,13927.5,155746.91289431203,962,32798040,24593336,733939,745075,3513776,4059515,4001047,2333399,4639601,3370484,5710817,3830133,1951646,2075416,1899143,859322,10348071,7319992
25,000042,2017-10-09,-0.005955926146515633,-0.007742703990470501,0.7353765193350055,8340.0,49231.94823466884,521,5513431,5300165,530751,558635,2422936,1165223,761339,897572,1461405,671093,0,274372,337000,699720,0,430458,0,603092
26,000043,2017-10-09,-0.01491146318732528,-0.013047530288909703,0.5059559012905414,10670.0,164248.1819261245,449,18938645,7325426,334498,312535,1566623,1777134,1524109,1515570,2348353,1731444,2778026,730960,2312919,675333,425165,0,7648952,582450
27,000045,2017-10-09,-0.0059322033898305815,0.0008474576271186862,0.3749507914521733,18688.0,83690.82591604078,990,20990925,22291869,757551,512253,5444005,4887901,4294219,3787582,5319565,3869389,2411987,4282708,319780,1720114,435554,447122,2008264,2784800
28,000046,2017-10-09,-0.003658536585365746,-0.0012195121951219523,0.383221188834027,14724.0,211181.89853907586,457,13352695,13958065,452084,413488,2418983,1527970,2520188,1277086,2100231,875396,404415,269780,1356666,1152491,835018,492651,3265110,7949203
29,000048,2017-10-09,-0.014453125000000067,-0.01171875,1.4206666987984324,12620.0,102251.53365270936,324,9683934,1721639,238550,236604,1447179,763462,1587167,378784,2235122,342789,947440,0,0,0,496076,0,2732400,0
30,000049,2017-10-09,0.004871395167576065,0.003312548713951813,1.2574491495615647,30852.0,121795.95362360319,1665,55244032,50151172,434314,946523,8926964,8775867,12140880,9562029,10090487,10023412,5488117,5480569,5505210,2698116,2619942,890292,10038118,11774364
31,000050,2017-10-09,0.03237095363079634,0.03718285214348205,0.3923212810116245,131312.5,737313.8633517345,3400,480072140,652860648,326426,428780,8213046,9801676,21265287,23532066,44091518,43990076,42103503,42900853,31056415,39092739,30771216,34210371,302244729,458904087
32,000055,2017-10-09,0.00512820512820511,0.002564102564102555,0.20754372075874342,11670.0,142313.16903134034,1413,28526186,25872240,2119784,1091638,7612178,4902122,4607107,3540246,3917005,5291579,1524530,1490048,2809999,1740890,2684866,956958,3250717,6858759
33,000056,2017-10-09,0.007874015748031704,0.006299212598425141,0.5709282442992886,10212.0,47111.31370471976,494,4789689,6445052,352310,530273,2319479,1791196,1141452,1711677,694452,1166430,281996,482206,0,0,0,0,0,763270
34,000058,2017-10-09,-0.036504424778760924,-0.02986725663716805,0.1753970993155738,33782.0,539837.4773623009,2665,146518938,150474751,1402404,2052343,8785476,13163480,13571644,15775260,23660682,23041339,11220980,15645163,7931034,11482441,9989455,9071508,69957263,60243217
35,000060,2017-10-09,-0.008807045636509137,-0.007205764611689314,0.23960818344386633,28497.0,500316.7850747037,2719,191084809,193524848,1325085,2306325,10285465,11469665,10303031,11842760,21861415,20526166,16920986,13652105,11448917,8449946,13557215,16680256,105382695,108597625
36,000061,2017-10-09,0.0,0.001129943502824915,0.2766664875892601,12432.0,69977.71054514125,1023,17379931,15790894,910036,1309603,5956930,4006838,4220753,4910438,2516365,1592863,1195349,466248,711372,0,413808,467614,1455318,3037290
37,000062,2017-10-09,-0.013980868285504044,-0.004047093451066908,0.6841117969617422,27180.0,182759.72621556255,1578,71912293,57739252,660497,1181877,6198741,8367299,8128413,9347685,10867070,11642586,10157640,6625626,6005804,5303171,3066127,1337554,26828001,13933454
38,000063,2017-10-09,-0.007284768211920478,0.0076158940397350605,0.5064669206354538,307937.5,8699573.783003028,3562,2750209924,2329419717,167555,277786,3507592,6075083,11598749,16977103,34675282,41382437,35952334,41526149,45694227,49306151,37257620,34445105,2581356565,2139429903
39,000065,2017-10-09,0.016313932980599688,0.016313932980599688,0.5957323679722558,23000.0,121423.67387710746,1449,36456194,40191768,931704,678193,8404409,8562970,7353724,5214082,5582397,9734761,4384585,3951783,1412497,1295780,914926,3092569,7471952,7661630
40,000066,2017-10-09,0.01501154734411081,0.01616628175519641,0.18867168276314666,29784.0,394874.1353650805,2109,95777277,152325454,1317584,1682152,10238534,9178213,9702263,12312171,12155681,14558133,13206442,11439898,9031138,9827575,6083572,12513031,34042063,80814281
41,000068,2017-10-09,-0.005673758865248235,-0.0028368794326240065,0.20482014024877554,13980.0,100717.1299133123,1186,26909249,23923414,939029,1173738,4860922,5648837,3365878,4404355,4791487,4823772,3088988,1848423,1703077,2434700,1349530,0,6810338,3589589
42,000069,2017-10-09,-0.005995203836930529,-0.0011990407673860837,0.16308431726267134,30060.0,334878.05997494597,2620,166473701,190985208,1143292,1912609,8383222,12844198,9792040,9245945,12740337,10537686,32861268,32848767,15284696,6441456,14035969,16614347,72232877,100540200
43,000070,2017-10-09,-0.01685823754789273,-0.01226053639846747,0.23550415608325861,53970.0,317454.10780405597,3079,193445607,214215880,1048779,1465020,12205102,12319965,18787598,19382870,37798971,30354843,23981174,26354624,16689087,22443516,14996605,15097736,67938291,86797306
44,000078,2017-10-09,0.009216589861751334,0.007680491551459223,0.12586842949638133,23634.0,201903.97713318106,2682,94632846,105811223,2524395,1941194,13078733,10260463,18542272,12504077,18568980,14808821,9694557,9808118,6250987,10481131,3109715,6274966,22863207,39732453
45,000088,2017-10-09,0.005656108597285048,0.006787330316742057,0.2744719067229183,16948.0,110746.65038935606,1037,19531788,23924921,887978,1180622,4357996,6135550,3425271,4232262,2604328,3853757,1950231,1881800,1011328,1732318,429944,1805702,4864712,3102910
46,000089,2017-10-09,-0.011428571428571344,-0.008000000000000007,0.17517732447187345,18270.0,83863.64067484757,2507,53941306,49295314,644868,3145515,7186184,14786033,22658269,10214766,11322860,6722085,3768269,3160465,2342913,3453429,1766800,903227,4251143,6909794
47,000090,2017-10-09,-0.0018214936247722413,0.0,0.31959273629541307,14228.0,121274.06697436754,1180,24446283,32639894,864776,1354144,4579096,5426652,4219422,5392068,4451870,5447335,2501444,2755185,2370199,1371835,1806867,1758772,3652609,9133903
48,000096,2017-10-09,0.0035511363636364646,0.0021306818181818787,0.7330417733416336,7065.0,27237.414774268495,368,3935209,1849050,429116,310622,1496212,1249932,863598,288496,864283,0,282000,0,0,0,0,0,0,0
49,000100,2017-10-09,0.03621169916434552,0.03621169916434552,0.061828986422438184,66295.5,704724.2711659973,3406,308913018,563742489,1170336,1013556,13067625,13029091,19389175,23403501,28016679,45489292,23100180,40789595,18654313,25626752,14330881,24665463,191183829,389725239
50,000151,2017-10-09,-0.0022896393817972704,-0.0028620492272465325,0.5965510641454953,24485.0,157503.4680244983,857,40349134,22387036,323086,870883,3432164,4553902,4434540,4306869,7012324,3851332,3725955,3418257,2473359,2759700,2675712,0,16271994,2626093
51,000153,2017-10-09,0.0049554013875123815,0.0069375619425173785,0.3784795598532908,10110.0,61417.170235355115,710,8688571,12292731,520753,617062,2764113,3060927,1482166,2233001,1904238,1874780,485720,2007075,1067991,938191,463590,406800,0,1154895
52,000156,2017-10-09,0.013085399449035862,0.013085399449035862,0.44669301583125126,14750.0,139425.14397558544,1056,30034636,30156198,749807,734542,5107692,4870290,3641465,4765900,3769263,5896911,4286470,3775001,1695664,1340376,3011398,3232509,7772877,5540669
53,000157,2017-10-09,0.01541850220264318,0.01541850220264318,0.08422558267045308,23511.0,232840.02948467355,2921,86079806,157981096,1424768,2533892,9824755,17130242,10054545,19004562,13596785,25920146,9245339,17778991,5749132,9163077,6703568,7269768,29480914,59180418
54,000158,2017-10-09,-0.015525114155251152,-0.013698630136986134,0.2379142448520207,21720.0,269412.6507205891,2119,75470074,93496656,720006,1737344,6646123,13992951,7454017,12396676,14295203,14772526,10373191,8030224,4375098,7590129,5370115,5872226,26236321,29104580
55,000159,2017-10-09,0.002958579881656931,0.004437869822485174,0.26322713958407784,10864.0,58215.55355812026,659,9752444,9327428,601449,701210,3060687,2899400,2148938,2260776,1569938,1470282,1234600,937340,318196,0,0,452880,818636,605540
56,000166,2017-10-09,-0.010135135135135087,-0.008445945945945943,0.13491397990739448,14088.0,285691.61230311345,1929,83726282,81901964,1394029,1320622,7719385,6912922,6991662,7041641,8339922,8957428,8683369,5935155,5586243,2068487,3399830,3123976,41611842,46541733
57,000333,2017-10-09,0.03727678571428572,0.04531250000000009,0.7528108527298605,147392.0,1085681.5238576457,3544,532464012,802940623,300688,361060,9877360,6010932,25243054,22800538,41937391,50477516,41752388,45029542,38899609,35937703,32897630,35812311,341555892,606511021
58,000338,2017-10-09,-0.005284015852047519,-0.003963011889035695,0.14017279363470395,23374.0,319129.8402115099,2924,135762831,151692289,1770015,1873719,13324020,14076976,12096303,14926207,20734706,16280544,11081003,11184496,10832927,8660014,4366047,8513273,61557810,76177060
59,000400,2017-10-09,0.010365853658536706,0.007317073170731714,0.3700686920771097,16365.0,130058.15090810509,1964,47548322,59066620,1148308,2664991,6845937,9947922,5668969,10171071,5940056,11627815,4859198,4620019,2031239,6287317,4958095,3114407,16096520,10633078
60,000401,2017-10-09,-0.00969696969696976,-0.006666666666666599,0.32975643228986934,34429.5,276811.33768686187,2504,163781058,108465569,1335602,1634008,11252899,10798713,16436537,13499235,22092079,20791445,17310288,11959946,13833665,7833877,15252060,5649084,66267928,36299261
61,000402,2017-10-09,-0.018429487179487225,-0.018429487179487225,0.23636768432722427,36690.0,272425.2121038225,2792,145806605,100254571,1312753,1570728,12336909,11530990,30617075,15782141,22759977,16521833,13804210,8738290,9654389,9325427,8591736,3183372,46729556,33601790
62,000403,2017-10-09,-0.029126213592232997,-0.021035598705501535,1.1790255878919726,24840.0,136573.83521852386,690,26309119,14750158,540179,472100,4534814,2613394,3775938,3435347,4816493,2725635,1872051,1292284,1984258,1627305,0,1385383,8785386,1198710
63,000404,2017-10-09,0.001280409731114096,0.001280409731114096,0.2134672859002798,17138.0,160686.11749141928,1339,43869438,39109866,1337121,1167954,7380676,5853985,4104869,4787251,6870307,6118463,5133933,4967249,3384034,3853331,3696209,2219350,11962289,10142283
64,000408,2017-10-09,-0.004823151125401881,-0.02518756698821001,0.4208381662165583,36380.0,248382.84325230404,1968,102902754,91630203,1337107,916473,10964439,6849376,14640223,8582911,17813829,15217678,14391458,9169191,10498640,8014691,4333493,3221658,28923565,39658225
65,000409,2017-10-09,-0.008053691275167862,-0.005369127516778538,0.2868250275062277,8916.0,69261.64188507284,674,11902923,9192434,772547,677472,2928782,1907583,2641326,1747738,1700013,2054148,221700,1650474,370500,689158,867393,465861,2400662,0
66,000410,2017-10-09,-0.0022371364653243075,-0.007829977628635354,0.3107835490808198,11557.0,77001.04577660958,827,20008946,11575277,726040,1096707,3205296,3438541,3233561,2530798,4299456,1858087,1761100,1547959,1652896,692895,3162829,410290,1967768,0
67,000411,2017-10-09,0.003177485247390033,0.0068088969586925785,1.1192153087814452,13308.0,69844.85165551587,387,7360432,5517757,361523,240794,1974697,1461813,1080662,1522921,1054566,1391699,1433581,497986,0,0,0,402544,1455403,0
68,000413,2017-10-09,-0.0017467248908296096,0.007860262008733576,0.19158926726060038,252780.0,996100.8994613716,3575,894236761,977485152,172573,84147,6008661,5765821,16857469,15265735,51940773,48465274,57462888,46391358,63217502,55127615,55720925,41968844,642855970,764416358
69,000415,2017-10-09,-0.0044709388971684305,-0.0014903129657227732,0.14220495692972426,13400.0,54205.06310560963,2234,25020281,26317130,1874725,1318299,11563584,11203428,4055380,4656883,3083098,4582646,1392961,903100,674884,948311,429570,427460,1946079,2277003
70,000416,2017-10-09,-0.0012610340479192184,0.003783102143757988,0.3547485571061856,11102.0,68780.39793992079,499,8343141,8249725,639957,380861,1714755,2457505,1644393,1537022,1008966,2011500,736946,449593,712198,777244,1305080,0,580846,636000
71,000417,2017-10-09,-0.02185223725286156,-0.01768990634755463,0.26817186384178116,14174.0,125676.93377912695,1285,42110787,22511613,1331288,980938,5301647,4491896,4642092,4172047,5946976,6465703,5702380,3541289,2078598,1452425,4480301,1407315,12627505,0
72,000418,2017-10-09,0.022270742358078577,0.03275109170305668,1.0375146139702915,18772.0,156134.6445666583,1949,34390155,70519228,1303371,2996144,8024602,9745834,6606376,9636088,7540935,13302272,5049006,8367076,2000847,3036940,1338513,2603343,2526505,20831531
73,000419,2017-10-09,-0.0028368794326240065,-0.0014184397163120588,0.3080483062440893,6354.0,43656.377730097425,523,5154591,5828132,392324,1000095,1791089,1895324,774175,1044593,1154057,1312135,649410,0,393536,0,0,0,0,575985
74,000420,2017-10-09,0.005681818181818121,-0.005681818181818232,0.08811209051427264,2471.0,111999.00828028249,1601,25035956,15137152,1523032,568112,3294559,3579460,2818805,2704682,4016002,3551525,1921261,1110974,2730855,1122590,923612,913644,7807830,1586165
75,000421,2017-10-09,-0.008426966292134908,-0.0070224719101122934,0.24858218154477324,7799.0,38130.345481974146,820,6571699,9151263,409549,2639681,1322526,2447888,1879749,2109973,1281328,881868,937953,714111,740594,357742,0,0,0,0
76,000422,2017-10-09,0.0050167224080266415,0.0033444816053511683,0.17229214907188112,15574.0,120747.59870392164,1205,31562380,36217805,607682,1142032,3609147,5878706,4574186,4701561,9683702,5512113,2327990,3351854,3761551,4210991,2668921,2204423,4329201,9216125
77,000423,2017-10-09,0.00885225885225882,0.00808913308913306,1.2294628639895067,66180.0,360633.59884735645,2840,228681456,253691074,857731,704963,12190388,10860864,21346631,16249600,32804874,30448851,25395411,25073478,23247115,22339072,13706692,11636311,99132614,136377935
78,000425,2017-10-09,0.005376344086021501,0.005376344086021501,0.07139688263129727,7833.0,82109.0840216456,2739,33704916,42518089,2292336,2768124,9883058,11888957,5297955,7109142,6822329,6636125,3162555,3239614,1282656,2089872,2225927,477598,2738100,8308657
79,000426,2017-10-09,0.018766756032171594,0.016979445933869686,0.2420030160517562,19218.5,166313.38204907515,2140,63937525,84232073,2355233,1156792,8859301,11255473,7563271,7333941,9808599,13847628,7170907,8649580,5206762,6690993,5750433,4921448,17223019,30376218
80,000428,2017-10-09,0.0,0.002053388090349051,0.2073757020548957,8296.0,53088.67489101319,551,8799153,6378256,528070,412821,2087181,2026851,1713567,1350767,2247098,1317535,692022,879882,673008,390400,858207,0,0,0
81,000429,2017-10-09,-0.009269988412514474,-0.006952491309385911,0.25607693021730976,8545.0,77078.41358709295,1136,17957250,16471150,2058893,503857,4481190,3398386,2341907,2240586,3043054,2733973,1306976,2262927,2414221,1119668,427500,897744,1883509,3314009
82,000430,2017-10-09,-0.023562676720075393,-0.020735155513666226,0.3287764403932995,11484.0,86814.68819882713,1041,21611931,14230392,919520,730822,5355833,4231035,4741887,2211809,4393696,2039623,2034783,1150665,1243977,640069,886960,896755,2035275,2329614
83,000488,2017-10-09,-0.02298850574712652,-0.02048975512243878,0.37155623597208587,58590.0,572395.8131486924,2903,342528504,252769584,1325911,1491640,10140460,10764022,15111207,16418379,31037800,24879283,26643606,24895285,27603597,19048490,18834872,12571929,211831051,142700556
84,000498,2017-10-09,-0.010727056019070313,-0.01191895113230057,0.21271218762435126,5824.0,56638.12937181894,1557,20753784,18028172,1753395,1654161,3663150,5167463,3503836,4802824,3721788,3364991,2546323,1415615,1681408,378942,3199959,1244176,683925,0
85,000501,2017-10-09,-0.012979989183342311,-0.014061654948620772,0.41327097872992447,16434.0,112419.75863550974,2003,62773162,43414024,2455611,1232213,8313336,5896579,18671398,5767219,12166621,8885541,5391811,5679405,1061540,4345416,3169538,1820322,11543307,9787329
86,000502,2017-10-09,0.003442340791738552,0.001721170395869276,0.5332987006727973,10521.0,53783.447011434066,474,7026908,5484509,392220,348059,1623396,2145576,1054721,1247548,1436575,715947,1248244,681934,690252,345445,0,0,581500,0
87,000505,2017-10-09,0.03470919324577859,0.03470919324577859,0.32819191820740834,21940.0,109620.69129200216,1055,21324349,37272846,599389,743880,4628438,5006722,5060251,5556897,5121086,8971585,2379269,3698242,1648270,2979313,462420,1407519,1425226,8908688
88,000507,2017-10-09,0.0009823182711197198,0.004911591355599265,0.2337597318619567,17340.0,105323.0011445911,1897,41369764,49097718,1058439,1482510,8351984,10331190,6933392,9290811,8183797,11880480,2982440,3991861,2122651,995146,442093,499269,11294968,10626451
89,000510,2017-10-09,0.00698602794411185,0.003992015968063978,0.3115533618350866,14112.0,93287.38885286973,1034,24176982,19429209,589624,858970,4690794,4735119,4858167,2548322,5034762,4462039,2542040,1613350,2382124,2083714,401200,889626,3678271,2238069
90,000513,2017-10-09,0.05332031249999991,0.04628906249999987,1.0535234491596324,41872.0,267814.7644846152,2362,106531002,197242741,484202,1194523,8556150,14063241,11716107,13336076,16352925,22251041,11607361,22471152,9554300,13206577,7831815,12785989,40428142,97934142
91,000514,2017-10-09,-0.0025940337224383825,-0.0025940337224383825,0.24269483784937204,11550.0,58017.81385671468,1009,15119244,15203152,995795,984642,5478008,3849960,2991368,2639252,2477040,3534157,1091630,1225308,1157953,973815,410880,1385324,516570,610694
92,000516,2017-10-09,0.0,0.0019417475728153999,0.16843832373016132,10340.0,159680.97362986475,935,31136175,20904215,806332,755251,3678468,2659657,3482010,2595516,3879555,3725915,3735545,1984823,678955,1727477,1847717,2628653,13027593,4826923
93,000517,2017-10-09,0.004705882352941115,0.007058823529411784,0.11754424375918245,2988.0,41218.92412323771,1311,9375501,10872954,815273,1714609,3299120,3540252,2209710,2226640,1327040,1906038,270936,1185365,0,300050,0,0,1453422,0
94,000518,2017-10-09,0.004070556309362372,0.005427408412483015,0.2784648217257891,7410.0,29430.41964556786,700,5167918,7218257,639057,843938,1755924,3680678,1355281,914111,972756,1309211,444900,470319,0,0,0,0,0,0
95,000519,2017-10-09,-0.006266786034019756,-0.0053715308863026,0.2572295638434574,22220.0,121261.48387356562,1886,63195151,42123570,1004060,1311815,11084513,8582651,10858917,7702461,13771478,9961943,8989704,4773317,3590541,2390891,1360362,443600,12535576,6956892
96,000520,2017-10-09,0.0019047619047618536,0.0019047619047618536,0.16963462951822003,10540.0,75096.47832873782,958,15804840,17920061,693638,812511,3204523,4597192,2544520,3037436,4051338,2575474,1633402,2654444,703062,2157124,444787,914458,2529570,1171422
97,000521,2017-10-09,0.0016949152542371504,0.005084745762711673,0.18819895686073804,8910.0,89978.72474133217,983,12173067,17164343,942326,937649,3526087,3949003,2121233,4576462,709800,2812239,254065,1346656,317255,735108,408177,922120,3894124,1885106
98,000523,2017-10-09,0.012765957446808418,0.009574468085106425,0.4126700861535313,9455.0,56438.7799109405,518,6845640,7692792,489180,713398,2270810,2103736,1420343,1776510,977699,983968,803124,235304,0,1879876,884484,0,0,0
99,000524,2017-10-09,0.0022641509433962703,-0.0022641509433961593,0.4514093070097054,19875.0,51561.092886046994,862,12577692,12539712,480392,475456,4909045,8290734,3025033,2682196,2334588,890078,254016,201248,332136,0,0,0,1242482,0
100,000525,2017-10-09,0.01187214611872145,0.007305936073059405,0.5302045636254133,13230.0,160862.912561253,1707,45493886,37182077,2256056,517731,9098715,5457690,8540456,4391149,8215280,5833663,3315948,4554501,2293834,2515518,1334133,2190995,10439464,11720830
101,000526,2017-10-09,0.01662367440527368,0.022642591000286538,1.6398264330946295,17850.0,205561.56789373446,452,10627686,18817398,309578,296369,2915723,1750789,1787891,1090842,2341013,791013,205262,1327944,681419,302400,0,876757,2386800,12381284
102,000528,2017-10-09,0.011148272017837302,0.013377926421404673,0.19222143815205772,11765.0,68491.64956001678,2180,27534546,48815813,1847822,2834387,7170007,9805577,5960070,13586951,4720890,7965648,2108292,6351208,2496432,3445656,2128594,1761586,1102439,3064800
103,000529,2017-10-09,0.00242424242424244,0.0060606060606061,0.33006312371936064,5813.5,39119.52073495771,624,5047613,7740226,379356,814633,1841539,2411283,1579305,2006089,1028258,842582,219155,648697,0,1016942,0,0,0,0
104,000530,2017-10-09,0.006775067750677488,0.016260162601626105,0.23728826168766998,13338.0,85290.3981221128,967,15907329,22956188,678832,1100527,3040282,4964474,3471420,3170570,3297099,3225644,1980123,2888552,1411003,3311534,898810,2215115,1129760,2079772
105,000531,2017-10-09,0.005760368663594528,0.004608294930875667,0.25796797004727506,6976.0,45870.32893484083,1133,9749325,12657299,518383,2526204,4123427,4797439,1207127,1554754,1675423,1078762,483463,733000,730429,1033696,414814,933444,596259,0
106,000532,2017-10-09,-0.005061460592914013,0.0,0.43295562136228716,13880.0,104670.62218206679,1020,27989577,21103112,1141958,770078,5309683,3175345,5068710,3056411,4874671,3590500,2722095,1495243,2172922,3242919,2240788,413700,4458750,5358916
107,000534,2017-10-09,-0.020394736842105132,-0.018421052631578894,0.7233601731481877,10493.0,97194.62120197399,441,7812514,6969900,466895,402554,2301038,1429656,1053434,1111726,1243954,985764,872375,0,346608,1003400,924210,0,604000,2036800
108,000536,2017-10-09,0.020797227036395194,0.025996533795493937,0.15804163272074084,11750.0,121582.55808552541,1334,22870149,41492971,869770,1275231,4403621,5529810,3516541,5185518,5539013,8910352,3596910,4320949,720845,3468660,0,2563500,4223449,10238951
109,000537,2017-10-09,0.02704733283245675,0.039068369646882095,0.28790095612201005,35906.0,268818.0412790098,2145,131904645,133455217,1312355,1051404,7791957,8211906,10669689,10282595,19970826,16579694,15419949,13445330,10470433,7672041,10327872,10436787,55941564,65775460
110,000538,2017-10-09,-0.012709102759070223,-0.01585922224636116,1.812392026501521,45725.0,288851.53491589084,2581,214630246,108565759,2896207,1217438,16046496,7537413,22817220,9807251,30244234,15206616,20794289,8721271,19085246,5879628,20654363,7215492,82092191,52980650
111,000539,2017-10-09,0.0019157088122607746,0.0019157088122607746,0.17998406503373474,4707.0,29526.2153703251,841,5080257,6609820,1776936,780903,1483359,2514759,1246685,835870,344726,943448,228551,1534840,0,0,0,0,0,0
112,000541,2017-10-09,-0.0010964912280702066,0.0,0.2679841817523667,9110.0,81006.24015144473,1158,19709100,19602575,1791739,1053560,4173990,4385771,4693838,2895615,2468538,4137659,2915377,1016971,662038,678480,2186429,1385292,817151,4049227
113,000543,2017-10-09,0.0017953321364452268,0.0053859964093356805,0.18535970034949314,6708.0,152659.26552039475,903,17156855,21199707,488145,1215096,2609391,3169283,1753928,1402885,2376271,1729315,2769421,1536035,0,2071858,835326,409696,6324373,9665539
114,000544,2017-10-09,0.007042253521126751,0.0035211267605634866,0.40512677162411725,6892.0,96715.51148616639,1769,31782161,23261575,3407699,789979,7823322,4801515,5015043,4274864,4165086,3242460,1638864,1358829,1734772,339799,2321742,1783209,5675633,6670920
115,000545,2017-10-09,0.006472491909385036,0.003236245954692629,0.18625835944323238,12400.0,104336.44004044542,1101,25841265,23134572,1176563,833453,5146482,4134692,5197564,3073273,3998591,4006493,3183096,2452363,3031231,1320960,483111,1825833,3624627,5487505
116,000546,2017-10-09,0.05718370264474615,0.05075053609721225,0.35254143464421667,29330.0,169260.03998901238,1578,42971594,80485476,800507,768813,8266569,6907687,6534146,11967256,7545372,11512948,6009192,8366818,3997491,6335913,465766,5693290,9352551,28932751
117,000547,2017-10-09,-0.023159636062861866,-0.023159636062861866,0.2471914414637278,31954.5,298880.8938404087,2394,150586553,90895042,1100368,1306447,11137931,11909962,14906605,11580354,18899751,15699175,15036477,13669580,8520551,10149333,10036228,6381682,70948642,20198509
118,000548,2017-10-09,-0.0012610340479192184,-0.0025220680958385477,0.27208743261750723,7128.0,42938.4941184089,849,7627467,8863831,481264,1133124,2603553,3549033,1415536,2179256,1142447,1381322,939084,276500,326683,344596,0,0,718900,0
119,000550,2017-10-09,0.051196172248803906,0.04593301435406705,0.4149489420726953,32647.5,193871.0813104677,2540,102032754,142490255,891390,1349045,10911253,14612460,11271737,15031596,15248188,21143929,14112005,14294549,9727239,11225075,8462355,10283539,31408587,54550062
120,000551,2017-10-09,0.004255319148936065,0.009574468085106425,0.33386810843347414,9520.0,74478.60242632103,792,11729479,17549295,718395,1071682,2779844,3423836,2773193,4647500,3004903,2348766,481173,1374582,666794,759744,1305177,1899138,0,2024047
121,000552,2017-10-09,-0.0024630541871920597,-0.0024630541871920597,0.10065935595829001,4896.0,95688.40874574463,1633,23818071,24888231,925246,1627077,5195788,5883382,3070018,2986532,3783678,3646047,1211623,2049575,1361691,1020982,2092981,2296640,6177046,5377996
122,000553,2017-10-09,0.0007097232079489313,0.002838892831795725,0.4876873718958968,18291.0,76289.02424327993,834,17897942,16837051,774568,492723,5207278,3727799,3760466,2464791,4395668,4115552,1410142,2347162,689303,1669020,442112,866964,1218405,1153040
123,000554,2017-10-09,0.024489795918367196,0.014285714285714235,0.2515484483433346,19930.0,131754.42467462755,1518,43819044,51228250,1367057,1446232,7173005,7981470,5993130,6850681,8149601,8815126,4359854,6752234,5786609,3943419,3143288,3215319,7846500,12223769
124,000557,2017-10-09,-0.0017513134851138146,0.0,0.18498089272826904,11420.0,63056.71312960548,953,16923865,13543232,756431,680038,4488371,4151682,2848201,3626263,3890593,2615346,1818730,768121,342029,334590,951760,1367192,1827750,0
125,000558,2017-10-09,0.0015220700152207556,0.004566210045662045,0.2116977958200748,9885.0,67989.70424553612,963,11324711,16770328,993828,1143685,3408857,4136916,2622591,3209602,1158790,3147728,665567,1238967,1324698,333300,0,1844451,1150380,1715679
126,000559,2017-10-09,0.009844134536505456,0.013945857260049266,0.2198870235849031,75240.0,687756.5121271097,3079,346649583,360820061,999519,898520,11476007,9774378,18565082,16977655,34961771,32351916,33174613,29224214,23952955,25878548,19328503,15326152,204191133,230388678
127,000561,2017-10-09,-0.01320422535211252,-0.009683098591549255,0.23544075394882974,26105.0,150827.26166320784,2331,93894569,60867329,1397088,1134012,12620343,11094553,12133525,10908364,22628353,14278872,11907599,6310351,7642715,4466468,7318864,949105,18246082,11725604
128,000563,2017-10-09,-0.0037523452157599557,0.0,0.12023861479111225,4280.0,117080.08834180738,1969,27680468,34348198,1334916,2235843,4798827,5722986,3928401,4713105,3870530,5298726,3809213,3474880,332500,1566974,467968,483270,9138113,10852414
129,000564,2017-10-09,0.004665629860031162,0.0031104199066873672,0.24056374381132922,10312.0,69787.11918703467,714,11438540,10170354,632387,713549,3509750,3017415,2039770,1936462,2247035,1856917,1481786,281865,1094430,1098686,433382,0,0,1265460
130,000565,2017-10-09,0.003232758620689724,0.0010775862068965747,0.3798734654727553,12090.0,49183.239478173105,596,9558405,8074571,445741,761454,2780702,2803369,2177992,1610812,2279708,2017447,752643,481589,657120,399900,464499,0,0,0
131,000566,2017-10-09,0.0,0.0,0.5298315881898382,13080.0,116429.55840975375,603,19635930,14271997,411025,722874,3006279,2079770,2524591,1843994,4443157,2369273,2537560,2127645,1132730,1430501,465758,428953,5114830,3268987
132,000567,2017-10-09,-0.03281250000000002,-0.03125,0.8610858889113249,27900.0,190658.8350427647,1382,67049336,34637733,954591,980406,8435916,6163768,8015895,5405759,11609011,6461121,7550060,2497524,5037081,4036502,2214878,925614,23231904,8167039
133,000568,2017-10-09,-0.005643738977072266,0.0012345679012346622,1.0912067000528851,57100.0,278317.31039329513,2701,208089151,181467079,568602,806050,10744527,11100655,16429070,14648397,33689735,23009651,42740930,22382806,18414277,21117310,11083489,16563434,74418521,71838776
134,000570,2017-10-09,-0.001394700139469962,-0.002789400278939924,0.32234971440394533,11805.0,51831.76356940137,494,8288014,5784252,377922,432328,1987746,2499852,1846773,1276713,1689069,1003176,220317,250250,1737787,321933,428400,0,0,0
135,000571,2017-10-09,0.0,0.00274348422496562,0.22354306514651157,10935.0,68931.63831029202,1064,16047227,18082564,697200,671820,4447116,2783453,3504997,4684323,3394339,2951835,952055,2444926,1711132,2376265,1340388,432160,0,1737782
136,000572,2017-10-09,0.0,0.0,0.17511584784449266,10638.0,608868.8590612375,1138,94576868,0,2159287,0,7848556,0,8635101,0,7627505,0,4524696,0,2548392,0,863332,0,60369999,0
137,000573,2017-10-09,-0.039808917197452276,-0.03343949044585992,0.20478376909610213,12200.0,99514.86174633994,941,23537885,14513193,954379,682282,4869141,3315387,3456397,2160957,5319629,3135411,3236403,1138548,1416815,1306364,0,937972,4285121,1836272
138,000576,2017-10-09,-0.0071216617210683175,-0.005934718100890302,0.7228458316548827,13384.0,39427.33668681567,543,9416030,2967766,419219,604001,4501929,1414484,1180319,839887,2325231,109394,0,0,0,0,485459,0,503873,0
139,000581,2017-10-09,0.012576064908722095,0.010141987829614507,0.5078497723561222,24920.0,227474.77868202003,2356,94730487,123734433,1234301,2029394,10942156,11789278,11709318,10023358,16996539,14293664,10811134,9611493,5645425,7552197,4402621,8075067,32988993,60359982
140,000582,2017-10-09,0.0042337002540220325,0.003386960203217493,0.4414352068099412,11870.0,76275.31464352309,715,15451162,10828560,616183,647265,3177501,3252094,2411889,1232980,3583984,3007937,1647876,938497,1694727,332423,940858,0,1378144,1417364
141,000584,2017-10-09,-0.01657824933687002,-0.013262599469495928,0.40615964242745767,28443.0,166288.16542463456,1379,61296665,44229222,713827,797335,8891231,5432152,8102310,5030602,9776651,7251650,6681871,4507231,3442583,3591237,4980955,3035293,18707237,14583722
142,000586,2017-10-09,0.013500000000000068,0.01200000000000001,1.1694323980498218,12054.0,40613.526958612645,292,3417372,3120248,282589,169469,1226270,1245224,931942,524444,572964,888211,0,292900,0,0,403607,0,0,0
143,000587,2017-10-09,0.01041666666666674,0.0078125,0.22879578139395884,13716.0,233916.19522097846,1127,40503771,58577925,681503,1386813,4216107,3701257,2858670,4133792,5055362,4277330,3041229,2919887,2399005,4703317,2143362,3117545,20108533,34337984
144,000589,2017-10-09,0.012544802867383575,0.010752688172043001,0.2064979525105945,12474.0,163846.04050529483,730,18320504,22971404,537338,679935,3105979,2675569,2574598,2293797,3868490,3026275,1424719,2464966,736010,729682,418616,0,5654754,11101180
145,000590,2017-10-09,-0.01671826625386985,-0.014241486068111375,0.7213138364282955,14409.0,90102.87066898948,501,10212800,7539846,440941,571244,1670529,2485645,1985002,1633146,2709225,570561,505978,466030,1368477,318155,901338,0,631310,1495065
146,000591,2017-10-09,-0.008064516129032251,-0.008064516129032251,0.13342256671120561,6726.5,111682.98338277837,2164,46786402,29297718,4176091,1434114,8525961,4176492,4928115,3547752,5698205,4651517,2235685,2999089,3859231,1944151,1357495,2674589,16005619,7870014
147,000593,2017-10-09,0.013300083125519446,0.017456359102244523,0.43337820034038965,19592.0,96617.93334215815,770,17161106,23270495,550013,495688,3085409,3497049,2420088,4043379,3836231,6361205,2009671,4338943,1763114,1749151,486800,913370,3009780,1871710
148,000595,2017-10-09,0.007722007722007707,0.0038610038610038533,0.17746606800840545,7815.0,52868.08406082516,852,10252729,12273742,704206,872325,2537562,3397723,2074275,2707009,3249079,2019690,1214407,1814613,0,0,473200,863862,0,598520
149,000596,2017-10-09,0.02805515929624347,0.016801394832778538,1.4157605958712074,38736.0,308043.4227375341,1990,112168725,119017859,936652,1093464,9768352,7750942,13568563,11680081,19186635,17749438,10610797,7879286,7609904,10343861,3916580,3534665,46571242,58986122
150,000597,2017-10-09,0.0008810572687223406,0.005286343612334932,0.347838743131184,10296.0,188763.42208929887,1065,24279606,15624359,743026,888851,4421300,4169940,2842066,2704316,3017738,3193279,3076095,1772944,981250,1758768,1289626,462510,7908505,673751
151,000598,2017-10-09,0.0034662045060658286,0.005199306759098743,0.13882070382746609,16155.0,193395.20600682189,1730,51547545,63054739,1332044,1463981,8556161,6674303,6207248,6547689,9081617,8728300,3214545,6082077,2467762,6618257,2629562,3124297,18058606,23815835
152,000599,2017-10-09,-0.005908419497784201,-0.004431314623338123,0.2142757792702881,13440.0,101048.0314427035,998,19139518,23459200,1030478,804166,4338111,4030575,3700848,4156938,3096883,4205699,1520442,1447421,2724880,1683708,1380176,1774889,1347700,5355804
153,000600,2017-10-09,-0.0034632034632035014,-0.0051948051948051965,0.24889916344074456,24129.0,158975.85630277422,2154,81079708,71310123,1174973,1384156,9542679,11074984,10085470,12301573,13494177,15022173,9813333,9802644,6898138,6474824,3461771,4403376,26609167,10846393
154,000601,2017-10-09,-0.006613756613756627,-0.003968253968253843,0.2515526718986828,9763.0,85663.99959640029,903,17464203,11263107,1176288,493515,4654864,2228643,2051422,1552234,1257052,2433295,1671412,1430904,1368338,350432,1363170,0,3921657,2774084
155,000603,2017-10-09,0.014967925873129007,0.010691375623663513,0.4163921437265794,14050.0,99950.6911152703,1135,22407576,26329755,1203368,908105,4855847,5497304,3718838,2938506,4665871,5342479,2502913,3073359,994700,1279925,1303855,1782830,3162184,5507247
156,000605,2017-10-09,-0.02086383601756958,-0.017569546120058566,0.6441112924323588,26950.0,209454.24855463943,1799,83394826,63591862,645819,1063761,9758238,9612271,10345588,8995912,12626509,13028975,8801546,5812906,4455722,3324601,2676710,1809319,34084694,19944117
157,000607,2017-10-09,-0.013002364066194039,-0.004728132387706974,0.21842932625342013,20160.0,148873.9081110986,1501,42636295,35234679,1363725,1052436,7583173,8387088,6562693,6651852,6640347,7081003,3933265,5056909,1005600,2455673,1269394,1276244,14278098,3273474
158,000609,2017-10-09,0.002083333333333215,-0.004861111111111094,0.5184932262811527,14220.0,354010.07584164804,771,18893765,36063181,400867,1065685,2160922,5285353,1330081,2983056,365284,2202621,1293065,2242175,649462,2056969,928478,898774,11765606,19328548
159,000610,2017-10-09,-0.005992509363295873,-0.004494382022471988,0.40806343320848415,18368.0,132072.97296760554,1071,31272184,29025740,1115743,418095,6978745,3015059,4915994,3280629,6192171,7055305,3204835,4626626,3559076,2460266,1782018,0,3523602,8169760
160,000611,2017-10-09,-0.0113378684807256,-0.006802721088435382,0.3877125582198345,14128.0,82170.26161238806,517,12494573,7870182,417166,579379,2112972,2688240,3088273,1038340,1928348,1511031,1217577,644248,1297530,359040,1374947,416304,1057760,633600
161,000612,2017-10-09,-0.012093023255814073,-0.013953488372093092,0.3110740783165733,15975.0,99633.32922312168,1194,30379163,23420522,543356,1089973,5165672,5217829,7851754,3709457,7102518,4921791,3248111,2756031,1730490,1393912,889627,917775,3847635,3413754
162,000613,2017-10-09,-0.014836795252225365,-0.011869436201780381,0.36659454169233746,11049.0,73074.0255806794,760,17274463,6578773,730110,890268,3447177,3156560,2955353,1330998,4742954,1200947,1934973,0,660740,0,833031,0,1970125,0
163,000616,2017-10-09,-0.004338394793926392,-0.002169197396963307,0.14016301576547846,13799.0,212911.48466982422,1083,35243699,36813343,903779,944700,4381161,3635075,3271660,4740309,4471441,8293052,5063002,4394208,1713385,3765639,1435931,1343161,14003340,9697199
164,000617,2017-10-09,-0.004127358490566002,0.002948113207547287,0.5487744804956263,5085.0,46411.90597688122,955,10820187,8721313,380819,1051171,5574030,2732873,2039691,1556763,1274744,1315989,225455,685944,646350,715437,0,0,679098,663136
165,000619,2017-10-09,0.005319148936170137,0.005319148936170137,0.38739015340142674,12187.0,72255.190503577,588,10623338,8686825,644400,535440,3015097,2884209,1922175,1173158,1312368,2515977,672870,1181142,330050,396899,461616,0,2264762,0
166,000620,2017-10-09,-0.008287292817679592,-0.006906077348066253,0.20325577232594888,4305.0,29093.575716046893,1270,8998314,8138802,1854876,1048596,2952768,4115570,1846155,1694130,969909,1280506,0,0,1374606,0,0,0,0,0
167,000622,2017-10-09,0.0016835016835017313,0.0016835016835017313,0.3044500457093248,8940.0,54274.76946313981,380,6406248,3815266,326394,376903,1313353,1623560,815415,917490,2207891,580773,276080,0,1064383,316540,402732,0,0,0
168,000623,2017-10-09,-0.003961267605633756,-0.0030809859154929953,0.5228371367835973,25102.0,283982.053930123,1888,102598337,90394398,1238702,1045344,10648377,8006086,10534322,5876792,13116591,12407955,11434665,9450077,10255190,4504541,5824311,6080785,39546179,43022818
169,000625,2017-10-09,0.019485038274182465,0.02018093249826025,0.24591774085574408,130207.0,838918.4872699346,3417,632884262,685197407,651212,391678,11936375,8976862,21724815,17255710,44705674,40035065,44973479,34424308,37952455,35858202,32011745,35185676,438928507,513069906
170,000626,2017-10-09,0.010791366906474753,0.0125899280575541,0.4416589037530762,16860.0,86531.98285177058,1426,24050753,35617326,760699,1590125,5271162,8317526,5255508,6241580,6422672,8260159,2318920,2897682,1021392,305214,0,2685913,3000400,5319127
171,000627,2017-10-09,0.008888888888888946,0.015555555555555545,0.17454353663184125,22625.0,181357.99904274612,2662,71914334,111289627,1758214,2120766,12669009,15986552,10123785,11168773,13502863,16828400,9534417,11096274,6843377,9327070,4293452,6747881,13189217,38013911
172,000628,2017-10-09,-0.012596899224806224,-0.010658914728682078,0.43779684455707446,10220.0,66619.5429678524,555,10163634,6940493,455212,404677,2928599,1867265,1251684,1440492,1716546,1148751,1033853,1388858,1072870,690450,898050,0,806820,0
173,000630,2017-10-09,-0.003278688524590123,0.0,0.06117785635175936,14945.0,237162.30438816678,2511,74488711,90942317,1707344,2217854,10546003,9517290,10492446,8814073,10165452,14527678,4005285,6284980,4065898,3784453,6384454,9126620,27121829,36669369
174,000631,2017-10-09,-0.002481389578163906,-0.002481389578163906,0.13344249686171514,6060.0,64955.38802986484,913,12166034,12851629,632687,929089,3342931,4600362,2069132,1932977,2465662,1661876,1809242,831884,0,694170,1285570,481109,560810,1720162
175,000632,2017-10-09,0.01134751773049647,0.017021276595744705,0.2323048874452957,12172.0,74354.41284623518,921,16074066,16836834,767911,787077,3961520,3748671,3028570,3565994,2324313,3769146,1457342,851676,1720385,2120466,2217121,435540,596904,1558264
176,000633,2017-10-09,-0.0024449877750610804,-0.003667481662591565,0.28408993028371987,9042.0,128512.70327562872,829,16977761,9818708,845544,887613,3872025,2761038,2754357,2677418,2508794,1441478,1415339,1211594,0,0,0,839567,5581702,0
177,000635,2017-10-09,0.05454545454545445,0.052840909090908994,0.4597495342746205,20207.0,119713.79260473099,1466,31462822,49830687,1188748,1003574,5694195,8810699,5778035,8157265,5488463,9019585,3912330,3298259,3362324,4342355,1808078,2639511,4230649,12559439
178,000636,2017-10-09,0.016718913270637348,0.020898641588296796,0.19882377145178623,23208.0,184430.60738270552,2319,66227571,98283806,1989617,1786326,11094656,10360027,11917874,12618976,14923573,17721699,9848356,8291065,3833630,7046871,4119424,4288336,8500441,36170506
179,000637,2017-10-09,-0.004329004329004182,0.0,0.2466496207393265,6910.0,59361.61686754199,789,7540444,9812137,595201,617868,2013551,3466135,1920243,1875118,1826775,1418181,434248,200970,307495,0,442931,0,0,2233865
180,000639,2017-10-09,0.005535055350553542,0.0004612546125462025,0.6938991128388493,19620.0,86639.97759307647,976,19629349,22738329,719058,565311,5372322,4036498,4145733,4723509,3750862,4877053,2563681,2180969,704916,1288645,838752,1888116,1534025,3178228
181,000650,2017-10-09,0.001700680272108901,0.0,0.1622710016737294,2940.0,50019.71752710632,1314,11547655,8935924,608278,1740517,3242386,2978139,1476827,1337849,2212704,1244772,512519,525858,1599522,0,407588,0,1487831,1108789
182,000651,2017-10-09,0.01558441558441559,0.023636363636363455,0.6421285167079326,372495.0,2625044.645653134,3595,1565002002,1898405352,23564,39141,2478200,2361084,11588413,10555308,45867651,37423051,58059671,53898975,56109969,56402319,43570139,54149766,1347304395,1683575708
183,000655,2017-10-09,-0.0058004640371228655,-0.004640371229698292,0.27118316574122586,9721.5,78735.89152597604,1010,19315939,16294541,921549,1003157,4485824,3685272,3496423,2813434,3356684,2983019,2337706,1240270,1032750,1708624,407166,976995,3277837,1883770
184,000656,2017-10-09,-0.013806706114398493,-0.00591715976331364,0.11750530063501478,8585.0,166947.95027830714,1867,54258070,43442137,1476611,1651476,6235316,5209171,5771307,5238791,8230087,4366917,9374616,7140287,2427298,2057202,2239455,1741189,18503380,16037104
185,000657,2017-10-09,0.0061517429938482415,0.004101161995898828,0.3923704487724884,17484.0,79098.0868753288,1390,29251696,31147955,827307,1163744,6985172,7653293,5848703,5800261,7157467,5315971,2462046,1275284,2714769,2019486,1407018,5326104,1849214,2593812
186,000659,2017-10-09,-0.0077319587628865705,-0.002577319587628857,0.1572156509439972,9775.0,99863.09401960313,609,14720689,9946222,438478,614127,1816091,2620740,2146686,2113743,3135344,2251499,1498785,993263,2227815,349440,426861,416910,3030629,586500
187,000661,2017-10-09,-0.009453431862059936,-0.010052593036415813,3.954796099090603,44706.0,304590.77279921534,1443,77947569,88495239,43297,5686,10745708,6924230,9821771,5022570,17522048,7705170,9376763,8800618,5944554,3362947,5942073,8003689,18551355,48670329
188,000662,2017-10-09,-0.013142857142857123,-0.015428571428571458,0.3712237825525,17060.0,226164.4032161744,2231,63156676,88375149,921560,2335228,5773763,9389551,9114916,12074313,13476594,16551254,7162422,12027483,7656871,4127847,4906680,7550690,14143870,24318783
189,000663,2017-10-09,-0.009696186166774479,-0.007110536522301314,0.7487626328778044,15330.0,79344.94677867665,426,10296449,6731147,357027,313200,2372071,1629721,1460329,1478564,2419336,1594326,243270,1409536,1337301,305800,0,0,2107115,0
190,000665,2017-10-09,-0.0033222591362125353,-0.0016611295681062677,0.40896868476195924,12035.0,126213.21900781892,866,18892272,12498723,1067843,591882,4370615,2229083,2243718,2127705,3592547,2081990,2473155,1301889,397862,1000610,434160,1320753,4312372,1844811
191,000666,2017-10-09,0.030746705710102518,0.031234748657881894,0.438251357804281,25308.0,194909.0332940804,2186,75101797,114717463,955603,1627410,10846930,9699073,9862987,9501834,12869812,16979501,10727894,14254147,4494521,4822999,5240197,8946669,20103853,48885830
192,000667,2017-10-09,0.0,0.002941176470588225,0.08428504412391666,4746.0,81354.41644173865,1637,18161537,22012920,1430291,1835612,4202251,4309512,3085825,3946409,3765258,3162389,1479516,1070320,1361770,2467647,404600,1690630,2432026,3530401
193,000668,2017-10-09,0.000581395348837388,0.0034883720930234396,1.0304008264023115,8602.5,69616.01693866013,278,3815992,5137288,387612,90809,894912,923393,766035,550949,498259,1263286,516907,998604,327935,345800,424332,424367,0,540080
194,000669,2017-10-09,0.0012515644555695093,0.0031289111389236623,0.5011956037289148,17660.5,100459.03200027246,1016,22262639,24398349,528530,870991,3896793,9048948,3580285,5073294,4535674,3005495,2566038,1696738,960200,645408,940530,1858233,5254589,2199242
195,000670,2017-10-09,0.04497354497354511,0.0092592592592593,0.13131495686805958,54180.0,163325.3466913,3324,174760898,186389111,1198117,1103136,14956014,14686298,23808297,23354104,40719959,35859160,27768204,31606548,18705923,21553681,15800823,14982249,31803561,43243935
196,000671,2017-10-09,-0.01740294511378848,-0.0026773761713519972,0.14362342874490333,36260.0,584568.918446284,2719,194379047,262298510,861640,1674800,7822657,13871402,8090575,16340173,17638085,23368194,17035340,17353520,15166288,16284385,12746876,10376731,115017586,163029305
197,000672,2017-10-09,0.0030211480362538623,0.0030211480362538623,0.23659054251688796,14895.0,81820.70727518958,1762,36804901,35879336,1487977,2269979,7895834,8480266,5180191,7834404,8025031,8152362,5129377,2978065,2438457,2136829,2773683,1681283,3874351,2346148
198,000673,2017-10-09,0.018965517241379404,0.016379310344827536,0.41950600071329996,21267.0,124491.49845873385,764,17451983,23600327,358839,576553,3004918,4544512,3457861,3582484,5410898,4393677,1656610,2898964,1003400,372880,0,1824749,2559457,5406508
199,000676,2017-10-09,0.01590744757772966,0.011569052783803269,0.46111847305086084,12546.0,108530.39156470759,899,12840696,14597502,819966,968284,3890140,4216838,2422660,3393482,1878451,1995514,452710,537016,341940,698368,0,0,3034829,2788000
200,000679,2017-10-09,-0.01526717557251911,-0.02071973827699014,0.3417508015199177,13515.0,149641.76253382815,720,19496112,13269405,596842,952431,2655241,3582597,2021292,2643480,3692240,2406437,3026061,1654675,954567,0,1755450,435864,4794419,1593921
201,000680,2017-10-09,-0.0034843205574913716,-0.0017421602787456303,0.1522859355291272,8022.0,77085.77398501754,1422,19604185,25267759,1047221,1826163,4432663,5548034,3926020,4458077,3390631,4618729,3461132,2328082,1131162,1249648,406692,437199,1808664,4801827
202,000681,2017-10-09,0.017344173441734334,0.015176151761517653,0.3989773506674295,8794.0,80117.38522496888,2141,23384383,37017637,1291342,4002386,6899011,7834393,3599948,5812164,3527200,5383956,762020,2711031,2682906,1071308,1355520,2541690,3266436,7660709
203,000682,2017-10-09,0.00746268656716409,0.009328358208955168,0.17151961815746683,9163.0,99251.02610935313,977,12646134,19644708,629812,1012057,2942808,3737576,1952394,2218304,3423180,2911477,1544125,1757863,0,1084751,426308,890735,1727507,6031945
204,000683,2017-10-09,0.012269938650306678,0.012269938650306678,0.06945110843257422,13932.0,222435.92768855783,2221,60303827,86976272,1851692,1637850,8920477,10157585,7711204,7408432,9630731,11085123,3848812,5515195,4201726,4912595,939811,1723114,23199374,44536378
205,000685,2017-10-09,-0.0045787545787546735,-0.0027472527472527375,0.31478042552424335,10890.0,126313.78150792114,1203,24513556,26857043,687762,1428493,3659975,5596771,3254365,2648663,4843255,3849579,3127039,2355646,2659756,1716137,435600,1750322,5845804,7511432
206,000686,2017-10-09,-0.013320647002854513,-0.011417697431018059,0.2637464052880503,20830.0,340034.30474296416,1588,104542310,79078016,814257,1288915,4936505,7197021,6023520,6436072,9809337,9226508,13530138,5593581,5519954,6074889,7781668,2737640,56126931,40523390
207,000687,2017-10-09,-0.02841677943166443,-0.018944519621109546,0.3276345040850659,29100.0,142312.19399365084,2036,70176784,64217290,1132955,815542,12737974,9138737,14555088,8855964,18408401,15229300,9773699,5906593,2820342,2869543,3997498,5473265,6750827,15928346
208,000690,2017-10-09,0.013732833957553092,0.013732833957553092,0.21178474272906006,12105.0,136755.33989165563,1431,29210833,43761968,1087413,1821987,5400451,6530607,4138876,5447159,4511555,6901637,2747311,3025860,4786480,1086895,2898558,5788035,3640189,13159788
209,000691,2017-10-09,-0.006784260515603768,-0.0013568521031207537,0.5074767155052982,12520.5,95751.33227833352,210,4694129,2580221,99317,213013,826527,853996,708686,823552,1488691,117920,0,204240,349338,367500,0,0,1221570,0
210,000692,2017-10-09,-0.0014409221902018654,0.004322766570605152,0.3335861687397295,11679.0,50468.808826060886,432,6586252,6704407,347677,494420,1836981,1675471,2006116,1660029,1313715,1627499,287573,912962,338790,334026,455400,0,0,0
211,000697,2017-10-09,0.013473053892215647,0.015344311377245567,0.563486595517937,51661.0,334866.5893653192,2250,156528598,188330877,759479,1101823,8207309,9268492,11872220,12025845,19069536,20893317,19304637,17078294,12672945,17434720,12759413,13871707,71883059,96656679
212,000698,2017-10-09,0.0014925373134329067,0.0029850746268655914,0.2665719266390429,13380.0,114085.72041016992,631,14004743,16212506,523098,508256,2880681,2902204,2634046,1792779,1788295,1369899,976820,974718,2908957,1027560,454908,415968,1837938,7221122
213,000700,2017-10-09,0.0028050490883591017,0.005610098176718203,0.21507541921796514,17160.0,79062.63614165326,1099,21655907,22639460,852918,814675,7095910,4344818,4646846,3786963,2877435,5407311,1113953,1624475,2119792,2888537,1756521,1256209,1192532,2516472
214,000701,2017-10-09,-0.010124610591900285,-0.008566978193146335,0.3624064920564681,19065.0,103015.86188624662,1255,26383850,33040281,915059,711557,6742225,6055270,5197665,5866126,5466021,7054503,4207436,3755317,1381194,672270,877912,2143033,1596338,6782205
215,000703,2017-10-09,-0.037815126050420145,-0.018607442977190747,0.45482345116146766,8200.0,56412.046105607675,1343,14040930,17746804,817884,2668270,4819869,5199843,2855462,4052151,1433149,1985148,954857,1247742,635736,1389932,934442,0,1589531,1203718
216,000705,2017-10-09,-0.006660323501427201,-0.007611798287345373,0.34107539116757274,10450.0,48832.966192146916,949,17225552,7046415,1351251,404589,5914569,2778469,2677297,2092011,2268441,1010572,2829814,760774,312600,0,1235712,0,635868,0
217,000707,2017-10-09,0.0014265335235377208,0.004279600570613384,0.30718539012349766,11917.0,78593.96016242048,520,9261177,9765771,529850,473539,1871183,2219162,1575289,1961959,1934450,1437190,1398709,719745,368200,305200,943696,1322247,639800,1326729
218,000709,2017-10-09,-0.011210762331838486,-0.008968609865470878,0.08334461700227659,20424.0,358986.60284300393,2880,135747355,142939955,1742091,2577148,12428792,13743371,13066087,12887683,15580063,13653907,11303012,12764155,6602720,5916968,4461114,7575138,70563476,73821585
219,000710,2017-10-09,-0.02265126178169652,-0.016266342353298935,1.67264722949265,32515.0,160224.2651260148,1547,69191622,57167346,626945,912661,6508681,7930300,8048117,9142939,10451007,14368025,9814342,5465667,8858324,3995393,4079501,2636718,20804705,12715643
220,000711,2017-10-09,-0.007575757575757569,-0.011707988980716233,0.49582223947472115,8610.0,64064.70062488205,857,14575552,8821740,969095,664399,3421626,3070780,2113791,1998813,2930036,1018873,2139738,974046,1056507,0,0,415293,1944759,679536
221,000713,2017-10-09,0.0011890606420927874,0.0047562425683709275,0.33433128363405,10152.0,46410.63924496171,632,8808495,8453560,498128,747476,2804945,2569509,1907162,1951992,2449909,2159787,732897,249777,0,351519,415454,423500,0,0
222,000715,2017-10-09,-0.0036866359447004227,-0.004608294930875445,0.485805304045577,9756.0,43969.51355283343,498,6469265,4010284,628147,334108,2080469,2078326,1332400,1169924,1003605,427926,436736,0,305640,0,0,0,682268,0
223,000716,2017-10-09,0.006299212598425141,0.0047244094488190225,0.19883507237251313,12700.0,71479.75318631457,1020,15353551,17985088,613146,1130303,3197969,5624916,3735378,3863327,3319941,2027031,2274450,1421094,681496,319500,899551,994781,631620,2604136
224,000717,2017-10-09,-0.029239766081871288,-0.022222222222222365,0.1525356819185981,57256.0,631980.3062395467,3149,403686023,327091852,1264338,1054520,14462202,10144920,19338470,12707793,35774422,20138747,25967619,16949509,18552329,18169618,21770310,19867328,266556333,228059417
225,000718,2017-10-09,-0.008976660682226356,-0.0053859964093357915,0.1330054749058105,4440.0,108035.77829348568,1757,20773881,26059599,1435845,2269955,3378571,4067789,3407618,2377836,3788143,2729519,2417459,2982390,1703137,749997,1347851,429904,3295257,10452209
226,000719,2017-10-09,-0.0037771482530688516,-0.0047214353163362865,0.34913565362388865,8448.0,80571.21647623811,920,15696124,12334326,986151,830021,2611934,4753076,2056321,2937800,1662442,1629193,1591011,880955,962563,0,910166,0,4915536,1303281
227,000721,2017-10-09,-0.015384615384615441,-0.012820512820512775,0.22062958641125172,13815.0,105485.91984885461,1250,29520586,18549547,1456151,994853,6710640,4418872,5263310,2866794,5634600,2788703,5167900,3395180,2158269,1304753,480480,461304,2649236,2319088
228,000722,2017-10-09,0.0008319467554076532,0.0016638935108153063,0.5163676791146355,14484.0,91577.92234346078,541,10682187,12948731,380860,435125,2610171,2562875,2699664,1740897,3293476,1867679,461912,1891955,657240,1321103,0,442097,578864,2687000
229,000723,2017-10-09,0.0011248593925758943,-0.0011248593925758943,0.22358751082697442,19547.0,129812.60954071248,1582,47953698,53298035,842323,1350331,4533155,6892933,8826114,8248206,10680253,12535163,5919744,10283298,3839698,3005344,4385266,2771531,8927145,8211229
230,000725,2017-10-09,0.06681514476614692,0.06681514476614692,0.07510719494845144,755526.5,4032115.9869075366,3600,2972812719,3751335442,0,7616,1527467,1356883,8136290,6784057,31671440,25919276,45632909,31980598,47982592,34280636,45966037,36433559,2791895984,3614572817
231,000726,2017-10-09,-0.0024958402662229595,0.0,0.3161171792722908,10800.0,61074.57050075849,1446,19737016,22820362,1512995,1416233,6100583,5893843,4090194,5533787,2901262,4355536,2246841,1573911,1715621,1379048,0,0,1169520,2668004
232,000728,2017-10-09,-0.02685950413223137,-0.023415977961432466,0.27759440522022827,39900.0,391393.5173432764,2737,181371539,160393177,1138816,1511214,12806740,11675230,15253231,13852660,29168193,21889220,26674761,18858905,18878147,17981787,10037910,5656670,67413741,68967491
233,000731,2017-10-09,0.0,-0.0011764705882352233,0.28092572173177816,17040.0,100790.38971799877,915,24200666,23268556,1076328,529927,4622905,3736872,4381087,3900741,5424333,4603944,1783789,2713598,2041352,1740688,485640,1300008,4385232,4742778
234,000732,2017-10-09,-0.009966777408637828,-0.0033222591362125353,0.4574585398247855,10746.0,86303.08604623369,1561,24732183,27470335,874305,1890898,7865821,5769896,4515464,5005235,5258119,5238206,2585941,1975455,363006,1415417,0,920440,3269527,5254788
235,000733,2017-10-09,0.012507444907683185,0.014294222751638053,0.42347136281333775,25515.0,192185.36587091672,1572,46871723,66297029,1011667,728858,8553937,7343854,8581459,8889000,9524673,12571773,2447672,7053975,4469121,3361555,3193316,2713670,9089878,23634344
236,000735,2017-10-09,0.02717391304347827,0.006793478260869623,0.20705641171548103,18200.0,155921.42291093836,1264,41346820,44752059,910922,876252,6350647,4737152,6874904,4341289,7785526,6286478,3860114,4284575,4522950,2071456,3108113,2195575,7933644,19959282
237,000736,2017-10-09,-0.02166064981949456,-0.013237063778580138,0.41218926916614995,19584.0,177322.30880912623,1627,46240219,48259325,1149188,1564751,7314300,7740814,7991431,7149115,9633305,8400908,6640120,3233833,2406239,2695887,2780637,1785342,8324999,15688675
238,000737,2017-10-09,-0.011560693641618491,-0.015895953757225523,0.1708289080903566,14872.0,164943.61981660296,1643,47018292,36233543,1098325,1558070,7192680,8254714,5583616,7641684,8232281,5633129,4853821,2314716,3487230,1382857,884916,1329126,15685423,8119247
239,000738,2017-10-09,-0.0029910269192422456,0.0004985044865404298,0.4931589841803938,20040.0,128312.26803413007,1654,55308168,45481956,1036808,1178730,6331051,8671434,7861896,7229677,9456127,11973417,7470173,4689312,4685514,2392771,4387222,2243654,14079377,7102961
240,000739,2017-10-09,0.0095628415300546,0.013661202185792254,0.27977567294919203,7465.0,86596.02444810388,684,8904872,16094423,502242,1086913,2086468,2349912,1933479,2056539,1514158,1952098,234897,1259201,2210348,3241898,423280,925362,0,3222500
241,000750,2017-10-09,-0.010016694490818101,-0.006677796327211993,0.15156486404106642,12000.0,312073.16256130754,1564,67069718,58744484,1152041,1225445,6757492,5198092,6497529,5083270,5808306,5466001,4613842,5290095,4724495,2470156,1818470,2742122,35697543,31269303
242,000751,2017-10-09,-0.014084507042253502,-0.015649452269170472,0.1344493638839402,27004.0,340866.53896551696,2263,117537082,128243481,1525016,1295638,8844544,9982794,10775625,10187724,16673955,15672066,8371210,8113329,11113970,12654195,11034482,14559569,49198280,55778166
243,000752,2017-10-09,0.004132231404958775,0.004820936639118534,0.4952584146950586,14600.0,54024.8236269487,859,15850162,10307112,856445,494815,5216332,3439556,3800864,2724761,2720146,1897664,2180127,526300,676048,0,400200,448756,0,775260
244,000753,2017-10-09,0.004415011037527394,0.008830022075055233,0.17656447899779165,9140.0,79849.38379003486,658,9930299,13516113,546335,948475,1903218,3157913,980127,1877056,1984121,2373758,2319844,1961818,310536,1393214,455999,937480,1430119,866399
245,000755,2017-10-09,0.0,0.0,0.21291694654795185,6410.0,278092.82339597115,907,7199450,43325678,16762,1794925,506889,4721801,1105835,3512069,2156752,4017918,1935639,2643151,0,3759995,434025,864984,1043548,22010835
246,000756,2017-10-09,0.023316062176165886,0.04274611398963746,0.3890357993288044,21518.0,136365.74304111855,1579,46814758,54966566,970789,1501109,7870631,5643584,7529312,6503788,9174160,8359759,4764355,7061201,2701787,6101493,2208615,3611800,11595109,16183832
247,000757,2017-10-09,-0.010738255033557076,-0.008053691275167862,0.29230857306812236,9607.0,84475.42061589139,649,12841292,9048774,679758,708697,2786408,2083309,1516017,2072003,2267077,1561905,999802,1539540,1383993,0,996237,0,2212000,1083320
248,000758,2017-10-09,-0.002645502645502562,0.0,0.17269440762620847,11310.0,136877.99054608113,1918,36453320,46991077,1334386,3647708,6238340,9627789,5220607,6059335,5358960,9186944,4512181,2881513,1369488,3111285,1774393,1379333,10644965,11097170
249,000759,2017-10-09,-0.007415254237288171,-0.005296610169491456,0.31134681716659657,9400.0,45725.55232950521,919,12873930,9157549,809656,915812,4654442,3509493,2385740,1484287,3102579,1368511,1216760,914151,704753,350250,0,0,0,615045
250,000760,2017-10-09,0.01565762004175375,0.02713987473903967,0.30190374140700194,10780.0,147923.90891129462,1014,19452213,27270912,964468,1232698,3641029,4481980,3252170,3502566,3500367,3569060,1108812,1980999,1056282,1063484,1416100,1439954,4512985,10000171
251,000761,2017-10-09,-0.006472491909385147,0.0,0.14582492378432305,11723.0,199228.69195052687,1799,47940573,65855400,1355500,1500985,5882660,6173388,6278283,7355480,7368160,7549469,6640319,3395675,4568093,4900403,5423608,12330203,10423950,22649797
252,000762,2017-10-09,0.00990099009900991,0.001980198019801982,0.37301228514813584,54324.0,424572.37599641486,2934,213311828,258569798,680080,1003857,10950536,13059545,15448017,16352116,24554261,29502307,27275749,26985238,19273687,20956599,20208066,21334727,94921432,129375409
253,000767,2017-10-09,0.0,0.0,0.15004365324096305,7000.0,87637.25563604491,541,9972176,6897542,412541,432214,1916852,1699952,1288159,1318125,1326049,1967148,464183,781103,1396000,699000,0,0,3168392,0
254,000768,2017-10-09,-0.01392470345538932,-0.008251676121712181,0.3932823326726601,38280.0,474004.44794938486,2431,188793961,163407423,1279677,1317600,11521784,11568699,12408543,14072524,20619735,25483791,13323314,11078952,10247243,11002611,9025786,11299063,110367879,77584183
255,000776,2017-10-09,-0.020533880903490842,-0.020533880903490842,0.3518275460295884,80682.0,659741.6263203371,3067,443491364,379860794,887195,1256615,9974203,11271497,15298267,13639579,31996420,28147711,34957835,27544177,30912906,18117241,22969867,23194600,296494671,256689374
256,000777,2017-10-09,0.006310958118187049,0.0068846815834768815,0.5501688481360886,13944.0,83656.03506626825,1003,17547486,22414175,614740,1303441,3100448,5309192,3721256,3716292,3446552,4396687,1489232,2133199,1822639,2462002,912719,1370914,2439900,1722448
257,000778,2017-10-09,-0.0031347962382444194,-0.0015673981191222097,0.13148949271111418,12760.0,180816.92706692315,2359,61373257,65948640,1532163,3038465,8020020,10918740,8258489,8915230,10299524,8450030,4218203,4439101,6442186,5015219,2691034,1788441,19911638,23383414
258,000779,2017-10-09,0.030065359477124076,0.041830065359476976,0.3692227504744009,20312.5,109995.82298937722,1718,37472551,62209583,1118235,1427874,6881525,8796311,7839814,9964481,9579487,12316121,5279890,6299857,2707618,7096314,889420,4018099,3176562,12290526
259,000780,2017-10-09,-0.0037735849056602655,0.0018867924528300772,0.24175124148681565,10620.0,148066.86040457652,480,11925844,11883242,415695,320321,1964581,1496522,1611779,1521071,2966261,1594420,1564766,1387692,671202,674230,0,0,2731560,4888986
260,000782,2017-10-09,0.004020100502512669,0.007035175879396949,0.3541242608950727,19860.0,83128.55546983318,789,19148036,17857525,575505,433801,3856518,3442690,3496025,2791973,4746857,3992792,3280330,1796616,2203801,1637760,484000,0,505000,3761893
261,000783,2017-10-09,-0.010101010101010055,-0.0060606060606061,0.2244704213995864,17685.0,285915.39520078193,1946,86294658,78696116,1264852,2781756,6739063,9721997,6780384,8177487,8816521,11472822,4140487,5632643,7358279,5995384,5325062,2238682,45870010,32675345
262,000785,2017-10-09,0.007943512797881747,0.0,0.5124216233060209,11952.0,79881.34248975698,488,9891951,7001628,301746,496946,1603086,2746917,1781035,1692433,2345977,1108068,545530,273600,989071,683664,0,0,2325506,0
263,000786,2017-10-09,0.03898305084745779,0.04067796610169516,0.3085367944741647,108720.0,1042398.5504861962,3299,450327588,644865619,699239,768522,9480491,10311600,15424101,20047969,39639225,36100001,38401940,29077157,35648606,28169941,34080580,29406849,276953406,490983580
264,000788,2017-10-09,0.005946481665014991,0.0029732408325073845,0.40529840744076273,12143.0,94198.76167308084,619,11406266,11524136,426047,451960,3009640,2673034,2286192,1281388,2078028,2387560,1145603,1228042,0,615909,926076,834270,1534680,2051973
265,000789,2017-10-09,-0.0034482758620688614,-0.0022988505747125743,0.23499778179207004,19118.0,134786.6861312812,1371,41406775,43160456,958495,976074,7057894,5892738,7378407,5861280,6163419,6309661,6905814,4851417,4186043,4469444,3175974,5319990,5580729,9479852
266,000791,2017-10-09,-0.001210653753026647,-0.001210653753026647,0.2860925905514848,10699.0,63953.20530467267,833,14854863,11955245,1187254,660067,3753734,3385911,2503284,2395531,2962693,2485540,1261291,1664219,996222,786477,494400,0,1695985,577500
267,000792,2017-10-09,0.01248699271592102,-0.020291363163371545,0.3227957329413671,212520.0,1154546.7554701949,3551,906078271,1013343204,295841,390624,7372351,7466694,16776913,16155189,38287347,43027500,46672492,46373499,36728835,37608465,34956935,39408912,724987557,822912321
268,000793,2017-10-09,0.0029615004935834577,0.005923000987166693,0.29573953739314096,10240.0,146692.09336160155,1173,26406962,34732802,418466,1511420,3071316,4383789,3038329,3772403,5353760,4539464,4053745,4979548,1650021,2701516,407600,1291365,8413725,11553297
269,000795,2017-10-09,0.003826530612244916,0.0,0.16454226444540873,17940.0,107598.66011495957,2273,59169730,57007553,1857396,1861607,10398873,11480610,11661088,10868186,11472996,11466827,5969750,4892834,3822198,3933503,4911223,3524519,9076206,8979467
270,000796,2017-10-09,-0.08867924528301885,-0.08238993710691822,0.33660772025212893,24973.0,147697.9744014091,2237,88071337,64462732,1102996,1572459,10719919,10057514,12217309,10188087,18120839,12254791,11406761,10461275,8771065,5568470,5957809,3577210,19774639,10782926
271,000797,2017-10-09,-0.01450381679389312,-0.016030534351144987,0.26808674158114165,33618.0,253934.17862114447,2392,121622274,92799639,1375919,981408,13607306,9095736,16374652,9844452,24044449,16841479,17064564,11890828,10004337,7385886,6902146,4835160,32248901,31924690
272,000798,2017-10-09,0.004319654427645814,0.003239740820734305,0.42855756187278576,9295.0,61076.09992708014,466,7249926,5654918,501157,616095,1830085,1815586,1558862,1381882,530679,1060419,908347,290764,662836,0,0,490172,1257960,0
273,000800,2017-10-09,0.08057553956834518,0.06690647482014378,0.24272975812098554,80352.0,590517.5992905666,3289,389979155,474372837,1171932,948444,10791757,10849763,17949768,16415149,32121123,33093258,26266780,29228644,27305403,32064092,24818408,25608061,249553984,326165426
274,000801,2017-10-09,-0.0011428571428571122,-0.00914285714285712,0.1894248991037755,25859.0,164463.68817507537,2136,71660256,64548305,1703722,1281936,12178173,10414084,10554408,9447445,16141826,13495287,8080980,7022978,6550852,3680107,4023944,5782268,12426351,13424200
275,000802,2017-10-09,-0.007462686567163979,-0.0024875621890546595,0.40999327341926695,20722.0,97726.10502513278,1538,36004385,41917733,1091849,1197569,7965899,8331628,7633271,6501637,8542499,11063463,5652501,3421933,1053799,2170779,471115,1845098,3593452,7385626
276,000807,2017-10-09,0.00565371024734973,-0.008480565371024817,0.25329296749901237,61094.0,458835.1426255321,3124,303457626,295783706,1128309,1157543,12208267,13582749,17749900,19804142,30212492,35222011,27059651,26853180,22445906,23961129,14151207,20240165,178501894,154962787
277,000809,2017-10-09,0.0,0.0,0.19221352709942136,12990.0,96248.06886289122,500,10035207,11191230,367304,396313,2442999,2473049,1583845,1460520,1500967,2418731,1138617,2449835,369797,683638,406587,1309144,2225091,0
278,000810,2017-10-09,0.0027548209366390353,0.0055096418732780705,0.3740977948378414,9882.0,73582.45584889836,847,14751306,11788096,559655,1164601,2745393,4118931,1733439,2687233,1698321,1650547,1179206,1005820,2349144,657900,1285236,0,3200912,503064
279,000811,2017-10-09,0.0031282586027110426,0.0031282586027110426,0.3039766431002823,21186.0,103148.58139483214,995,31482029,22693862,668048,976361,5609809,5213853,7301722,4050692,2686981,4796985,5922144,2447022,1759345,989121,1936125,1307378,5597855,2912450
280,000812,2017-10-09,0.0,0.004608294930875667,0.37462901378940533,11303.0,96374.93755187,536,8782616,11886798,543110,558890,1893653,2507375,1917150,1630594,1282076,1563269,1035898,1483335,0,1424950,1288895,849821,821834,1868564
281,000813,2017-10-09,0.0038071065989848663,0.002538071065989911,0.17905230623519547,1582.0,20295.108357152538,1939,4774633,10710468,496552,3033705,2592925,3022196,890487,1998833,794669,2377570,0,278164,0,0,0,0,0,0
282,000815,2017-10-09,0.0,-0.0018656716417908559,0.5143980524447969,16020.0,71389.03382745595,977,22353301,15161151,821250,893923,4978636,4377916,3688179,3047656,6245705,3000585,1969517,1672745,2479172,316148,414400,892178,1756442,960000
283,000816,2017-10-09,-0.022662889518413443,-0.028328611898016942,0.18257229067856398,23100.0,294180.91890827136,1497,86972284,58540822,589237,1163537,7078102,6072130,7577405,7185221,10549502,10638251,9330201,7528022,6883155,6455315,5265869,4149725,39698813,15348621
284,000818,2017-10-09,-0.00656275635767023,-0.003281378178835004,0.2526591057471165,31226.0,381108.79004274873,2331,114737628,167596721,818250,1666157,9113913,12523783,8264757,14314285,13269097,22021831,12247545,17349543,8129120,11549338,5532292,10177142,57362654,77994642
285,000819,2017-10-09,-0.0017291066282421053,0.0028818443804032867,0.725563700572785,17290.0,40034.68558030664,571,8286905,8134637,483536,407604,3024977,2771422,2634459,2930955,1679918,1328648,464015,257780,0,0,0,438228,0,0
286,000821,2017-10-09,0.016153846153846185,0.01538461538461533,0.39122759915620076,11790.0,87613.71470637534,1104,15305237,22061915,566902,1847088,3454756,5727690,3625413,4291689,2063912,2885699,2349733,2164541,1102202,692712,946106,1288305,1196213,3164191
287,000822,2017-10-09,-0.005728314238952592,-0.004909983633387904,0.25516391415393225,36105.0,298937.27553410234,2296,137149575,132807437,1240365,1018099,11211661,9389379,13364761,9054752,18228787,18976261,19237329,15340244,16190796,11405452,7380159,9958824,50295717,57664426
288,000823,2017-10-09,-0.0038809831824062613,-0.013583441138421803,0.317697406531522,41391.0,244926.92415355396,2372,160961447,132267107,757148,651410,13304836,13248954,13048857,11696992,24588124,19328837,17187653,14633968,10737834,13438143,7088736,10888324,74248259,48380479
289,000825,2017-10-09,-0.01553398058252431,-0.013592233009708798,0.1065411648793987,15270.0,269621.2661210675,2344,102235942,78842146,1304585,2212058,9079978,10714474,6695469,9244459,11290068,9958383,11545905,7746427,4131983,3631523,2708894,3066464,55479060,32268358
290,000826,2017-10-09,0.007741222007188409,0.013547138512579382,0.7462786838993549,44088.0,397341.75824934716,2350,171539666,158335370,839160,820388,11636572,9477849,16813998,11304891,25704281,20302911,19260057,12286076,17912710,10070377,8004887,7512211,71368001,86560667
291,000828,2017-10-09,-0.007800312012480437,-0.006240249609984372,0.41469277645743313,13992.0,125067.54269058461,955,29312419,23851193,307563,699758,3782037,3680030,5028292,2691450,5676765,3939953,6042754,3956536,3484934,1696965,1290860,1730409,3699214,5456092
292,000829,2017-10-09,0.09250243427458638,0.09250243427458638,0.2203148429223292,31290.0,696496.399357741,2175,256551578,111709618,1272566,1278050,11055456,5890726,14890655,8279417,20463131,11122228,13421110,12677475,15032932,4918377,10916052,5377190,169499676,62166155
293,000830,2017-10-09,-0.0017730496453900457,0.007978723404255206,0.1979423503128765,62160.0,467104.2286902019,3253,274513526,305985882,960472,1173456,13827825,13233697,18283747,18314701,37119543,35249878,30736350,32745794,24396294,23764521,19848781,16616224,129340514,164887611
294,000831,2017-10-09,-0.010624169986719778,-0.015936254980079667,0.3270268453716402,22305.0,196733.43426455796,2121,87019203,60421913,1204643,1453597,9426267,11213805,10345568,11492115,14227109,12625755,8017140,7224119,6230902,2703233,5371483,4130310,32196091,9578979
295,000833,2017-10-09,-0.004796163069544224,-0.005995203836930529,0.290610861277234,12450.0,49461.533607416124,823,12878684,11905201,929591,778123,4595304,2965501,3007079,3085583,2835770,2719817,1178486,639672,332454,318720,0,866527,0,531258
296,000835,2017-10-09,0.0010471204188482464,0.0,0.37932346074181256,12415.0,53138.80971747794,633,9840739,9273023,677057,821285,3204218,3221200,2193198,1682026,2674296,1559928,484920,1006812,0,0,0,478000,607050,503772
297,000837,2017-10-09,-0.0013175230566534468,-0.0039525691699605625,0.2625940437751169,14383.0,67956.88979133566,835,13769189,15283843,868397,722426,3142947,4260645,3106952,4147275,2995923,1892337,2433969,1627209,631466,361625,0,0,589535,2272326
298,000838,2017-10-09,-0.10038119440914872,-0.06988564167725542,0.15707983563580566,22020.0,329241.6656748564,2518,97661627,116883508,1364421,2250119,9506182,12773206,10927671,14164503,12057134,15656934,10333647,9866359,11000678,8641692,9301981,8895178,33169913,44635517
299,000839,2017-10-09,-0.0061619718309859906,0.0017605633802817433,0.20273676050239783,72832.0,580755.4645771601,3143,368347641,396838609,821502,755833,11608613,11140311,17496979,15937519,33249230,34571342,29523286,32389532,21811340,30941174,19795837,22401274,234040854,248701624
300,000848,2017-10-09,-0.006829268292682933,-0.014634146341463428,0.22767594326462096,16112.0,214861.4797184953,2029,78219421,57328603,1604016,1055623,10061828,6436259,8091137,6410329,11891087,8974059,9375810,5313104,5138406,6993733,3933794,3019727,28123343,19125769
301,000850,2017-10-09,-0.0037664783427494575,-0.0037664783427494575,0.23994491870328394,5280.0,60301.69192587007,489,6402230,6078298,224181,696443,1105776,1304673,1223040,885022,1778548,555630,965146,761515,640019,1466385,465520,408630,0,0
302,000851,2017-10-09,-0.008424599831508006,-0.004212299915753892,0.32474612936976366,23720.0,135059.54394024424,1336,42115688,51552887,824906,859542,5678441,6048892,4841691,8013355,10772199,10819020,7441397,5059945,2902437,6254182,1857704,2167658,7796913,12330293
303,000856,2017-10-09,-0.005376344086021501,-0.003225806451612856,0.5851708481203105,27870.0,131010.30893255306,2273,90054205,71804468,1175357,1112416,11814752,11326240,13775118,11574996,18896646,18736575,12066420,10500322,8339752,4829973,5221173,3041440,18764987,10682506
304,000858,2017-10-09,0.009310344827586192,0.012413793103448256,1.0219008189131695,106236.0,832053.975349796,3223,489116992,532408141,893327,522618,10965285,7720983,20462145,14657829,41119741,34657373,41106749,31521883,28643554,29658901,29114061,26950364,316812130,386718190
305,000859,2017-10-09,0.007797270955165692,0.00974658869395717,0.18069108161201783,12504.0,97987.71075706072,806,13546149,18052567,734604,526606,3162127,4070303,2844929,2699789,1373116,2986737,2099447,1546758,359658,1296982,418026,894877,2554242,4030515
306,000860,2017-10-09,0.002512562814070307,0.0010050251256283893,0.4888069591792882,15912.0,194782.4036542178,1657,38103350,55163361,1141288,2942833,7806430,6715316,7483933,5226884,7746042,6929420,3191048,4581477,2833360,1690655,2247024,2102585,5654225,24974191
307,000861,2017-10-09,0.0,-0.00536193029490617,0.13893896378286646,10071.0,58534.38745420308,721,14548705,8704701,581518,641853,3826795,2406552,1579384,1354587,7367340,1709841,509383,932627,684285,677215,0,434070,0,547956
308,000863,2017-10-09,0.0013986013986013734,0.0,0.2693882031474809,6444.0,87398.03500718319,704,10799248,10665363,604392,541895,1847276,2380384,1875151,1876535,1973681,1387643,1321141,2154982,0,306159,1806879,442241,1370728,1575524
309,000868,2017-10-09,0.05758683729433289,0.05758683729433289,0.25481153552461516,16198.0,3276455.708705404,1846,592562686,445102441,2615988,0,14069547,0,10502089,0,15149758,0,8583783,0,7581821,0,3018613,0,531041087,445102441
310,000869,2017-10-09,0.008686496446433267,0.0028954988154776817,0.8868302344782798,30736.0,142381.5170398343,1835,68427749,67888562,811191,837602,10424664,11217023,9196262,9402401,16338890,12621362,8182488,7431426,5679393,5077611,3974708,6277285,13820153,15023852
311,000875,2017-10-09,-0.004016064257028162,-0.002008032128514192,0.20207085464308686,9940.0,64843.28595454957,607,8764128,8924642,576955,835375,2437877,2160902,1536620,1642527,1465414,1848440,297600,1512424,323050,342314,459156,0,1667456,582660
312,000876,2017-10-09,0.0013513513513512265,0.0013513513513512265,0.1823551126858446,11864.0,154507.636474849,1648,40019317,44210918,1400534,1732093,5060131,7009673,5941653,7043021,5271036,7092522,3036914,4911544,4701622,3074285,425166,1420781,14182261,11926999
313,000877,2017-10-09,-0.012195121951219523,-0.008943089430894391,0.24775278901657816,20765.5,170281.62472025168,2466,71244107,76314304,1765884,1726420,12582228,12474734,9450813,11205973,14152908,15450872,8692624,8473535,6058830,6958690,2235278,4116263,16305542,15907817
314,000878,2017-10-09,-0.014160485502360154,-0.013486176668914274,0.2979587405100495,33672.0,342788.01172857813,2479,166796041,101923282,688026,870046,18612403,8621918,14334794,11704853,24495621,15238595,14559048,10908225,10760483,9696208,12522354,10398986,70823312,34484451
315,000880,2017-10-09,0.008920606601248826,0.006244424620874156,0.5199411010044063,11205.0,59124.91700826268,464,5657915,6769095,410479,358999,2019779,2064076,861796,1016330,1090598,1528761,749983,0,0,711996,0,435793,525280,653140
316,000881,2017-10-09,0.016009852216748888,0.015394088669950845,0.5212393735473966,16470.0,94249.45264928754,970,19671792,23162157,990460,654577,5111469,4090063,3668329,3530026,4261068,3932725,2852758,2431600,1350370,2352869,865482,1729808,571856,4440489
317,000882,2017-10-09,-0.0028011204481792618,0.0,0.12268166466621702,7307.5,151205.2746222611,848,19340078,12895257,731204,801249,3064393,3003156,1386688,2678359,2617595,2187951,543596,1036317,1754968,1435355,0,0,9241634,1752870
318,000883,2017-10-09,-0.001984126984126977,0.001984126984126977,0.15027461908031214,6036.0,56058.01403256614,1126,11913416,13855306,712544,909857,2675907,3865754,2356967,3064273,1481994,2473979,2123676,970213,610030,703697,831609,814669,1120689,1052864
319,000885,2017-10-09,-0.004147226542249749,0.0,0.46161377242286794,19250.0,80892.73909514639,1746,39843307,40614550,1474968,1410033,8747525,9653161,8109792,7845801,10535463,8545778,4475792,6278070,3265467,1769350,836475,910591,2397825,4201766
320,000886,2017-10-09,0.028064992614475592,0.010339734121122657,0.22301001504492737,13540.0,162722.9819941039,922,27830066,31622588,664156,700106,3231593,3208070,4577882,3726715,5318404,4252461,2554203,2709423,1705266,4006840,1795912,1744198,7982650,11274775
321,000887,2017-10-09,0.014839636189564409,0.008616562948779327,0.4486872654332565,33864.0,254080.21756728052,2168,117450812,138364722,434280,1806863,6956265,14500602,7464978,13013272,15770018,14580888,13381782,17571241,9014027,10598704,12749335,11776415,51680127,54516737
322,000888,2017-10-09,-0.02249134948096887,-0.021626297577854725,0.280149263740449,10161.0,92650.64629942496,1703,41600918,22991710,3062499,947072,5416882,6568538,5376250,4371814,6525317,5040232,1845133,1691415,3099245,1396394,2645207,1289423,13630385,1686822
323,000890,2017-10-09,0.0025284450063209896,0.006321112515802696,0.23489448562431758,13557.5,118372.17583542521,1134,27161608,27344837,732501,1201413,3835858,5774745,3650495,4266264,5983674,3319321,3394415,3889367,4820008,311951,2283480,0,2461177,8581776
324,000892,2017-10-09,-0.0024125452352231624,-0.003618817852834688,0.3180030601777831,9097.0,71829.14564658645,679,9131952,11117853,798891,683768,3244782,2152190,1821389,1939362,1745368,1594684,0,1305435,339486,632477,448812,1315438,733224,1494499
325,000893,2017-10-09,0.0010964912280704286,0.006578947368421018,0.29777847935616913,11940.5,69491.66218152699,938,13447275,14360716,865132,935316,3567448,4368988,2930192,3947723,2832957,2481287,943295,1002269,0,321650,431975,498188,1876276,805295
326,000895,2017-10-09,-0.02344992050874406,-0.01629570747217801,0.47813688629030865,26539.0,208443.41388358155,2771,135965313,88634463,1702827,908046,22741303,9039641,15211727,10821621,21094214,15362723,14224828,8836126,9369489,6875729,7011232,3521280,44609693,33269297
327,000897,2017-10-09,-0.002331002331002252,-0.002331002331002252,0.13818969166684153,8540.0,68903.57729113927,965,12564669,12678987,885603,1231926,2876739,4216396,1589631,2603238,1474520,1550161,1729962,1461405,1006550,770025,0,845836,3001664,0
328,000898,2017-10-09,-0.019431988041853643,-0.01195814648729443,0.13419094538187323,33150.0,232738.38631183203,2493,153994406,122826491,1687971,1555299,9189770,9081030,13367446,12546185,21011427,22396247,12604812,12947893,16123304,10220722,10191954,6620908,69817722,47458207
329,000899,2017-10-09,0.02130492676431417,0.02130492676431417,0.1611189399272321,16012.5,177565.33302040191,2176,51220877,76588679,1073374,2848976,6084748,13253393,6494659,12993265,8089114,12072626,6529909,9009220,5039941,4234711,2611798,4079865,15297334,18096623
330,000900,2017-10-09,-0.011363636363636465,-0.008116883116883078,0.1671294186939962,8582.0,135932.90360895725,1360,26543929,22227746,1313907,2548470,5316555,3725942,3638652,3348703,3745436,4516924,527378,850869,1597094,999140,904185,438000,9500722,5799698
331,000901,2017-10-09,0.013107968264919112,0.015522593997930434,0.6583617790250667,29030.0,212762.68872189694,1939,59079119,106915968,929986,1720311,8402024,9812959,8847100,10925259,13929529,14640804,6965308,13316208,3729908,10539447,1851897,2786345,14423367,43174635
332,000902,2017-10-09,0.007866273352999054,0.004916420845624492,0.3157548673593719,10200.0,84857.49954756844,1037,18917715,21546076,481444,996847,3692241,3767113,2947976,3438519,3232565,5850251,2663428,3336887,1688785,1475924,0,0,4211276,2680535
333,000903,2017-10-09,-0.002450980392156854,-0.004901960784313819,0.12748555746302145,12194.5,127277.09757299433,1026,27792228,19063786,1064905,760761,5646080,3671959,3928360,2238476,4390365,3479076,4633103,2486234,1064469,641430,833587,877200,6231359,4908650
334,000905,2017-10-09,0.009818731117824608,0.0083081570996979,0.34422404725260813,17173.0,85152.4366890399,1479,29087357,38101804,932660,1349421,6134007,8240822,5390754,6409181,6562027,9264351,3696672,2255102,2845997,3249283,1742110,3057360,1783130,4276284
335,000906,2017-10-09,-0.002188183807440014,-0.002188183807440014,0.35086602485135704,6398.0,42445.70412065674,678,7215462,7481909,438387,1130721,2355623,2308040,1791552,1962333,1373357,1181093,0,899722,372095,0,884448,0,0,0
336,000908,2017-10-09,-0.006684491978609763,-0.004010695187165791,0.23321841202379026,1488.0,32723.84088049657,1029,6850456,4843969,1262144,252384,2233827,2141519,1072849,983824,829889,745746,204600,720496,359411,0,887736,0,0,0
337,000909,2017-10-09,-0.00709723207948898,0.004258339247693366,0.3580120057398944,20782.5,137090.6562273278,1550,38672105,49538811,1159441,1033327,8518804,6852833,8345424,6559046,9853559,7564031,3131430,3477739,3750764,3398105,1290952,2172984,2621731,18480746
338,000910,2017-10-09,0.023333333333333206,0.026666666666666616,0.5218594159244203,19431.0,91579.68330071212,1622,22439238,43666202,1548639,1215545,6820093,10531110,3788462,7132485,4378346,10240021,2614566,3066212,0,1319793,1279424,3190448,2009708,6970588
339,000911,2017-10-09,-0.004244482173174746,-0.004244482173174746,0.3925098993797623,11730.0,57865.54044737196,900,14222993,13344842,566883,919108,3697657,5100357,2200052,3174018,3819165,2090340,1229888,765808,711658,690897,829878,0,1167812,604314
340,000912,2017-10-09,0.0010582010582012025,-0.005291005291005124,0.21254408763466975,15963.0,65004.5638915966,1978,38631232,34099397,1618764,2018817,9411854,10766447,8003300,8187020,6871989,8884779,4790982,2161510,3769847,312687,1383984,942429,2780512,825708
341,000915,2017-10-09,0.004297994269340855,0.002865329512893977,0.7933477464065588,21095.0,176361.2314940203,1936,66889161,72058793,684463,1169318,8059379,12412376,7155851,7606312,13207954,8923440,4741211,7174715,7376186,4548882,2978673,1846663,22685444,28377087
342,000917,2017-10-09,0.0028195488721804995,0.0028195488721804995,0.26845531561804387,20254.0,144536.0147792155,1571,45988034,51469238,638541,1528434,5288997,10051789,4882189,5295535,7907280,9549302,3663944,8501217,4357446,3015360,3147476,2236983,16102161,11290618
343,000918,2017-10-09,0.0,0.0013986013986013734,0.24891682894465794,13642.0,95269.94802576717,825,18091291,16774062,960365,617302,4118902,2575490,2893142,2794132,3989199,3319746,2601509,2033223,1068823,1387644,835055,885158,1624296,3161367
344,000919,2017-10-09,0.0038131553860818457,0.0028598665395613843,0.3954416191127757,13689.0,102119.95318552459,703,17883085,14149094,308002,760513,4113809,2270957,3445154,2184444,4015221,1606519,1733122,1492691,993710,1419508,473850,474229,2800217,3940233
345,000920,2017-10-09,0.0024875621890547706,0.0024875621890547706,0.3184445828504116,22800.0,108003.9282784052,1434,42150662,38749858,903860,1019965,7373863,7543719,6733605,7847966,7591905,7283609,4445859,4936471,4328732,4417632,1757102,1890448,9015736,3810048
346,000921,2017-10-09,0.04772557792692034,0.03504847129008204,0.2820187661591187,28980.0,178078.36067150475,2262,77092280,111060468,1408605,1384802,11492784,9508100,13234660,10749444,21516088,19291696,4893634,12759972,3244514,7249880,5526865,6653631,15775130,43462943
347,000922,2017-10-09,0.004872107186357999,0.004872107186357999,0.2998870032822115,15770.0,77600.32788598334,749,14546638,16823151,835725,590895,3714421,2748233,3054506,3026999,3790567,4694252,923654,2342668,675717,1809460,896012,0,656036,1610644
348,000923,2017-10-09,-0.008480565371024817,-0.005300353356890497,0.9419138786454327,19600.0,75215.73692283055,902,20967591,16469915,745746,574239,4578720,4528362,4267380,3366284,5338719,3427200,2470895,2341712,0,0,1306759,1669118,2259372,563000
349,000925,2017-10-09,-0.017514124293785294,-0.015254237288135575,0.6513534379609116,17440.0,95182.87446876235,738,20469607,13196193,338555,806929,2767421,3751008,3479217,2996636,5009283,1699547,2136831,2124879,1055152,929796,402500,887398,5280648,0
350,000926,2017-10-09,-0.008792965627497984,-0.004796163069544446,0.29477397715049275,14916.0,92869.56039027944,1803,43945428,37504604,2073561,1329839,6835668,9254472,7170326,5553406,13893038,8037004,3023466,1918266,4248798,3166373,2293635,1345186,4406936,6900058
351,000928,2017-10-09,0.0035885167464115852,0.0071770334928229484,0.21640661866779318,23492.0,135533.42748059178,1493,30936687,42436208,1065168,1299506,5509149,14597953,4990718,6017467,5516212,4182783,3098453,1889772,1768848,2390463,1710386,1741864,7277753,10316400
352,000929,2017-10-09,0.004629629629629539,0.00694444444444442,0.5934869216180161,11668.5,53014.662064238415,476,6933414,5970092,570365,343776,1932745,2082915,1155519,1082870,1737483,1496094,202332,263697,776400,700740,0,0,558570,0
353,000930,2017-10-09,0.028368794326241176,0.020567375886524797,0.2551716012312616,67464.0,421318.3361226754,3056,271100145,325987569,1147375,1035301,13262835,10796029,18252972,18196203,35890923,31143526,26067942,25520716,22660677,25848912,21679251,16032162,132138170,197414720
354,000931,2017-10-09,-0.002631578947368318,0.0013157894736843812,0.2614044112810198,12176.0,57788.799230993034,845,13022750,12248458,892218,811830,3582006,4422502,2548326,2596003,1765878,2282056,1355076,1454767,1279066,0,0,0,1600180,681300
355,000933,2017-10-09,-0.00775862068965516,-0.0034482758620688614,0.2120580545249081,42994.0,376995.9655056559,3000,222323681,211347528,1216334,1197675,17891503,13579496,17288974,16369756,23046589,21904992,17260150,20195578,16634267,22043810,12772524,13277349,116213340,102778872
356,000935,2017-10-09,-0.011014226709499697,-0.008260670032124828,0.41829087289080175,32655.0,160725.33222948262,2715,109770196,102211088,1376608,1120193,13890995,14446780,17263903,16889143,20358011,18094359,10738265,14271393,9224661,10736052,7776394,6210581,29141359,20442587
357,000936,2017-10-09,0.0,0.0,0.24490985330367887,11344.0,57722.115253156975,845,13854172,13451087,584050,1054265,2943876,4711120,3235720,3061108,1772557,2755966,4092018,483831,727540,370047,498411,452270,0,562480
358,000937,2017-10-09,-0.005772005772005762,-0.005772005772005762,0.16138985960635135,8957.0,123966.70685835536,1846,42232154,40420239,1381318,2136603,6353377,6575868,4321912,5896825,5502898,7197080,5501616,4287351,4725693,3853911,471933,1833871,13973407,8638730
359,000938,2017-10-09,0.01261980830670928,0.01821086261980831,1.2096698443243783,75732.0,390029.41734319495,2680,249976703,247316855,727352,920576,9885063,9132762,14324517,16314548,30487533,32349797,26963561,23825153,20326278,22780086,21144091,14735685,126118308,127258248
360,000939,2017-10-09,-0.02910958904109584,-0.018835616438356073,0.1365168782439494,18810.0,205891.93521427683,1834,78330212,54778229,1302628,1337297,8757352,6841637,8104420,7611650,10661979,8980271,9318032,8692797,6750062,4080643,3969691,4055504,29466048,13178430
361,000948,2017-10-09,0.00400962309542896,0.006415396952686558,0.4090180424698985,12600.0,67482.19002574372,929,17531040,14818010,1040339,485353,4355656,3909611,4538747,3171479,3556092,2283503,1165252,2125790,1043424,930024,0,0,1831530,1912250
362,000949,2017-10-09,0.00222717149220486,0.006681514476614581,0.1966162224384205,5423.0,80839.08377286953,521,8063788,6262907,347999,667708,2003555,1773939,1463322,1251691,994799,830098,469441,949613,332838,359339,451000,430519,2000834,0
363,000951,2017-10-09,-0.0015641293013556323,0.0005213764337852478,0.40976969739388125,19385.0,103598.3214470147,2196,55959603,51103651,1697086,1916837,11396404,10199606,9401519,10989766,9826864,10935703,6903679,4973186,4045396,3206354,3935085,3090516,8753570,5791683
364,000955,2017-10-09,0.010385756676557722,0.0029673590504450953,0.2752655727328651,19662.0,75928.40960723463,599,13133570,12660971,462460,310310,2204995,3600298,2582564,3249484,2678364,3204947,1353675,1593624,348651,702308,431393,0,3071468,0
365,000957,2017-10-09,-0.002605863192182367,0.01237785016286641,0.2750277188467492,73743.0,432038.45495277276,3122,293170020,320021350,1099586,873518,11798809,11747067,18543038,16843527,32434936,32625741,29984730,27807433,25226888,29523507,20421118,26850776,153660915,173749781
366,000958,2017-10-09,-0.01293661060802076,-0.0077619663648125226,0.19949258694926184,15240.0,90915.27964991574,1502,33345593,28610306,1347890,1551122,7784430,6505451,5734365,5625292,4892538,6649043,3533169,980164,3220892,2945659,2566065,877836,4266244,3475739
367,000959,2017-10-09,0.0042918454935620964,0.0,0.16372937025368986,8364.0,46418.217509992995,1826,18113759,19994815,3722508,1734833,6743928,4606295,3113734,4405796,2155544,4949595,1147250,1739429,301269,1007141,0,429270,929526,1122456
368,000960,2017-10-09,0.014566181127295685,0.020899303356554988,0.28117264822454074,82007.0,543332.081187107,3157,352725636,403082437,1066913,686346,12181857,10404315,19419156,17470862,37079679,33083620,29417735,28286287,26102331,29357979,21952675,26824167,205505290,256968861
369,000961,2017-10-09,-0.01705426356589157,-0.01705426356589157,0.16288716290382604,14058.0,281521.9457820673,1570,61443011,49077520,1175504,1236773,7340137,5873542,6491076,5657288,6668091,8689031,5444352,4513975,4110328,6102494,3056767,2573441,27156756,14430976
370,000962,2017-10-09,-0.011082693947144118,-0.008525149190110826,0.26470326847621267,23300.0,112231.53606058739,1965,59920036,50127911,1224098,1034281,11182825,9448764,10035074,9778694,14392735,11968708,7423625,5750462,5215169,2761180,3190432,1371170,7256078,8014652
371,000963,2017-10-09,0.00896495517522422,0.011002444987775029,1.1799757994835183,34531.0,229058.14258838235,1730,74478585,89230137,1186840,1612861,10234626,8350376,9184481,8644634,10977005,11898404,10340851,10041500,5438715,5071537,5112168,3323565,22003899,40287260
372,000965,2017-10-09,-0.005586592178770999,-0.0041899441340782495,0.23996343328089711,10725.0,69385.80533514397,890,17777533,12666523,970252,946947,3863305,3527147,3647904,3101052,4297455,1169526,535824,1510806,2108982,1305909,913245,462536,1440566,642600
373,000966,2017-10-09,0.0021413276231263545,0.0,0.19186610548929214,8442.0,83356.79777184853,592,6860372,11143975,419091,954729,1802680,2520283,660370,1305172,1277411,1030212,1283094,963063,365194,713930,0,2295450,1052532,1361136
374,000967,2017-10-09,-0.0031023784901756946,-0.0020682523267838704,0.35436323201044756,15923.0,85299.60919780756,744,17250403,16796942,773209,841969,2719266,4026576,2983055,2855668,5126012,3463040,1775209,2913811,1439912,380210,1855705,0,578035,2315668
375,000968,2017-10-09,0.04523809523809508,-0.0035714285714286698,0.47852379026395336,16920.0,129046.51631264419,1233,38056290,32538772,945508,826869,5751214,5315175,5021197,7171029,6221011,5588858,2798580,2873754,2748833,2465812,1322380,2367433,13247567,5929842
376,000969,2017-10-09,-0.003669724770642313,-0.004587155963302836,0.2638234184968215,21630.0,184621.61063594892,1708,53835533,61593577,1276128,1106459,8652836,7011357,7933272,6270916,9908374,12029172,6522371,5052536,3733493,7619140,3555958,2637827,12253101,19866170
377,000970,2017-10-09,-0.0010952902519169028,-0.004928806133625452,0.3332758326893786,64015.0,379318.86405549326,3003,262996235,273271496,1037103,1096793,11749269,11575623,20435257,19896197,30032142,32524331,19729277,25931923,18550620,22682092,20509679,28806180,140952888,130758357
378,000971,2017-10-09,0.0131421744324971,0.017323775388291773,0.5420293141552948,16920.0,68083.94106480293,953,13662685,18096672,807009,569736,4359735,6191136,3818901,4364363,3325802,3718716,1351238,1581621,0,0,0,0,0,1671100
379,000972,2017-10-09,0.0071258907363420665,0.002375296912114022,0.23578050995501926,8440.0,39358.845226284975,318,3606877,3262105,429936,274355,1440275,1189918,890549,536651,846117,377185,0,506680,0,377316,0,0,0,0
380,000973,2017-10-09,-0.0012330456226880004,0.0,0.18496152732066778,21897.0,109092.81937580396,1924,56556419,55137489,1461483,1637393,9247665,10179528,8239390,10491331,11038089,11788806,7746824,5923292,4611058,3290379,5547585,4042520,8664325,7784240
381,000975,2017-10-09,-0.006378454996456395,-0.002126151665485465,0.4103970209619932,8460.0,112685.57376255665,1183,27601947,22469935,621857,2194602,2714357,3356144,7949394,3759860,7594107,4000038,3598956,2060955,678962,1441212,825329,1831223,3618985,3825901
382,000976,2017-10-09,-0.004232804232804144,-0.004232804232804144,0.3472907505429852,16014.0,70031.30689376414,740,12747558,18475022,515869,755505,2986060,2891629,3287098,3636266,2042649,7041547,1695137,2584361,728378,327568,955997,0,536370,1238146
383,000977,2017-10-09,-0.0020345879959308144,0.0020345879959307034,0.37335445124247685,53176.5,369852.8667195557,2774,224118426,244381915,1267488,1249988,13028873,11157934,17440657,13796007,27442279,26045135,18976307,21383840,15056064,23545190,20466233,18040905,110440525,129162916
384,000978,2017-10-09,-0.024365482233502544,-0.017258883248730927,0.2762666653144095,19320.0,75642.06145589186,1271,33590909,16129238,1597180,842301,7313848,4555215,10764325,3264490,5516537,2938911,2257518,2444049,1448093,704840,914782,410432,3778626,969000
385,000980,2017-10-09,0.00210526315789461,0.0035087719298245723,0.2520394173217525,64440.0,465990.82837668323,3205,287122720,307207320,791551,826418,14223560,10848574,21116489,17185079,34799616,31019453,26106373,24781631,23106892,23585165,20513585,20808482,146464654,178152518
386,000981,2017-10-09,0.005252100840336116,0.008403361344537785,0.40709911131171156,13440.0,107730.99855090205,546,11063573,11048332,392439,684161,1879840,2988931,2261068,2836066,1443292,1358620,1033192,461760,330652,1129729,1801090,937507,1922000,651558
387,000982,2017-10-09,-0.01118568232662187,-0.013422818791946178,0.14152760329676808,8860.0,124036.01765246558,999,27377740,14902566,858292,1006946,3759286,3102486,3677371,2405168,4182155,2135805,1199584,1108004,1289373,785838,1837866,441000,10573813,3917319
388,000983,2017-10-09,-0.00672430355427478,-0.01056676272814594,0.2032911913505492,23736.0,239801.9901566018,2625,123055423,118011227,936307,2192376,9433489,13221493,10416445,11855329,19001681,20006458,13841693,11428880,5773570,10632657,5468438,12051311,58183800,36622723
389,000985,2017-10-09,0.018496654860291173,0.018496654860291173,1.0013857895499798,15360.0,47866.109145469054,643,7790582,12534638,268609,670235,2786779,3522870,2043044,2882780,2173710,3363418,518440,1312676,0,331392,0,451267,0,0
390,000987,2017-10-09,0.002586206896551868,0.00775862068965516,0.44492894499034064,11730.0,58415.145650234714,679,11991483,11068330,515922,503715,3239294,2924846,2415095,2514081,3373528,2578174,201928,1860146,314730,687368,1345986,0,585000,0
391,000988,2017-10-09,0.017991874637260485,0.022634939059779535,0.3179206463391281,58129.5,514772.060467548,2940,204892304,304472407,1073065,995219,12882918,10767205,17589606,18520914,31276760,33019573,23602629,27136132,18302955,18208711,13081590,16761730,87082781,179062923
