,code,date,pchange_whole,pchange,change_std,amount_median,amount_std,length,sumsell,sumbuy,sell_vol_0,buy_vol_0,sell_vol_1,buy_vol_1,sell_vol_2,buy_vol_2,sell_vol_3,buy_vol_3,sell_vol_4,buy_vol_4,sell_vol_5,buy_vol_5,sell_vol_6,buy_vol_6,sell_vol_7,buy_vol_7
0,000001,2018-01-18,0.022222222222222143,0.004861111111111205,0.24082925226541238,289074.5,1153165.0032653145,3582,1150583820,1065913451,260517,258820,5433962,5114546,14437151,13319149,41932775,35466249,51532622,38954171,59390731,37753138,54277013,41755683,923319049,893291695
1,000002,2018-01-18,0.004040404040403844,0.016414141414141437,0.6659251090841133,228171.0,836652.462718477,3541,846729441,864731428,313337,218610,8557071,5614284,18426203,12891867,39043658,36313665,41961089,41287468,49553289,40995055,40796338,32192595,648078456,695217884
2,000004,2018-01-18,-0.0073800738007380184,-0.008763837638376404,1.3346196536528436,10745.0,43984.17035092977,263,3444701,2162085,307883,258466,1215225,1198200,591468,142032,591170,107800,738955,0,0,0,0,455587,0,0
3,000005,2018-01-18,0.004739336492891155,0.0,0.1951613091172322,4675.0,20021.363167334384,467,3479648,2344141,625504,418932,1703903,1205832,726989,590481,423252,128896,0,0,0,0,0,0,0,0
4,000008,2018-01-18,-0.0011933174224345588,-0.005966587112171906,0.2484442375388023,15030.0,42255.01297115296,1138,16612191,6646911,583752,919104,9760221,1994333,1587324,1340307,1598794,537383,1212343,0,952430,989369,408170,866415,509157,0
5,000009,2018-01-18,0.0014727540500736325,-0.0014727540500736325,0.15424362517562418,8148.0,107300.71097266414,1941,40974576,31315321,1659204,1534701,6848807,6194255,5191919,5385795,6185315,5434436,5485797,4024772,3700547,2676147,914628,2231648,10988359,3833567
6,000010,2018-01-18,0.015151515151515138,0.024621212121212155,0.12983401662334804,12816.0,76195.86986453741,1657,25051592,30094091,1231792,1374970,9008538,6545708,5324291,6409449,4454635,5380850,2907318,3210844,677431,700005,493587,493587,954000,5978678
7,000011,2018-01-18,0.0016611295681063787,0.0033222591362127574,0.43684040253783735,18130.0,72198.89979441208,1709,40437232,29803665,1283661,1363800,9039068,8010988,9670515,8137350,8504621,6235981,4247749,1977174,3489069,1424186,1396609,498300,2805940,2155886
8,000012,2018-01-18,0.028473804100227706,0.019362186788154823,0.16749808877786518,38399.0,256182.82354171586,2751,127637207,201005088,2162238,1392451,12491878,12993942,14618759,14331860,26224348,24621651,18169441,17220953,10097221,13804913,6784267,14972166,37089055,101667152
9,000014,2018-01-18,0.006517016654598029,-0.003620564808110127,0.3238507543330733,13910.0,64728.34359635979,1821,38454527,27145182,1600408,1623572,10270928,7667260,8851656,4793195,9267054,6712797,4205628,1405769,701347,673210,1739443,1739182,1818063,2530197
10,000016,2018-01-18,0.04402515723270439,0.029874213836477814,0.15854370817700078,14950.0,105111.34764092098,1611,28629842,56409587,1047785,1548798,4797369,7958540,4501180,8103246,8004389,11730800,4207262,5398680,4162588,6968669,0,3616639,1909269,11084215
11,000017,2018-01-18,-0.0016420361247947435,-0.006568144499178974,0.31212251993652035,5436.0,32595.053212170576,380,3330176,2314479,272400,583150,1019186,747097,374745,984232,1059645,0,241200,0,363000,0,0,0,0,0
12,000018,2018-01-18,0.019575856443719397,0.021207177814029254,0.15205436608347758,13640.0,37630.885785015635,1629,14013044,23618019,773215,1076684,5517025,11962818,4152977,5613283,1544870,2779774,688834,1132286,319088,650674,485060,402500,531975,0
13,000020,2018-01-18,0.0007082152974504652,0.0014164305949009304,0.6771502866996837,11300.0,36758.23323393763,434,5958348,3567741,488355,474452,1783327,1574059,1749864,698974,1138458,534456,485187,285800,313157,0,0,0,0,0
14,000021,2018-01-18,-0.01306532663316573,-0.008040201005025116,0.17760999031954558,55048.0,359563.5327723001,3143,253972519,248759912,1281719,1451529,13060879,12078260,17351717,20442032,31498388,28811874,25127852,27111563,22282024,20935498,21054608,17413201,122315332,120515955
15,000023,2018-01-18,-0.00348085529587272,-0.00348085529587272,1.1557174220059552,10027.5,45609.772751651784,302,2231104,4095153,202780,307438,1255823,1354932,500093,570813,0,335311,272408,413236,0,674766,0,438657,0,0
16,000025,2018-01-18,0.003953610964681165,0.005007907221929564,1.175488969785796,15268.0,61170.54698393596,1041,17681983,18209956,946196,854489,5635158,5462560,3178002,3546214,3103927,4407157,1984683,1744039,1279603,1360558,935014,0,619400,834939
17,000026,2018-01-18,0.0009407337723423836,-0.0037629350893697566,0.4759389430738289,5307.5,60941.51036918554,498,4817817,5089195,202237,476956,1202633,2039936,891748,1107839,1107246,1252065,231298,212399,0,0,0,0,1182655,0
18,000027,2018-01-18,0.0,-0.0016393442622950616,0.20143394067448292,6110.0,54109.302798993376,917,11559668,6618734,637435,919315,4218588,2407342,1510538,1408699,1236456,636873,998871,520207,688168,308448,1306422,417850,963190,0
19,000028,2018-01-18,0.015299684542586789,0.011987381703469913,2.253344479062732,12748.0,152434.13889851075,791,14805294,22416701,672904,929468,3715599,3386171,2504750,2233608,1902860,3233909,783022,1590541,978805,1649950,863300,1383447,3384054,8009607
20,000030,2018-01-18,0.011249999999999982,0.0,0.328580824038003,8000.0,39183.84333745494,592,6915219,4836176,864986,708119,1644109,2159040,1279202,1040751,1901577,660064,443745,268202,781600,0,0,0,0,0
21,000032,2018-01-18,0.019128586609989284,0.009564293304994642,0.40806335515078773,9480.0,42967.509644528356,531,5425130,5939256,560756,483240,2413918,1943385,1248343,1076426,992449,479656,209664,1088809,0,397740,0,470000,0,0
22,000036,2018-01-18,0.004975124378109319,0.00995024875621886,0.22318157908708364,27297.0,163811.64217676452,2029,82606876,66092752,1014689,844934,10127670,9829433,11078306,9035544,15805874,14170386,7692874,11195297,8166613,5778409,3894468,3404213,24826382,11834536
23,000037,2018-01-18,-0.03202328966521106,-0.03202328966521106,0.3253213189544595,3325.0,53913.13570588397,446,4381202,2962589,310174,566123,1092529,901559,283119,702697,0,792210,226765,0,1340635,0,462700,0,665280,0
24,000038,2018-01-18,0.029380902413431498,0.03725078698845752,0.5710482527596339,13923.0,63073.84348829685,1115,19895570,19033523,1050216,1280788,5230946,4327444,4211675,3825791,3797783,4247238,2559904,2239172,2569246,1735779,475800,873842,0,503469
25,000039,2018-01-18,0.020018621973929118,0.006983240223463527,0.4551099348222909,23782.0,146849.3684873529,2231,77099701,69620873,1000814,1326421,13197305,10647251,10618501,8545489,14621873,10483213,8210765,11345076,6492112,2601660,5996696,5253946,16961635,19417817
26,000040,2018-01-18,0.014221556886227615,-0.005988023952095856,0.46488834744982305,16032.0,77706.770657566,826,13299502,14934942,555863,356813,3935422,4502741,2429631,4184032,2096849,2478346,1857774,206460,1355263,0,400200,400500,668500,2806050
27,000042,2018-01-18,0.01659038901601817,0.008581235697940448,0.642309049511217,10542.0,68980.06650459685,740,13458289,9202459,485458,713076,2858744,3244831,2460670,2335784,1361504,990696,2729397,473711,1389751,687065,489923,0,1682842,757296
28,000043,2018-01-18,-0.015748031496062964,-0.01476377952755914,0.433369872685299,10130.0,129065.32689430228,549,17899458,8873494,331952,401543,1919062,2019838,2025532,1617733,2517944,1283610,2175695,1014350,1001952,953075,920666,0,7006655,1583345
29,000048,2018-01-18,-0.005210800568450913,-0.000473709142586376,1.048249565626318,8326.0,135022.256497487,406,5743359,7376917,528334,234251,1433977,1030735,771985,481815,916957,756358,935210,927881,0,373647,0,0,1156896,3572230
30,000049,2018-01-18,-0.007997867235403855,-0.010930418555051946,0.9583258084417164,18700.0,77324.75910370483,1532,38724272,28748475,923019,1198786,8898826,6122075,5546341,7358456,9060957,7833807,4534794,3250434,5189293,1650995,919000,1333922,3652042,0
31,000050,2018-01-18,-0.006707946336429238,-0.004643962848297156,0.4018666120288136,21307.0,141810.21206496903,2327,85532303,68518457,1549289,1621264,10137780,10311747,11592401,10064852,14373454,13000997,13362007,7028931,10589571,8144162,3975106,5769862,19952695,12576642
32,000055,2018-01-18,0.011308562197092087,0.012924071082390798,0.18414363311251025,6190.0,61916.155404587,1131,12542554,12260620,985976,1436518,3260035,3251251,1969136,2250010,2305673,1745415,1375848,531554,1036685,699779,0,443664,1609201,1902429
33,000058,2018-01-18,0.024324324324324298,0.025675675675675524,0.2692009217405343,11340.0,116811.28078652515,755,13436594,10960181,1081720,603695,3556651,2879487,2506521,3124865,2308483,2838380,962464,1192004,0,321750,0,0,3020755,0
34,000059,2018-01-18,0.032101167315175205,0.02237354085603127,0.22286744869950756,28896.0,226472.98288930109,2129,96110576,117828930,817710,1034862,8266428,9956741,9465361,10340495,16743377,13194113,13567158,12178046,7167002,8715629,8278738,7948890,31804802,54460154
35,000060,2018-01-18,0.0009025270758122872,0.0,0.21065296342153456,36564.0,199278.74130466365,2769,151400561,125851287,1848351,923653,15469958,9896916,12545400,14380942,22041054,24255287,19232523,16830074,18625491,14319490,10558273,9903210,51079511,35341715
36,000061,2018-01-18,0.0064683053040104355,0.002587322121604174,0.30829523827552846,7760.0,50301.071381733695,628,7539876,8605215,391847,1035757,1751964,2284484,1468538,2012767,1486390,2080778,1624387,470812,350550,720617,466200,0,0,0
37,000062,2018-01-18,-0.010353753235547769,-0.0051768766177739955,0.7655871338037581,6921.0,68072.0037898147,916,11300832,9043588,675138,1105241,3460983,3263880,2489232,1550754,1534640,1162915,1040471,640775,0,742023,0,0,2100368,578000
38,000063,2018-01-18,-0.012155591572123203,-0.014856834143706199,0.6179179276570201,413318.5,1415783.4840218504,3590,1583178716,1418588550,47753,47729,2587266,3070636,9359119,11089157,33577272,41292687,42922593,52136837,46744470,54860055,49962582,57105421,1397977661,1198986028
39,000065,2018-01-18,0.037142857142857144,0.03828571428571448,0.42024626542309257,17650.0,86199.37607884861,1735,24681597,46450514,1308341,1495800,6827955,10016140,6101876,7494457,6292096,9379617,1152091,5456567,988842,3155391,912634,2244655,1097762,7207887
40,000066,2018-01-18,0.0028571428571428914,-0.0014285714285714457,0.16217076617603804,14060.0,133361.0690662927,1865,59932059,47252637,1409723,1640459,8574376,7121708,9811021,7213239,7532377,7829376,5544917,5574448,5572430,5788498,5287241,5759717,16199974,6325192
41,000068,2018-01-18,0.0036900369003691758,-0.01291512915129156,0.29189982680697246,5400.0,42001.89883644084,344,4595779,2893355,372039,268623,1120927,824684,973858,316507,1918355,932622,210600,226919,0,324000,0,0,0,0
42,000069,2018-01-18,-0.0049261083743843415,0.003940886699507207,0.1714554824796802,53795.0,416448.51047315757,3518,364439830,264740800,1418220,746155,17326365,11420803,22701326,14743151,40911424,31718024,27721523,26105175,24645202,16986283,17885458,17299050,211830312,145722159
43,000070,2018-01-18,-0.003030303030303161,-0.0121212121212122,0.24997468147553162,9900.0,80959.6142840424,1569,36532338,17742815,2103410,1528106,7003355,5745031,6341353,4272057,7446856,2715830,3406629,983235,2546519,1405417,1790163,413843,5894053,679296
44,000078,2018-01-18,0.0016750418760469454,-0.0016750418760468344,0.15473371801237404,8358.0,94588.88684903938,1490,28410721,14993735,1998241,1134898,6491017,4459475,4013342,3908097,3239821,3368673,3091521,1383326,1006596,327753,0,411513,8570183,0
45,000088,2018-01-18,0.018292682926829285,0.013414634146341697,0.20824531573890132,16540.0,98865.25031622089,1552,39883210,37693927,1469954,1284723,7431049,6255247,7256018,6261764,7926531,6875237,4881027,6121553,2648852,4070533,2709100,1344594,5560679,5480276
46,000089,2018-01-18,0.010227272727272751,0.009090909090909038,0.19858311151840527,24864.0,259615.7832834355,1965,82173175,105036982,1655855,1454535,7839092,10211663,8983253,9839050,11237774,12685385,7702251,10167737,7438619,5396331,6736756,16003213,30579575,39279068
47,000090,2018-01-18,-0.009009009009009028,0.0,0.25529061336124037,14974.0,180006.3121928472,1892,62073351,31942674,1545832,1135180,10398863,6763405,7364070,5156385,8304018,6968006,4206707,3410545,4576528,2487855,1850189,1776615,23827144,4244683
48,000096,2018-01-18,0.0014925373134329067,-0.0007462686567164534,0.6968403594696084,13340.0,89353.76088096424,369,7126347,11522978,263115,254148,876306,1234389,1430617,1790130,1516950,2226486,1933211,3008537,305748,2049873,800400,402900,0,556515
49,000099,2018-01-18,0.005506607929515406,0.004405286343612147,0.3377389376836802,5481.0,28618.889776329106,722,5345249,5714156,1033899,782059,2027115,2496869,1127243,1222045,920664,623240,236328,238824,0,351119,0,0,0,0
50,000100,2018-01-18,-0.007653061224489721,-0.0025510204081632404,0.06790774014332379,31509.0,428664.2936411015,3364,233532677,219393791,1654227,1691114,14911942,15382025,16600202,17274780,26385438,24721966,19007637,17433432,15920537,7043876,14061477,10101831,124991217,125744767
51,000150,2018-01-18,0.0003462603878117143,-0.003462603878116255,1.6022578150625366,5771.0,125828.53230645267,324,7672533,4056919,580163,183242,1550806,628444,580160,71675,570429,131836,254807,0,622265,0,429900,903960,3084003,2137762
52,000151,2018-01-18,-0.011727912431587106,-0.009382329945269663,0.45690569330767455,12680.0,50541.564934369504,783,14337068,9562235,752329,668677,3619746,3253982,3896304,2036676,3612609,1885525,993770,937305,1056550,351670,405760,428400,0,0
53,000153,2018-01-18,-0.012195121951219523,-0.007317073170731603,0.37359980076367455,8140.0,67092.7415353053,481,8271547,5171655,282618,698066,1220214,2028160,1252732,843312,1674805,1337257,971133,264860,1065053,0,482256,0,1322736,0
54,000155,2018-01-18,-0.001712328767123239,0.001712328767123239,0.1270085438803941,18011.0,121389.47991556163,2119,62440146,53989588,1539520,1393387,9357906,9934188,10184320,9146545,11791671,11027249,6473182,8974399,4756782,3343269,1701286,1836487,16635479,8334064
55,000157,2018-01-18,0.013186813186813362,0.00879120879120876,0.08872932997927925,7735.0,172394.12523167965,2644,65741650,67322988,2178698,1752795,11099468,7535521,6796286,7801788,9025130,10053201,5977834,6339148,2786834,4181489,4992363,6896485,22885037,22762561
56,000158,2018-01-18,0.0,-0.005025125628140725,0.2772294354217571,6352.0,106684.3751082211,824,17434081,7670012,567175,1092717,2221510,2739492,2339851,1757974,2418160,1844308,1200070,235521,1059991,0,892612,0,6734712,0
57,000159,2018-01-18,-0.0019193857965450478,-0.0038387715930900956,0.260605574782329,7280.0,66839.5234152612,399,6941373,3399262,380006,477835,1436240,1299858,1491312,581029,518109,333515,1006093,707025,707434,0,0,0,1402179,0
58,000166,2018-01-18,-0.0018248175182482562,-0.007299270072992692,0.1040618930083799,11000.0,199919.56930274368,2783,102456291,70952198,2683332,1245653,10525979,8144126,10730835,9137161,14670365,11762402,8982062,8954905,6767147,6370266,4403280,4299916,43693291,21037769
59,000301,2018-01-18,0.02256944444444442,0.01736111111111116,0.1704200887627821,11760.0,75151.27887126926,1143,19600463,24984858,731903,1090824,4042913,4891989,4249846,4451771,5179770,6797349,1046912,2951877,1021360,1936227,1390910,916738,1936849,1948083
60,000333,2018-01-18,-0.0008474576271185752,0.0013559322033898091,0.9959285178478829,141024.0,531248.0267884267,3511,539928484,507212992,184877,224095,8015744,9952385,18795573,21213800,51681545,46796652,46169315,38567896,39863969,44794477,47863680,30382903,327353781,315280784
61,000338,2018-01-18,-0.001103752759381904,-0.0066225165562914245,0.1530792671807296,69916.0,482560.6118735901,3509,406183808,385640455,1190602,1154770,14628324,12089415,20734854,17530480,44405012,38268284,34446017,28871328,28791027,26444020,26116458,19537619,235871514,241744539
62,000400,2018-01-18,0.01728395061728394,0.012345679012345734,0.271212469060248,19552.0,121143.856001967,2008,54848675,55981632,512118,1389286,12567198,10220487,5915957,9005809,7963974,8845818,8980348,6716809,3522877,5272336,3206154,3940467,12180049,10590620
63,000401,2018-01-18,0.009097270818754444,0.016095171448565537,0.2648034774220215,44833.5,194590.79574484433,2914,156122917,145777418,1196711,1259441,14400611,11806279,20254552,16323200,33006314,26302602,24073740,21410499,14928803,15757026,5711154,9009374,42551032,43908997
64,000402,2018-01-18,-0.0032867707477403085,0.0024650780608053147,0.22780167797205417,27933.5,162305.5083236081,2858,140418199,94437969,2072684,1293303,12854487,9052799,16643456,13402043,26485811,22280628,18923168,12462112,14869715,9621318,9755875,8467293,38813003,17858473
65,000403,2018-01-18,0.02688524590163932,0.026557377049180264,1.0088083314255019,31030.0,251768.46442555657,914,23860014,76482572,560779,558525,4091197,4377063,3736978,6200482,3329420,10895722,2127989,4997892,2984942,6065376,476972,825704,6551737,42561808
66,000404,2018-01-18,0.006908462867012188,0.0017271157167528806,0.23763119745688815,11560.0,126740.93892102092,593,17112765,11302363,403643,636102,2144178,2648777,2177930,1856507,1620261,1996319,2129464,742852,321425,0,2154467,1381107,6161397,2040699
67,000407,2018-01-18,0.01200000000000001,0.0013333333333334085,0.2526160104256979,5250.0,42110.9331046979,881,9057288,6769404,1727012,577550,2353660,2080930,1281891,1314189,1853142,1838779,1049427,445311,377253,0,414903,0,0,512645
68,000408,2018-01-18,0.005193306405078202,0.00461627236006934,0.5471777481224591,18277.0,122594.42980663248,1003,28391520,30444430,535426,851313,4566439,4426061,3956871,4018670,5567589,7723299,1882973,3179027,4876817,3289816,405767,1249771,6599638,5706473
69,000409,2018-01-18,0.03273322422258573,0.04909983633387882,0.1613626926400982,12296.0,93324.63556977916,1438,25880385,37333847,1318713,1291493,5542726,5333654,4278971,5809218,6411895,6544386,2438627,5000392,1690507,4507088,0,2691878,4198946,6155738
70,000410,2018-01-18,-0.012745098039215641,-0.008823529411764675,0.32493862188175565,13104.0,76254.51482034569,985,19254237,20566694,689953,732777,3793828,4599077,3961062,3256356,5521069,3005352,3418576,2949807,303300,2554905,492109,859527,1074340,2608893
71,000411,2018-01-18,0.0019408054342551218,0.0009704027171275609,1.3307646523593826,4122.0,56758.13556776535,239,2982399,2418573,123006,307233,381358,592569,304987,784371,321864,734400,710594,0,318990,0,821600,0,0,0
72,000413,2018-01-18,-0.0033185840707964376,-0.004424778761061843,0.16494989499675963,21672.0,160424.01842777114,3007,134094320,71273084,2714338,1624967,16561463,10484198,19920015,11807382,23335401,16206155,15528631,12183038,7299562,2857990,6192327,4066427,42542583,12042927
73,000416,2018-01-18,-0.0013755158184318717,-0.0013755158184318717,0.36136408111174184,9841.0,44957.76396488413,404,5198077,3635419,490320,307329,1839773,1487604,1156596,713832,714208,438982,486180,0,0,687672,0,0,511000,0
74,000417,2018-01-18,0.004987531172069959,0.0,0.3342587865835654,11270.0,88978.4402645056,575,9492864,9936389,520496,566631,2337913,2815500,2033297,1019220,2878989,1464608,688979,260820,0,387205,402803,0,630387,3422405
75,000418,2018-01-18,0.01347935973041281,0.006037629879247497,1.9124366695106108,14330.0,119566.69328194833,1388,26900113,29446277,2663317,1050580,5047040,4378606,4091520,4294632,4922658,8275540,1487843,2532482,2140604,1409376,2260963,0,4286168,7505061
76,000419,2018-01-18,0.005084745762711673,0.003389830508474523,0.37697005584604293,11860.0,80376.51930328773,244,3716734,3423689,259830,172541,1278964,903927,1324672,790989,853268,384464,0,0,0,0,0,0,0,1171768
77,000420,2018-01-18,0.006472491909385036,0.006472491909385036,0.12266507981264925,7800.0,41806.06780511797,635,4583063,6892153,345393,1514836,1192537,2322295,643563,1184241,946637,873891,437203,490202,1017730,0,0,0,0,506688
78,000421,2018-01-18,0.0,0.003278688524590345,0.3328313445920797,4880.0,33896.80354132309,335,2849224,3110739,224591,304452,977052,758268,1277920,672831,369661,872390,0,502798,0,0,0,0,0,0
79,000422,2018-01-18,0.004878048780487809,0.004878048780487809,0.16478888293381358,4956.0,67553.36754812037,619,6817247,7437742,741590,565017,1835830,1989678,880687,991359,1503658,955439,698762,652479,0,718722,411000,0,745720,1565048
80,000423,2018-01-18,0.017292413148465524,0.012618787973204482,1.2082591155522002,45160.5,318078.8126890406,2822,157619021,163737126,1040110,1189231,10801989,14642752,16684402,19688178,27199616,32038527,19540619,18048098,16145385,14820169,9715961,8875656,56490939,54434515
81,000425,2018-01-18,0.01969365426695835,0.00875273522975939,0.07768555837816399,56916.0,386742.96349015814,3487,303181771,254035636,1155436,1087194,18905102,12338905,22528667,22485345,39791396,36037045,32805361,31594150,24212863,23004348,16489306,17095033,147293640,110393616
82,000426,2018-01-18,0.008307372793354029,0.006230529595015355,0.24144100388428677,19360.0,107019.12655801977,1593,51313153,40710334,915993,1476463,5552944,8042730,5679818,7123046,9193367,8526853,13907559,6870367,6214814,2954461,1730229,2270780,8118429,3445634
83,000428,2018-01-18,-0.004784688995215225,-0.007177033492822837,0.2525968709069698,5016.0,56130.64774497843,273,4852623,1826801,349607,184789,1153345,555815,974886,398589,507140,0,725415,687608,307230,0,835000,0,0,0
84,000429,2018-01-18,-0.002460024600246191,-0.006150061500615145,0.2737374214348289,8080.0,78247.41433523405,882,14037963,7160251,1834486,597217,2332316,2401108,1862018,967385,2261081,549324,1446089,218700,724836,0,875575,878175,2701562,1548342
85,000430,2018-01-18,-0.0034843205574912606,-0.00464576074332157,0.4697762614251797,8610.0,32095.085918281973,335,3218429,3402497,352335,486594,1473904,1380158,817187,338489,575003,688649,0,508607,0,0,0,0,0,0
86,000488,2018-01-18,0.03693340794627864,0.016228315612758726,0.3498004540082121,51648.0,364357.2783240783,2611,217512924,216280607,1027909,1129167,9766607,10413903,12536564,14413791,28852263,26527267,22813434,14037287,17105873,18868925,14670751,11563860,110739523,119326407
87,000498,2018-01-18,0.030211480362537735,0.0166163141993958,0.18492898271091462,9415.0,60480.92249014371,1282,15895793,22010678,1133476,1069825,4667315,4672137,3598842,4553026,2809394,5182279,1822960,3223007,330500,1308686,871700,894970,661606,1106748
88,000501,2018-01-18,0.015490533562822595,0.0022948938611588865,0.45206471998138315,32851.0,139888.35602169798,1487,47168383,60273919,799455,721877,9568612,5591001,5488842,7756859,10437037,20386067,3753706,4515627,5066994,4439132,2755376,2687078,9298361,14176278
89,000502,2018-01-18,-0.015260323159784539,-0.012567324955116699,0.4236101671945311,7735.0,48444.33997065341,691,8851810,4485571,975986,534636,2503319,2156719,2101461,728891,1466855,440371,239760,0,352024,0,0,0,1212405,624954
90,000503,2018-01-18,-0.012322274881516715,-0.010663507109004766,0.9762175403481872,21230.0,287435.3204998997,1869,107822784,70336352,1887189,851428,9148026,6545529,8632272,6780803,14401906,10807367,11159117,9459071,5903980,4871005,8795483,4867708,47894811,26153441
91,000504,2018-01-18,0.07145877378435528,0.093446088794926,0.5731155070336276,26185.0,269330.77941530925,1726,74024668,89104602,1177591,711606,8621988,6120152,8992570,6319205,12279685,12621417,10242672,9819627,7093535,4841657,4896469,4291933,20720158,44379005
92,000505,2018-01-18,0.011918951132300348,0.013110846245530272,0.33603635459437786,6776.0,52375.79426576255,623,5361210,8285122,491729,838982,1848781,2477087,1046761,1514947,991809,1018129,228650,919279,0,1091698,0,425000,753480,0
93,000506,2018-01-18,-0.01388888888888895,-0.011111111111111072,0.3469257210443182,8544.0,53483.291666992176,430,5531232,6223556,257226,638204,1185959,1654176,1395725,1546356,1092798,1022674,846744,207904,351065,712000,401715,442242,0,0
94,000507,2018-01-18,0.004980079681274896,0.0029880478087651596,0.22900695357475967,20100.0,114057.60796214736,1923,55465366,50521593,1508271,1391401,9281987,9066646,9718288,8103865,11348881,11056946,6622448,3469535,4966645,5287299,4651330,3023822,7367516,9122079
95,000510,2018-01-18,-0.008343265792610244,-0.00476758045292025,0.2945948103987901,15065.0,57496.4384712035,811,14340004,14162129,680619,851199,3583624,3520675,3482496,2767556,3897543,4119958,1403372,1610761,313760,688480,416000,0,562590,603500
96,000513,2018-01-18,-0.016964400462665563,-0.024032900655442835,1.473374277715364,46398.0,215402.70688177372,2790,168532211,140298048,1454165,1470157,12504237,14478083,17934538,17749855,28726471,25064861,18714512,13867080,16251780,12838357,12058369,11753106,60888139,43076549
97,000514,2018-01-18,0.0,0.007418397626112627,0.2070284037709805,11415.5,46005.17285139764,1060,16222517,11969980,840438,1055832,5192915,4121033,2964509,2491407,2664274,2844280,3788448,1119928,369405,337500,402528,0,0,0
98,000517,2018-01-18,0.01814882032667886,0.0,0.09674206886191462,50416.0,395043.57876674103,3261,238278691,242939104,1394443,1259913,13272331,12490105,19423130,17933734,35116096,30296029,27130359,25597415,24493482,22518073,13528697,16789988,103920153,116053847
99,000518,2018-01-18,-0.0014326647564470996,0.0,0.2730660519884318,8448.0,65943.27019799332,653,12070094,6279677,847147,580391,2830997,2136763,2255932,1772612,2115329,1789911,879398,0,374448,0,443410,0,2323433,0
100,000519,2018-01-18,0.004645760743321903,0.0034843205574914826,0.21436189376540185,11225.5,65574.98898466698,1614,26478347,23461085,1755429,1715133,6979713,7334026,5205152,4880669,6930075,4927589,2591162,1488062,1327375,389700,428901,0,1260540,2725906
101,000520,2018-01-18,0.0024999999999999467,0.0,0.1669062905285899,6608.0,61523.148684590364,574,10168447,4201261,571400,632533,2311535,1382263,2354407,748930,1514218,522926,976268,455124,1141376,0,480000,459485,819243,0
102,000521,2018-01-18,-0.001956947162426781,-0.007827788649706457,0.2340432791857621,7657.0,81915.59180319967,476,12674259,5354722,317589,381978,1719287,1342727,1102583,1593476,2311967,1296324,3667964,740217,1085452,0,457200,0,2012217,0
103,000523,2018-01-18,-0.0036540803897686658,-0.006090133982947665,0.3104478781095929,7379.0,72450.0957993167,699,10448005,6516792,555050,880319,3098604,1952818,1929748,1374110,2004123,544811,493680,766398,0,0,884250,0,1482550,998336
104,000524,2018-01-18,-0.010563380281690127,-0.009683098591549255,0.5298480168197747,5655.0,15473.527257879276,459,2784130,2539205,468847,618523,1469921,1670000,737074,250682,108288,0,0,0,0,0,0,0,0,0
105,000525,2018-01-18,0.05462555066079311,0.05110132158590308,0.49422755887351666,29692.0,179950.60909894152,2111,71737337,112041042,938323,1074756,9574389,11999976,8945881,10857521,13051817,15233658,8916235,16568381,5807477,13623444,4466917,7580061,20036298,35103245
106,000526,2018-01-18,-0.01075641915336567,-0.012144344205412994,1.1218159032563668,14230.0,119870.54637779445,660,18368431,9224193,868777,306100,3390765,2265602,1797749,1175072,2469535,2204634,783147,2625893,1055427,646892,498510,0,7504521,0
107,000528,2018-01-18,0.01692865779927466,0.0096735187424426,0.19351257927885987,12585.0,76525.28466540284,1829,31274974,31343679,1042920,1838309,9507509,7183375,5567099,5800625,7051441,7082119,2653938,3287181,351120,2095833,1360321,2115956,3740626,1940281
108,000529,2018-01-18,0.0027662517289073207,0.004149377593360981,0.2639866744111654,10867.5,100122.81552581508,750,17937743,15178336,858894,828933,2238642,2874838,2820067,3640007,2925526,1890318,1453889,1656195,2674204,952220,1335717,0,3630804,3335825
109,000530,2018-01-18,0.007259528130671544,0.003629764065335772,0.19381862359135657,11100.0,71768.23264659787,808,16088203,13175314,741224,670729,3115850,3040683,2402322,2534624,3780609,2465364,2309702,1710041,2097290,1361652,444000,834339,1197206,557882
110,000531,2018-01-18,0.003821656050955413,0.002547770700636942,0.43955999252187367,16102.0,53249.93258515398,318,5678082,4865941,338993,180138,2044544,1504236,1310921,1117761,460855,1054022,1186361,264882,336408,315200,0,429702,0,0
111,000532,2018-01-18,0.005025125628140836,0.0060301507537690036,0.45514675426593426,10040.0,48268.64992844014,477,6271302,6089059,427308,443140,2260707,1824842,1751372,1597371,978785,1106411,207030,742799,0,374496,0,0,646100,0
112,000533,2018-01-18,0.005847953216374213,-0.004873294346978474,0.4235922459874558,12264.0,164054.67968258364,586,12633484,18901236,164229,613789,3036605,1444514,2216924,1432665,3005803,2910848,1776779,2189835,628153,1393697,483479,874665,1321512,8041223
113,000536,2018-01-18,0.002159827213822796,0.002159827213822796,0.20196082240585195,4650.0,65476.30217248669,525,7848798,5396831,509223,533234,1569976,943909,1233150,839762,834998,1597094,2039125,0,372046,0,1290280,877032,0,605800
114,000537,2018-01-18,-0.021505376344086002,0.0,0.3065664394868903,29580.0,308931.97942590783,2361,122456804,105047211,1205610,1152063,13118337,10335940,13989768,10272488,17785555,16532355,11162944,11600906,11368103,7364869,7620009,5468427,46206478,42320163
115,000538,2018-01-18,-0.010193185127657656,-0.006310066983787999,2.178293058674429,40958.0,252320.18945676746,2238,141338854,100580846,117112,0,9918906,11310924,13888900,12600543,23833786,15099410,14370219,10992723,12809113,7369915,7456257,8043984,58944561,35163347
116,000539,2018-01-18,0.008264462809917328,0.004132231404958775,0.2852744979336396,6789.0,60836.66105716177,287,1960371,4932583,367847,332902,814434,1195779,300602,466000,235362,724656,242126,755704,0,0,0,916138,0,541404
117,000541,2018-01-18,0.006362672322375529,-0.0031813361611876534,0.22957468148085394,16081.5,137291.09968045235,1688,46735098,35507523,1518131,1433337,8519321,7555475,6437338,7644623,6787477,7039571,4716431,3562580,2852304,2977252,1279036,1384404,14625060,3910281
118,000543,2018-01-18,0.0,0.0,0.16693285220213394,4554.0,109725.71501395141,923,10225552,14136532,681052,848040,2171349,2122548,1698526,1497206,2576708,1230075,1703974,1019512,973458,933607,420485,1343550,0,5141994
119,000544,2018-01-18,-0.0068728522336770626,-0.004123711340206171,0.6992765462095121,14445.0,34903.11552142344,432,4187930,5638130,343817,410574,1446624,3600592,961029,899049,450456,727915,272600,0,713404,0,0,0,0,0
120,000546,2018-01-18,-0.020000000000000018,-0.021935483870967776,0.5008507274581102,27234.0,146987.97509953097,962,37982147,21562071,501381,685285,3807616,4602002,4332605,3752257,13123103,7675055,1476228,3186786,1055860,307020,1305072,0,12380282,1353666
121,000548,2018-01-18,0.020408163265306145,0.01883830455259039,0.25036541881688434,12780.0,61584.59370890818,647,9980396,12365970,633434,620205,2801538,2393438,2339234,3034974,1792833,2130289,1136689,1959951,368550,1809283,908118,417830,0,0
122,000550,2018-01-18,-0.02400000000000002,-0.02750000000000008,0.3939739254367515,33090.5,555538.1454116931,2580,147465919,162733732,1414220,1761075,9424531,13113475,13468792,15043894,17478416,19998446,13341950,14387507,15698838,8556492,12067825,7148454,64571347,82724389
123,000551,2018-01-18,0.0,0.0012376237623761277,0.4350669685664978,8090.0,53988.64561599787,344,4931596,4854680,199921,956611,1413519,1331270,1043613,836547,912651,838217,261144,532920,654477,359115,446271,0,0,0
124,000552,2018-01-18,0.0028011204481792618,0.0,0.11341208650916407,4260.0,93193.02801554864,993,13583487,12560196,933234,824532,1986618,2930160,1744706,1603427,2795280,1180258,1234123,950327,760053,1005791,0,0,4129473,4065701
125,000553,2018-01-18,0.05137395459976113,0.031063321385902176,0.3903429470573832,28560.0,139188.80467044018,1841,52599912,69331873,984441,1047097,7616370,10198554,7873505,12719318,13026689,16367740,7265078,6890279,3417627,5594606,861896,3048596,11554306,13465683
126,000554,2018-01-18,-0.0024783147459727095,-0.0024783147459727095,0.2754279835789591,10497.5,68672.71840678387,858,15777728,11548565,906586,903333,3787077,3398303,3560362,2409411,2468043,2202364,1261980,1912925,646391,319229,905016,403000,2242273,0
127,000555,2018-01-18,-0.002553191489361617,0.0017021276595743373,0.3787303646288987,11780.0,49515.8373955124,962,14529216,13898444,810630,726410,4662135,4817357,3268392,2996707,3469283,4026333,1072638,0,351900,337536,894238,466431,0,527670
128,000558,2018-01-18,0.019685039370078705,0.011811023622047223,0.16139446716183198,10260.0,75413.59630797007,991,14765899,16248506,818125,853277,4521655,3525266,2934835,3234762,2768425,3281805,1956864,925186,375360,1376105,1390635,476117,0,2575988
129,000559,2018-01-18,-0.00899100899100902,-0.00899100899100902,0.23492272207628725,7014.0,82181.04640551143,1817,41783173,19958858,2066983,1327730,6185574,4683757,5258268,3204558,11318237,3684615,4580884,2289387,2442516,1092087,3587771,1317109,6342940,2359615
130,000560,2018-01-18,0.006479481641468832,0.0075593952483801186,0.2950380264267651,12194.0,57097.17265530147,985,15807406,15469887,1044730,939990,4384692,4616191,3992742,3156342,3797566,2541539,1275869,1595542,0,640905,1311807,1343262,0,636116
131,000561,2018-01-18,0.0012285012285011554,0.0,0.3198308804695657,4896.0,53759.299958474156,647,5095135,6101044,826003,774652,1858515,1784213,912527,711851,583102,519161,451182,983579,0,325540,463806,0,0,1002048
132,000563,2018-01-18,0.0067264573991032695,-0.011210762331838486,0.0833268021644399,16796.0,304640.56843060814,2882,133701303,116123081,2362398,1916963,10777695,11654430,10569087,11474805,14429895,17788485,11798670,12026857,7121307,8113492,5808245,7318044,70834006,45830005
133,000565,2018-01-18,0.0041551246537396835,-0.0027700831024930483,0.4323123586795875,9353.5,39330.07163527981,278,3746399,2966110,294853,284886,1396702,742907,1002352,825300,728763,691817,0,421200,323729,0,0,0,0,0
134,000567,2018-01-18,0.0174938974776242,0.02400325467860065,0.7612969571999361,17594.5,253280.0246402127,1044,23930384,28563920,1046919,542589,5551463,4513076,3270654,4822822,3421377,4966195,1947073,2689361,737898,2082289,422500,1757125,7532500,7190463
135,000568,2018-01-18,0.007323377369327977,0.006174612291786286,1.221256750085381,112240.0,520897.7288366696,3257,448736058,493095112,549318,535402,9121106,13445688,14817689,19824545,25804372,40249836,28987453,40119588,31335006,39526787,26644964,31203860,311476150,308189406
136,000570,2018-01-18,0.00917431192660545,0.011009174311926495,0.36830278657298327,10832.5,37342.711511479254,218,2569747,2337824,196234,182576,1101399,894804,650646,520789,621468,187825,0,203130,0,348700,0,0,0,0
137,000571,2018-01-18,0.005791505791505891,-0.0019305019305019266,0.20421198903986398,10857.0,41321.283651254715,643,8802424,6445382,381559,524945,3593744,2479385,2553075,1544937,1413035,871195,438841,447200,0,0,422170,0,0,577720
138,000572,2018-01-18,0.006507592190889255,0.006507592190889255,0.15679119906075797,4650.0,93805.34791915688,865,12179678,13221893,817899,890289,2872873,2383915,1874416,1190958,2378675,1189973,1169979,2221640,0,307895,492492,930394,2573344,4106829
139,000573,2018-01-18,-0.005802707930367523,-0.0019342359767891004,0.177369258443594,6708.0,39354.935182386915,850,8700987,7031371,788115,1195713,2287728,2840471,1782169,1699759,2029472,830155,471635,465273,0,0,1341868,0,0,0
140,000576,2018-01-18,0.003535651149086716,0.004714201532115547,0.9328048016491971,29689.5,203486.5286292896,330,4064213,29697878,222444,169789,585280,1814959,1067884,3351470,797325,2284331,264275,2741439,0,3568981,0,3944381,1127005,11822528
141,000581,2018-01-18,0.003145890680299024,-0.003932363350373613,0.4767242517844892,35560.0,197582.49131956216,2847,157068893,95777557,1712488,834518,13481822,11483915,20028515,15065426,26552396,22554508,21606790,11642753,11224660,11478121,6176156,5276162,56286066,17442154
142,000582,2018-01-18,-0.010742187499999889,-0.012695312500000111,0.3194673254470089,11165.0,62285.738959446746,1027,19459327,13934962,710040,920927,4780027,4776156,3710123,2589760,3490912,2400007,2971887,946290,1665005,1016980,840643,1284842,1290690,0
143,000584,2018-01-18,-0.0014164305949008194,-0.0028328611898016387,0.7282339238336966,14100.0,89184.79471411192,375,7053536,8469854,401202,245566,2191942,1436120,1825305,974272,1696465,612985,281600,1783319,657022,0,0,1261628,0,2155964
144,000585,2018-01-18,0.012048192771084265,0.012048192771084265,0.10021983432386328,8420.0,70006.42313786235,1721,26257574,20934434,1422006,2035948,6742152,6151483,4856094,4374479,4497813,3665574,2995348,1242610,1006725,986598,944152,485300,3793284,1992442
145,000586,2018-01-18,0.00847457627118664,0.003389830508474745,1.29865718589876,17550.0,532258.2240809738,185,4693096,19694894,99189,162019,731699,1099743,189698,659656,1006988,168072,1056600,231660,1083622,0,0,0,525300,17373744
146,000587,2018-01-18,-0.009510869565217406,-0.005434782608695676,0.15351755339626338,41838.0,214765.5335392956,2311,91754941,111990768,783014,801311,14178809,9498640,28842994,11716107,20355150,17612017,3710812,7867269,6453010,3339927,1750521,2224572,15680631,58930925
147,000589,2018-01-18,0.00877192982456143,0.006578947368421018,0.23525032568167323,9140.0,63369.75474729351,375,5175490,6551632,275117,378283,1537999,1736780,717319,618088,1185437,1999515,685418,446966,319200,0,455000,1372000,0,0
148,000590,2018-01-18,0.005621925509486925,0.007027406886858767,1.1012300308864238,10027.5,52637.41400062276,166,1394570,1863977,146350,188806,847149,782417,284755,237026,116316,0,0,0,0,0,0,0,0,655728
149,000591,2018-01-18,-0.003558718861210064,-0.001779359430604921,0.1575165303049563,11220.0,99432.30782136049,1274,32369920,22631317,1607164,779361,4889306,4022039,3818211,5013040,6015679,4692881,3111530,2828344,4339024,1845042,2216620,891229,6372386,2559381
150,000593,2018-01-18,-0.018599562363238453,-0.016411378555798772,0.33745787601270416,9000.0,40761.71365947003,733,9184419,6812872,911739,939604,3350737,2832940,2882544,1294275,1257631,995751,781768,294216,0,0,0,456086,0,0
151,000595,2018-01-18,0.0,0.0,0.22331233418149857,6132.0,35285.40630020885,523,6030699,3652992,518919,479479,2055966,1698637,1375367,743011,1570448,731865,0,0,0,0,0,0,509999,0
152,000596,2018-01-18,0.03229762878168452,0.02957209048787135,1.5018349764781649,45114.0,224738.9391842961,2396,119206057,138172774,1358296,1667148,9417581,8469665,15068201,17797542,23595027,25442089,15661150,13361305,14177129,11893064,7679501,8954458,32249172,50587503
153,000597,2018-01-18,0.021602160216021682,0.01980198019801982,0.3252989212522874,12397.0,107626.82198693628,1166,26979851,29136588,1042497,625959,6403379,3607504,4995517,3064252,4011425,6025552,3283217,5829484,1741083,2496931,414407,1300124,5088326,6186782
154,000598,2018-01-18,0.0,0.0,0.17196465753633505,10800.0,115762.4157374576,979,16431700,25098065,733998,769918,2997965,4794657,2446081,3406438,1891723,4892249,1393506,2520329,715821,1926394,820301,1429676,5432305,5358404
155,000599,2018-01-18,0.0049261083743843415,0.0016420361247946325,0.30194831121330673,6100.0,47966.723016950156,406,6184573,3440150,487804,343390,1284165,1271196,987563,901736,1658583,923828,943846,0,359328,0,463284,0,0,0
156,000600,2018-01-18,0.01750000000000007,0.013749999999999929,0.18958633989990142,16229.0,180673.0239620339,1782,46265266,51905754,1549464,1785920,7776800,8538557,6432649,7061127,7899841,8561956,5379828,5229562,2099274,4423053,3526154,2761733,11601256,13543846
157,000601,2018-01-18,0.0013966480446927498,0.0027932960893854997,0.4114217663545168,8634.0,34780.46695111392,302,3140377,4110533,244770,382970,1101721,1141282,474220,1996441,890143,589840,429523,0,0,0,0,0,0,0
158,000603,2018-01-18,0.004198152812762368,0.004198152812762368,0.5535759120137679,11950.0,254735.25715926473,462,11893517,5882831,476151,367263,1863407,2059255,1561616,1491418,1444928,719948,432342,478914,700878,321468,0,444565,5414195,0
159,000605,2018-01-18,-0.004991680532445919,-0.007764836383804763,0.6038203240424922,12600.0,60218.93047672291,891,15894367,10291231,641252,1084521,3537704,3940510,3852253,2762601,3218805,1556593,894480,279510,359799,667496,844042,0,2546032,0
160,000606,2018-01-18,-0.018823529411764683,-0.016470588235294237,0.34399253443396816,6728.0,56823.12111256612,610,10420654,3008776,1808726,457651,1277101,1007329,1805713,638309,1330548,524053,1286736,0,657940,381434,1664490,0,589400,0
161,000607,2018-01-18,0.0033003300330034513,0.0016501650165017256,0.2892952356806866,7891.0,65111.61996446716,438,5031793,5667663,446042,538409,1579662,1660178,827732,1260122,1649292,819395,223744,239158,305321,0,0,0,0,1150401
162,000608,2018-01-18,-0.0015552099533436836,0.0062208398133747345,0.2537460651626811,6490.0,68266.23752916667,642,7847886,8169341,953431,905457,1881918,1575413,972730,1616027,746065,1449089,1013719,703246,0,715000,453600,471744,1826423,733365
163,000609,2018-01-18,0.0008944543828264262,0.003577817531305927,0.5202296406216885,11220.0,52848.41307863785,461,7465410,5444604,372133,307511,2386593,2024373,1194734,1231431,1488138,1657289,945310,224000,0,0,420000,0,658502,0
164,000610,2018-01-18,0.0017921146953405742,-0.0044802867383513245,0.5521991913426296,5580.0,24196.13929503371,408,2507646,2431609,345133,623206,920558,886013,537959,490726,461344,431664,242652,0,0,0,0,0,0,0
165,000611,2018-01-18,0.017045454545454586,0.019886363636363535,0.3538450193357263,9321.0,80317.30698814878,395,6347614,5556334,309233,326314,1326171,1426632,1240305,1635067,949770,533374,281781,745150,339132,0,424800,0,1476422,889797
166,000612,2018-01-18,0.020334928229664984,0.026315789473684292,0.183823372116023,8550.0,51217.42047457712,2070,15613724,31401895,1201552,2845962,5206040,9672709,3609818,7783785,1801153,7105160,993784,2028319,351531,989360,429936,462400,2019910,514200
167,000613,2018-01-18,-0.0012300123001232066,0.0,0.4568235560655581,9702.0,60975.02902434124,316,3600233,4919391,309405,285740,1402783,1211439,608135,713515,822135,1393005,457775,499612,0,0,0,0,0,816080
168,000615,2018-01-18,-0.007136485280999083,-0.002676181980374781,0.21141267060423888,29432.0,132391.51404065161,2816,103063738,83490437,1462125,1204711,14731086,14268939,17930928,15242015,23617056,20574927,11018328,8940102,7330817,9430133,6339411,4480983,20633987,9348627
169,000616,2018-01-18,-0.01377410468319551,-0.005509641873278293,0.13351125599907832,5760.0,85659.48033127008,740,13444666,10095573,579452,682413,2292287,2094204,1648917,1449865,1192961,2314035,1488342,1460353,1750960,1097713,0,432525,4491747,564465
170,000617,2018-01-18,-0.01744966442953022,-0.027516778523489993,0.43441085293860254,13194.0,90948.69190318999,1178,28887032,13306173,959659,869059,5824090,4341614,4603040,3299351,5435983,2386275,2414579,498368,3097805,682132,1307898,0,5243978,1229374
171,000619,2018-01-18,0.0012836970474967568,0.0012836970474967568,0.4146875846609117,11700.0,70367.26675104354,352,6557626,4380609,264010,441820,1631306,1382036,1211230,741995,1502308,131208,468600,1077590,700172,605960,0,0,780000,0
172,000620,2018-01-18,0.0015576323987538387,0.006230529595015577,0.2620116006761702,6540.0,36734.20298524247,600,6114146,5469325,557071,540883,2084316,2019344,1335185,2058215,1368528,850883,254646,0,0,0,0,0,514400,0
173,000622,2018-01-18,0.045454545454545414,0.021645021645021467,0.24290877521505969,10428.0,62563.5819633806,361,7540970,4892787,350089,350526,1501391,1492864,1602537,793598,1799578,1321693,921975,633536,754400,300570,0,0,611000,0
174,000623,2018-01-18,-0.0030172413793103647,-0.005603448275862011,0.45547113116997556,36912.0,294886.0017561579,2595,166833311,147834049,1431829,1174264,11623569,11363360,14924949,12368916,22982885,18357652,21923514,17919820,13293043,11771737,12810876,7987457,67842646,66890843
175,000625,2018-01-18,0.006130268199233679,0.006130268199233679,0.2583970256537264,15737.5,166733.0395482326,2552,89269869,87447244,1726123,1628226,9639088,9244052,9280208,10669014,14008266,20111329,10471314,11151699,9372925,7173070,5270664,7050530,29501281,20419324
176,000626,2018-01-18,0.013201320132013139,0.017326732673267342,0.4077401283620362,9872.0,57114.769547294425,883,11464147,12271717,541225,1090025,3340368,3707517,1905335,2614408,2583723,982951,1849963,1489092,339917,366540,903616,901046,0,1120138
177,000627,2018-01-18,0.008284023668639007,0.002366863905325589,0.16969402558419736,23744.0,165607.38827595598,2484,101339279,82401064,1974740,1386646,11421981,8923194,13732676,13624162,15055470,17939458,12119657,10229049,9311915,4966686,6977057,6202832,30745783,19129037
178,000628,2018-01-18,0.01650943396226401,0.010613207547169878,0.336347305366075,11154.0,62144.29828656563,635,8541886,8617749,647386,596712,2960795,2893691,2148878,1664187,2316727,1333907,468100,424336,0,0,0,0,0,1704916
179,000630,2018-01-18,0.010791366906474975,0.010791366906474975,0.051928488824241864,4192.5,208020.2347105242,2916,51925419,68404335,2523159,2276938,6847664,8825004,6674563,5125286,5034635,7139592,3429011,7031133,1399185,3325343,448740,2218121,25568462,32462918
180,000631,2018-01-18,0.0,0.0,0.1185938287035502,6006.0,75188.23680812476,1502,21476696,22612471,1145397,1614336,4991188,5504630,4307585,5296628,3574413,4147967,2199508,2632818,1389413,1706243,921198,0,2947994,1709849
181,000632,2018-01-18,0.006837606837606813,0.008547008547008739,0.3841689031457227,8850.0,33966.76606512989,231,2889920,2136361,247018,257644,1155930,728777,505126,641945,981846,302085,0,205910,0,0,0,0,0,0
182,000633,2018-01-18,0.01106639839034207,0.0090543259557343,0.46152489160282084,9990.0,73776.00301295998,463,7117668,8268706,683320,335074,1407524,1824179,1672858,1363362,1226656,2177451,825714,866140,0,701500,1301596,0,0,1001000
183,000635,2018-01-18,-0.0045307443365695255,-0.01229773462783168,0.5120176653228918,15470.0,55080.652158179895,910,21632071,9172584,745940,800539,5374705,3382123,6014348,1914067,4997265,2143357,1838768,0,1825570,0,835475,427524,0,504974
184,000636,2018-01-18,0.00355239786856143,-0.009769094138543433,0.22537821229126453,27875.0,183511.4416436891,2499,107607469,93516146,904134,1561297,9548510,12825493,10255163,12922014,19605249,24126481,15162074,12204720,12449037,6886135,7186740,8036593,32496562,14953413
185,000637,2018-01-18,-0.0016528925619834212,-0.0049586776859504855,0.2452207453410847,10890.0,39096.724240585114,608,9026537,4374535,588256,555893,3939541,1762085,2341419,947584,978019,1108973,234567,0,0,0,944735,0,0,0
186,000638,2018-01-18,0.0,0.0,0.7168727937546338,9800.0,254839.77161016146,291,15558233,0,572270,0,2377749,0,794314,0,1291150,0,491225,0,674975,0,429975,0,8926575,0
187,000639,2018-01-18,-0.01958708311275814,-0.019057702488088912,0.516485389991374,5655.0,86217.88183167043,1338,24902452,8008878,3207871,831335,3825053,3184212,2888098,1271969,3740890,1991458,1568520,0,2259192,729904,424880,0,6987948,0
188,000650,2018-01-18,0.003780718336483746,-0.001890359168241873,0.20570466286774475,6890.0,77597.82619505418,661,9613063,7994038,444277,1058025,1571111,2515827,1546221,954847,812137,1658720,885495,996047,0,326832,1380586,483740,2973236,0
189,000651,2018-01-18,0.010831721470019318,0.008704061895551174,0.8642685700181271,323950.0,2016185.418724051,3579,1230596536,1267099476,36529,67874,3415665,5114553,10646248,14174296,34992339,42850682,45353638,46679277,56908091,50449699,42077863,47642439,1037166163,1060120656
190,000652,2018-01-18,0.004415011037527394,0.004415011037527394,0.14938714397646216,5027.0,58796.54548932037,920,9448413,11161315,682716,1641339,2245696,2389981,1591784,1489619,1770547,1242888,1473782,982524,348996,766283,1334892,2648681,0,0
191,000655,2018-01-18,0.01449275362318847,0.012882447665056418,0.18810353059070553,10048.0,68494.21872468713,1090,13880562,20697430,1077200,1028981,3980349,5185293,2348773,2884843,2729247,2787457,1156432,2956186,2118802,1271975,469759,2253867,0,2328828
192,000656,2018-01-18,0.003816793893129722,0.003816793893129722,0.1204068500089836,6323.0,119566.0409084814,1900,38344207,40303684,1254652,2316067,4816719,5878300,4257790,6413748,6479334,6113083,4204663,6411331,2379432,2883773,1774358,1810647,13177259,8476735
193,000657,2018-01-18,0.0033167495854062867,-0.004975124378109541,0.44186443213778925,12060.0,53215.54293257052,745,11357994,8140501,545729,571052,3995311,2433159,3735024,2027956,1403130,1321411,705856,504108,359090,0,0,0,613854,1282815
194,000659,2018-01-18,0.007518796992481036,0.010025062656641603,0.15975578776816618,10062.5,112285.09480148676,624,14602591,8292036,384854,622543,2286658,2809581,1831717,1120167,2169808,1689829,2020132,1197245,704424,375143,804999,477528,4399999,0
195,000661,2018-01-18,-0.006178010471204254,-0.0007329842931936836,5.207482762256268,38160.0,241470.7403454653,1347,78606363,52883657,0,0,11703666,5510155,9562492,6866660,11112251,7684128,6520510,5621375,6002015,4663555,2183266,3963289,31522163,18574495
196,000662,2018-01-18,-0.010190217391304324,-0.0033967391304348116,0.7255260317890455,8802.0,40277.537648823396,411,4200299,4298880,320698,370834,2311148,1423945,629514,517189,487323,803003,451616,524866,0,659043,0,0,0,0
197,000663,2018-01-18,-0.012094823415578104,-0.005321722302854548,0.6854098633924434,16400.0,97735.9119605559,910,16944079,17567370,896499,460020,4143818,4489155,4095294,1916597,2832501,3394170,2169705,2328776,686320,308250,899912,1315057,1220030,3355345
198,000665,2018-01-18,0.001984126984126977,0.0,0.4399858920719009,10100.0,110591.9300097699,524,15086730,8844158,414729,241375,2277596,1382087,1116483,2347673,2523699,2137382,1655146,1320195,1071146,0,1321070,402955,4706861,1012491
199,000666,2018-01-18,-0.005923000987166915,-0.009871668311944859,0.5331131632575903,18130.5,110087.03099675992,1444,45354246,27711759,1286426,886730,6640798,6453614,5245299,3747677,10613356,5738914,6297559,3257071,3495092,3160633,4492367,902993,7283349,3564127
200,000667,2018-01-18,-0.01179941002949858,-0.008849557522124019,0.08019285855189466,9744.0,163873.54982338566,1797,45162381,36527522,1332215,1808574,6821243,7405451,4355975,4587290,6333334,6547476,3243637,4727568,2976114,2065364,1331749,2724146,18768114,6661653
201,000668,2018-01-18,-0.006480881399870353,-0.01166558651976668,1.1199660108741174,9240.0,46667.90232567078,189,2765859,2062697,140343,245656,831537,670599,742192,332227,553592,440895,498195,0,0,373320,0,0,0,0
202,000669,2018-01-18,0.0014587892049597873,-0.009482129832239283,0.4927064106831886,13575.0,55735.06169298723,774,14673411,9035426,495463,831375,3466769,2899792,5332355,1781458,2721723,1322117,1275319,728368,0,372099,837782,482325,544000,617892
203,000670,2018-01-18,-0.00972447325769843,-0.004862236628849326,0.1373563683558533,12300.0,58286.10654335707,2021,40322345,23291063,1890829,1787792,9957745,7647672,7535318,5301551,10074659,4665729,3960516,2480491,2713455,978964,1265436,428864,2924387,0
204,000671,2018-01-18,-0.04696449026345939,-0.04238258877434142,0.15525309193656678,42643.0,398452.31706205354,3174,257509567,235548572,832505,1953853,11142228,15172182,12469404,19518622,22983867,32293972,19664116,30742283,16699088,15730773,23548640,21471285,150169719,98665602
205,000672,2018-01-18,0.03475935828876997,0.04278074866310155,0.2080949294940231,42807.0,261021.25557661333,2912,147510091,181234261,1079737,1237282,12744502,13285759,15825170,16780406,31805706,28982678,18141699,18582666,13481840,13410054,13870501,16666369,40560936,72289047
206,000673,2018-01-18,0.03703703703703698,0.01925925925925931,0.42617610680101375,22160.0,369212.83765977656,1005,40310157,54084456,679727,663623,5275696,3009577,5793490,5325251,8501300,3852781,3713731,1357588,1416745,2068593,2231356,847492,12698112,36959551
207,000676,2018-01-18,-0.014611872146118698,-0.008219178082191747,0.3966391347037502,7661.0,52927.00601092265,762,11025323,5811769,615961,692296,2233808,2511098,2129783,1266788,1405577,294475,1394976,0,2261034,1047112,436000,0,548184,0
208,000677,2018-01-18,-0.0025316455696202667,-0.0025316455696202667,0.23126764292710866,3940.0,35319.47098683606,291,2560853,2070110,213193,400846,660486,764893,723643,520118,549176,384253,0,0,0,0,414355,0,0,0
209,000678,2018-01-18,0.0,0.010471204188481575,0.23039258912553356,9653.5,50478.859308419575,1100,15601499,11068320,1128767,1064137,5081252,4291294,3507456,2178944,2866094,1597723,1172604,265050,1397759,0,447567,825082,0,846090
210,000679,2018-01-18,0.0014184397163119478,-0.0014184397163120588,0.4639186340888027,7050.0,41787.01641661028,230,3248502,1247203,195221,318111,1204117,683960,816857,245132,494512,0,0,0,0,0,0,0,537795,0
211,000680,2018-01-18,0.016460905349794164,0.012345679012345512,0.15746483073133197,9820.0,74251.93271042524,953,14256188,17908428,782861,1285961,3173971,4161890,2246681,2165152,3092027,3779002,1501198,1929859,694733,2458262,1358293,1478542,1406424,649760
212,000681,2018-01-18,0.01413043478260878,0.00923913043478275,0.4386555148371228,14888.0,79132.54955055003,1763,36017311,19434871,731415,953492,15952078,5044950,5579276,2547445,4639936,2285415,1753549,2094552,1370483,1462571,859380,896735,5131194,4149711
213,000682,2018-01-18,-0.004310344827586077,-0.006465517241379226,0.23036109967716972,6468.0,63857.92066682999,405,4562176,4644144,470754,443167,1673505,1033875,1350483,664302,628464,769582,438970,0,0,716818,0,0,0,1016400
214,000683,2018-01-18,0.013651877133105783,0.006825938566553003,0.0874776086048385,6174.0,94800.22222014022,1127,18423654,15623763,937883,892903,3492500,4842869,3281702,2061141,3005931,1446926,1554399,1358868,970902,1427375,885129,890173,4295208,2703508
215,000685,2018-01-18,0.0,-0.0019102196752628364,0.3057787068804026,15727.5,125166.56061883233,1172,39463415,22913922,949294,682255,6237134,4295682,5456856,3656387,6513634,4738335,5123827,2820970,2646975,2999637,1776331,2677674,10759364,1042982
216,000686,2018-01-18,0.0,0.0,0.191599052693298,17860.0,166259.78938113098,2150,89692460,62337836,2009382,1340135,8806211,8033134,10505986,8848382,14957845,11073244,9070654,8969828,8931915,5183317,3993002,5763967,31417465,13125829
217,000687,2018-01-18,-0.0009680542110358514,-0.0019361084220715918,0.40746945253845956,10330.0,64031.00601351387,642,13152303,6309658,550205,502077,2883886,2432638,1203189,1341526,2754556,1498027,2395226,535390,1693401,0,892404,0,779436,0
218,000690,2018-01-18,-0.01091703056768556,-0.015283842794759916,0.24169170330930576,10010.0,140709.3246303357,1437,46175714,24465926,1623483,1152295,7119585,3763817,6363281,3182620,4980140,3165164,4302003,1643729,4065225,1050436,3575906,2288016,14146091,8219849
219,000691,2018-01-18,0.017980636237897585,0.009681881051175623,0.4000304196344549,14450.0,46784.36455593746,326,5512308,3441422,230633,262107,1965012,1134515,854014,768918,1302076,824850,441073,451032,719500,0,0,0,0,0
220,000692,2018-01-18,-0.0022123893805309214,-0.004424778761061843,0.2456237607126328,8616.5,69267.93366246582,338,5584562,3944184,267581,497551,943050,1369486,1000800,528249,1583965,987758,460966,561140,364989,0,0,0,963211,0
221,000695,2018-01-18,0.014705882352941346,-0.008403361344537785,0.41013565936506924,4770.0,36137.576419753175,539,5043468,3747595,732466,426552,1786667,1369093,877820,283239,797199,1355211,510916,0,338400,313500,0,0,0,0
222,000697,2018-01-18,-0.0028288543140029265,-0.0033003300330033403,0.7336407467797168,16936.0,121002.65299542372,836,22937735,15648011,561697,552980,3077356,5019875,2572779,2638860,2480390,2658057,3937533,1335834,1056396,611887,1300543,851486,7951041,1979032
223,000698,2018-01-18,0.015463917525773141,0.013745704467353903,0.22958373144641334,11124.5,69273.96694355075,642,9124852,12578591,503574,680643,1713282,3139968,1812709,2901657,2149489,2010096,960781,1216695,1000862,356265,457655,0,526500,2273267
224,000700,2018-01-18,0.0017889087656528524,0.0,0.2650697740728258,5615.0,53522.70929895391,444,4834239,5869838,257021,974987,934063,1491189,1197425,1256837,1467431,1104191,0,480634,0,0,474300,0,503999,562000
225,000701,2018-01-18,0.0,-0.0010152284263958977,0.3950288543231478,9850.0,36942.68363226099,621,7214010,5232002,752840,1279118,2234047,1781159,1707670,1235656,1416819,220663,745805,715406,356829,0,0,0,0,0
226,000702,2018-01-18,0.004392386530014614,-0.0014641288433381305,0.2857188746270271,3445.0,35107.05721243898,571,5648343,3444917,534367,448192,1631487,1641458,1082102,976730,1246147,113355,457742,265182,696498,0,0,0,0,0
227,000705,2018-01-18,-0.006150061500615145,-0.00492004920049216,0.44895445273158746,8910.0,48806.715277162104,327,4462356,3415370,302122,360125,1525961,1311226,774395,558511,562806,940408,405372,245100,324000,0,0,0,567700,0
228,000707,2018-01-18,0.00540540540540535,0.00540540540540535,0.29024361423022926,4995.0,37614.79880263189,365,2955287,2530452,531580,291689,856704,977430,396018,532027,643564,257796,527421,0,0,0,0,471510,0,0
229,000708,2018-01-18,0.0265486725663715,0.025663716814159132,0.3690686600225996,11650.0,95800.88522171722,937,18616106,22035405,449884,839392,3619488,3844819,3492576,3183884,4013051,4815502,2667727,2773050,1753119,1980025,406688,1851358,2213573,2747375
230,000709,2018-01-18,0.022670025188916698,0.0176322418136019,0.07316177566181041,12400.0,311683.3372035802,2967,117214895,165029849,2500332,1884760,10622631,10382773,9367259,9637400,13863928,13987872,10221163,11566862,5871260,8101550,6627797,10945453,58140525,98523179
231,000710,2018-01-18,-0.004250151791135304,-0.00870269176280103,1.5297111394230853,14808.0,60276.896053971184,1043,22490417,12430206,974203,1744843,5520511,4633107,4143241,2744911,5207141,1465222,2666885,1426303,1618877,0,444780,415820,1914779,0
232,000711,2018-01-18,0.0239043824701195,0.021513944223107595,0.4317451858046537,17766.0,112015.82800748441,845,12613000,34905697,583974,476563,3723234,3865997,1830651,4752403,3122643,7094860,1178122,5098558,1050080,3912330,410856,2741002,713440,6963984
233,000712,2018-01-18,-0.0031036623215394687,-0.007448789571694592,0.37874293405603204,16250.0,132857.69852842612,1810,62461398,38417706,1006741,1760640,7467555,8118587,8385282,6567223,10161767,8284702,5893393,4336616,6507175,2300156,3233572,1382376,19805913,5667406
234,000713,2018-01-18,0.011922503725782407,0.011922503725782407,0.3139351065665715,7446.0,39518.354107223975,456,3886948,5720638,281996,521034,1525538,1683684,1235608,938290,599726,1475113,244080,767585,0,334932,0,0,0,0
235,000715,2018-01-18,0.014909478168263934,0.017039403620873195,0.6406258625467928,5718.0,72088.80363533909,214,1418227,4394595,243101,195107,546212,697639,291552,762117,337362,762729,0,775051,0,0,0,412560,0,789392
236,000716,2018-01-18,-0.003629764065335661,-0.003629764065335661,0.1955233891074505,6105.0,37146.46641534173,794,8747220,5843035,587669,974442,2659544,2020891,1852894,1230457,1963967,1176468,662750,440777,1020396,0,0,0,0,0
237,000717,2018-01-18,0.01690821256038655,0.01449275362318847,0.1452961665171159,69678.0,411827.6638698998,3254,266601396,320376791,1099593,1275544,12111798,11246437,23814094,21467400,39604932,36971983,23648639,31396336,20334961,25068229,14824462,25402726,131162917,167548136
238,000718,2018-01-18,-0.011787819253438081,-0.015717092337917515,0.11261299160156388,16346.5,149580.03190258887,2050,84941304,53817293,1133893,1998109,6490021,8789970,7628341,9421355,11321102,8358686,10461104,9685409,8352104,2426943,7412097,2605479,32142642,10531342
239,000719,2018-01-18,0.0032751091703056012,0.0010917030567685337,0.3881955603992792,9180.0,42227.58938311281,556,5958338,3952920,924852,445681,2568823,1475936,769158,921292,538058,487253,707413,258312,0,364446,450034,0,0,0
240,000720,2018-01-18,0.0045977011494253706,0.0022988505747127963,0.22594081204564423,5648.0,62114.38666372184,370,5734585,3592639,460575,346516,1126975,1272125,575152,830642,1008565,389283,1050849,435500,0,318573,862969,0,649500,0
241,000721,2018-01-18,0.009293680297397744,0.0074349442379182396,0.22946556692011433,5410.0,24050.631993324638,549,2975976,4865807,411488,678499,1452573,1929133,843869,1358872,268046,627647,0,271656,0,0,0,0,0,0
242,000722,2018-01-18,0.01681614349775784,0.02130044843049328,0.31970911093753795,11648.0,60244.96314643413,778,12404189,12313343,831639,809563,3111635,3266236,3403414,2113893,2882473,3214461,1306387,1062568,304989,0,0,0,563652,1846622
243,000723,2018-01-18,-0.0014992503748125774,-0.010494752623688153,0.20373400164942945,13160.0,245796.5585833071,1076,55747600,21848070,736924,878298,2631486,4584762,2849855,4685974,3357457,5066645,4310210,874196,13596118,693912,1904325,430332,26361225,4633951
244,000725,2018-01-18,0.006329113924050667,0.006329113924050667,0.10549053897957948,384540.0,2375516.530697321,3602,1937404636,1861841133,30273,30979,2886203,1909448,13613811,9837181,52932666,38236159,60339471,44645186,68363385,46234677,54553913,54792791,1684684914,1666154712
245,000726,2018-01-18,0.005376344086021501,-0.0017921146953404632,0.3582101299287161,14501.5,67377.84526564312,970,20722532,9858864,808511,580796,6358622,2858899,3920569,2051320,3954861,1985048,1555844,939530,1096391,333300,851023,476105,2176711,633866
246,000727,2018-01-18,-0.004048582995951455,0.0,0.06246638929616509,3920.0,124522.5030961386,1580,27010241,15889792,1279156,1151329,5089942,3552285,5932196,1606789,1938041,2762895,1528330,958790,702953,621428,494900,494000,10044723,4742276
247,000728,2018-01-18,0.0036529680365298134,0.0,0.20797530336049272,21820.0,169357.82223901383,2775,119387292,98985828,1648069,1844105,10490406,9177062,14677722,11188681,25517806,16427126,17579158,13558913,9247854,11669300,8308595,7045689,31917682,28074952
248,000729,2018-01-18,0.026250000000000107,0.006250000000000089,0.14979384642800977,31178.5,231429.01380150722,2860,139550952,139410062,1903873,1722771,12928461,10957895,14916932,14968646,25120948,24945399,14435698,19119822,12549506,8003224,12615852,10749782,45079682,48942523
249,000731,2018-01-18,0.00654450261780104,0.007853403141361293,0.2627610211281191,11580.0,72636.53534587125,845,16602355,14935391,1004243,807863,3486116,3264235,2704166,3290812,3563851,3012482,1704354,1828862,1329490,1840155,895939,890982,1914196,0
250,000732,2018-01-18,0.027247956403269713,0.03133514986376018,0.6262716360671746,200446.0,1329731.2718020184,3453,828376836,1023244154,282888,435195,5928245,8434423,13465270,16712408,32249169,39057453,35727595,38749347,33496053,30231709,24015851,38731681,683211765,850891938
251,000735,2018-01-18,0.002389486260454099,0.007168458781362075,0.1613424924703446,30581.5,189548.7087113469,2700,116404898,106801019,1478279,1535445,11066438,14746839,13519265,15855659,21026132,21901100,13986557,12844185,12674731,9994077,7348806,4460702,35304690,25463012
252,000736,2018-01-18,0.0005924170616113944,0.0005924170616113944,0.749956153061176,13535.5,38590.13862011284,506,7879907,5972197,469312,362023,2435313,1929389,2122222,1616557,2407082,1814996,445978,249232,0,0,0,0,0,0
253,000737,2018-01-18,-0.004484304932735328,-0.008968609865470878,0.16874463242626428,5316.0,44987.092112930965,699,8927438,7021206,661327,701932,1824830,2659647,1373324,1063674,2721518,1739308,2346439,539900,0,316745,0,0,0,0
254,000738,2018-01-18,-0.007082152974504208,-0.005665722379603388,0.42110072770607226,9877.0,85321.209124474,1124,24041257,15640217,1139277,1097864,3707624,4812907,3265541,3071489,3974171,3378223,3783023,1206818,1856938,1576596,1767318,496320,4547365,0
255,000739,2018-01-18,-0.01228878648233489,-0.01228878648233489,0.23454848950302318,12198.0,82463.95778306974,770,21760346,5726663,817619,400227,3871549,2087552,5029861,873152,3475662,1743767,2237227,290054,2466895,331911,0,0,3861533,0
256,000750,2018-01-18,0.007952286282306265,0.00397614314115291,0.103323461866413,6565.0,174339.74910439205,2379,57442713,50045542,2076489,1347325,7894097,6375789,8410278,5194148,8421160,7447875,5750623,6977103,2663855,1651427,1720922,2214366,20505289,18837509
257,000751,2018-01-18,0.003875968992248069,0.003875968992248069,0.12714233955973753,12962.5,100856.27727517443,1650,35390067,34657661,1099195,1384143,6080206,7699791,5339859,5701064,5590448,7167484,4767661,3249978,1237640,2751736,3164007,1333562,8111051,5369903
258,000752,2018-01-18,0.008600469116497367,0.009382329945269774,0.7265036210798037,9037.0,28575.436905111914,309,2875736,2474674,269768,358929,976558,1493317,741982,260937,406258,361491,481170,0,0,0,0,0,0,0
259,000753,2018-01-18,-0.0025974025974027093,-0.007792207792207906,0.1923494151277825,7660.0,82408.57536556429,400,7638884,5631909,325007,493381,1090436,1441687,1329338,699896,2308260,951712,0,531526,306816,775277,945395,0,1333632,738430
260,000755,2018-01-18,-0.006106870229007688,-0.006106870229007688,0.2901007463290444,9212.0,76997.54600721785,511,11617638,6392146,473124,496223,1698990,1947283,1760286,837940,2524526,1079062,2033141,763274,1293672,329500,0,412464,1833899,526400
261,000756,2018-01-18,0.00681302043906129,-0.004542013626040897,0.3722037118455632,10524.0,93487.87911318637,1260,32085634,16231699,553215,1478350,3686789,4467731,5385260,3229658,9995714,2030304,4356211,1303742,1897969,1745346,942496,859290,5267980,1117278
262,000758,2018-01-18,0.007911392405063333,0.007911392405063333,0.1533865383220063,10208.0,79420.8233166815,1700,28993002,24115602,1610910,1257642,7460823,5230684,4356043,4607044,3970756,4896466,2924997,2152323,2090556,1069742,2167530,903753,4411387,3997948
263,000759,2018-01-18,0.006928406466512715,-0.0011547344110853786,0.2591089247587276,12110.0,71580.12623951925,1117,23180895,14502643,1033784,1323837,5017576,5071018,4333339,2388995,4249810,2279848,4085344,673011,1962018,386279,914567,949435,1584457,1430220
264,000760,2018-01-18,0.003355704697986628,0.005033557046979942,0.21004917628059205,6030.0,78555.52541430425,805,7674867,9957497,799922,973089,2656973,2445317,2433458,2008638,1337881,1825300,446633,0,0,675142,0,0,0,2030011
265,000761,2018-01-18,0.07386363636363624,0.07007575757575757,0.1136649921595661,32008.5,629381.2519373879,2168,246622650,142833666,936803,1292486,8458828,6913180,11062630,10119393,16037608,13541988,19123841,11227645,10498917,9803482,10636424,8325399,169867599,81610093
266,000762,2018-01-18,0.010094212651413192,0.015477792732166984,0.3541422366129044,19467.5,131900.5775887778,1762,48865473,56960427,1425210,1118175,8073445,7522842,7323225,8339167,10527279,10620584,4622361,6418805,3883859,5159830,4003479,3285935,9006615,14495089
267,000767,2018-01-18,0.013559322033898313,0.013559322033898313,0.1391798188285107,3256.0,116960.851536733,449,3561557,10585799,297022,488730,790053,1443652,622836,953428,1034686,1487498,503200,296000,313760,0,0,400488,0,5516003
268,000768,2018-01-18,0.00385604113110527,-0.0006426735218508783,0.3315473149971237,15530.0,99583.52734841719,2203,52031907,43867219,1841809,1846406,10589570,10164060,8120663,7940901,10102093,9263857,4170029,3903019,5344789,4374210,1816940,3187516,10046014,3187250
269,000776,2018-01-18,-0.005817028027498616,-0.008461131676361755,0.3240520495015157,141375.0,862780.5687552441,3409,666881455,604288455,1023930,579136,10253881,6811172,18884040,11244165,47611718,36834690,46725136,35047006,38284854,36809670,35557387,25365692,468540509,451596924
270,000777,2018-01-18,-0.008658008658008698,-0.009276437847866581,0.49346760949260204,12119.5,154588.95557439144,1074,33889532,27133918,1058012,970010,3347406,4707527,2837012,3902007,5826936,3837008,2947765,1890602,1723035,1435311,2666129,1788828,13483237,8602625
271,000778,2018-01-18,0.018867924528301883,0.015094339622641506,0.1051929533542438,9146.0,186399.08861820961,2548,50137058,97134600,1851742,1949010,7880481,7981166,7788894,9501598,7941295,11005835,4724621,6486650,3833066,8088421,2253639,5376100,13863320,46745820
272,000779,2018-01-18,0.02084884586746094,0.014147431124348353,0.6019588274961389,10840.0,65723.43429791043,497,5886453,6289273,418949,448400,1934098,2134647,841023,1433039,687457,762131,512900,467080,0,311220,0,0,1492026,732756
273,000780,2018-01-18,0.004040404040403844,0.002020202020202033,0.23061599109714065,2485.0,55513.63084933697,460,5451186,5123093,257003,436074,1071804,1524120,854280,731202,1741772,1088097,676463,498000,353864,348600,496000,497000,0,0
274,000782,2018-01-18,-0.0013404825737265424,0.002680965147453085,0.424442119932202,11220.0,26577.29082849301,308,3287186,2303685,236374,284639,1958854,1325571,585007,451447,506951,0,0,242028,0,0,0,0,0,0
275,000783,2018-01-18,0.004956629491945419,0.0037174721189590088,0.15418303656573373,13838.0,196925.7140840061,2744,101102586,88656898,2670981,1666019,12102873,8674143,10299275,10346607,14692797,13805756,10352983,7353065,6741146,4752457,6023131,4912736,38219400,37146115
276,000785,2018-01-18,-0.01080550098231825,-0.00982318271119842,0.3335968468651049,10120.0,58230.07282773378,931,15621833,9384894,785517,718048,4404019,3280158,3426480,2250261,3028083,2078477,1542517,681220,367190,376730,402558,0,1665469,0
277,000786,2018-01-18,0.05190311418685112,0.03460207612456756,0.4044488172052939,52107.0,262101.16312177244,3270,204161622,207689743,1167062,1097953,16067488,14238420,22873911,19226636,37964741,35309221,28059284,24383793,14192277,19400215,14274737,13065737,69562122,80967768
278,000788,2018-01-18,-0.0011904761904761862,-0.0023809523809523725,0.4711074004157307,8400.0,66580.75751286099,317,5034186,3169436,276045,477667,1113313,1402781,528733,453502,537996,280730,1057622,219556,713032,335200,0,0,807445,0
279,000789,2018-01-18,0.018638573743922304,0.015397082658022754,0.21862346568706278,61900.0,330037.41656941426,3193,238354477,254685185,824014,1344124,12461055,13277576,18185612,22006661,33421252,41549429,24488395,28025595,19210811,22732599,15652713,20115424,114110625,105633777
280,000790,2018-01-18,0.001366120218579292,0.002732240437158362,0.31929797938162435,8808.0,51548.625020477564,525,7740634,7132941,612190,363038,2369819,1243127,2063631,1998869,2415404,1427846,279590,1414651,0,0,0,0,0,685410
281,000791,2018-01-18,-0.00512820512820511,-0.01025641025641022,0.22783396917707108,7780.0,101929.36797297843,1172,22732882,8774493,1984283,872778,5379689,3500866,3404652,2517708,3170242,1357023,1296782,526118,312000,0,447350,0,6737884,0
282,000792,2018-01-18,0.022522522522522515,0.023166023166023342,0.2638884008736315,137700.0,612559.2982520087,3473,563171352,627792899,493494,503809,9823131,8691578,19086954,19483302,44005627,43410136,37965733,37437310,39431378,37942137,42838000,34521650,369527035,445802977
283,000793,2018-01-18,0.0010384215991692258,0.0010384215991692258,0.32074078291015,15408.0,261536.00672114463,901,31489966,36410732,892980,876434,3410540,3809965,3042766,5112436,3841909,3962413,3710243,1038396,1144480,3232935,481500,1326782,14965548,17051371
284,000795,2018-01-18,0.003350083752093891,0.005025125628140836,0.17403554789716383,10251.0,64442.73401779149,1177,18046391,18552261,1152042,1229250,4283012,4527704,3957724,3117181,4423029,3982418,2644040,1274022,908015,990808,0,408680,678529,3022198
285,000796,2018-01-18,-0.0038610038610037423,-0.0007722007722007485,0.4189176609889026,12910.0,47721.23537526577,955,15925667,11411709,806169,966009,4687173,3664392,4275053,2756580,3459751,2409446,1769526,908347,0,706935,412380,0,515615,0
286,000797,2018-01-18,0.009250693802035137,0.012025901942645634,0.31922510676381805,5475.0,83470.7755892495,1147,18541999,12945725,697519,1152622,3321694,2909773,3261463,2681586,2101468,3398482,2563594,1033526,1726254,1302744,417576,466992,4452431,0
287,000798,2018-01-18,0.0,0.006500541711809138,0.3119433405381857,9270.0,37414.915095682256,875,8706794,9558321,1267995,647718,3702868,4111313,1643889,2199979,700392,1789232,500798,810079,0,0,890852,0,0,0
288,000799,2018-01-18,0.017596405840509144,0.018345189067764833,0.5277031171609988,29821.0,154428.76630807473,2562,78747987,109043827,1037760,1526452,11765568,12438298,15911230,15075387,15807280,22673581,11663631,15288700,2404773,7422565,4813130,4811138,15344615,29807706
289,000800,2018-01-18,-0.006694560669456062,-0.014225941422594146,0.22523054699226933,35220.0,209302.65220019018,2818,142931582,112791422,1286436,1371586,14195542,11934567,18253507,16577080,29619098,22511907,19906956,15599512,12525232,9333321,8141851,4905599,39002960,30557850
290,000801,2018-01-18,0.0126811594202898,0.007246376811594235,0.19930745622758206,3891.0,55714.94728920276,767,8925231,6949347,1078832,427195,1845456,1813059,1810110,1051576,2156870,1192872,710627,824500,347208,0,444000,436579,532128,1203566
291,000802,2018-01-18,0.0,0.008148148148148016,0.46257395122274236,13610.0,87427.48767308482,851,19506602,11783728,848109,689210,4267424,3452008,3354000,2839244,2543766,1726212,2245983,1073661,664005,0,859325,885518,4723990,1117875
292,000803,2018-01-18,-0.019078641228478355,-0.013494648673801679,1.9642921475650728,6473.0,35715.83561718484,119,898976,699231,57468,149367,223030,279751,228340,138549,390138,131564,0,0,0,0,0,0,0,0
293,000806,2018-01-18,0.08191808191808203,0.05294705294705282,0.18755900346675647,37240.0,595146.1032404095,2906,191905023,216951888,1492710,984884,15131432,11303205,19540742,13290948,25471968,18878642,16155558,14429219,11091983,10667996,12096912,5289664,90923718,142107330
294,000809,2018-01-18,0.013477088948786964,0.013477088948786964,0.2250037452276843,11160.0,65147.01226403473,271,4327971,4245532,235616,170844,1111938,1242568,706421,880642,969624,915494,0,264830,363375,363154,413657,408000,527340,0
295,000810,2018-01-18,-0.0014084507042253502,0.004225352112676051,0.24851766388243327,7843.0,55403.08052855556,816,11376189,10252300,701938,901402,3246557,3204266,2299822,2926540,2405559,1587050,957313,220100,1061000,701942,0,0,704000,711000
296,000813,2018-01-18,-0.009080590238365494,-0.01589103291713967,0.19412038994018868,30415.0,99234.3953575303,2063,76432711,31352724,821198,1071615,25374265,7145581,9093240,7569383,11435824,5273843,6896226,2582606,4920528,1668907,4801764,3168177,13089666,2872612
297,000815,2018-01-18,-0.008992805755395628,-0.010191846522781711,0.7268062420371224,11574.5,41409.63203830396,526,9393736,4674361,656945,448387,2661538,1754336,2267631,1416618,2843178,536990,634244,518030,330200,0,0,0,0,0
298,000816,2018-01-18,0.003389830508474523,0.006779661016949268,0.08150074079489819,5346.0,64542.814787565425,1317,16144220,14971040,1020355,1354392,3875085,4361607,2663153,2561541,1641268,2449333,2246156,1767008,1430673,1074874,1718647,0,1548883,1402285
299,000818,2018-01-18,-0.02647503782148275,-0.02344931921331317,0.41215347261979146,19380.0,166068.04388564057,1029,34488344,26938010,1037137,610993,2900045,6269357,4184030,5391862,5334193,4393992,2639718,2503911,2990415,1723566,2615741,0,12787065,6044329
300,000819,2018-01-18,-0.0008333333333333526,-0.0033333333333332993,0.5913253021135226,7176.0,33560.421935270424,411,4569402,3410432,309572,601253,1612147,1298168,769888,698928,1877795,536500,0,275583,0,0,0,0,0,0
301,000820,2018-01-18,0.0,0.0,1.3318635267595162,7035.0,168879.3099609811,309,0,9183020,0,945035,0,1758750,0,968485,0,900480,0,884065,0,325955,0,0,0,3400250
302,000821,2018-01-18,-0.011413520632133523,-0.009657594381036083,0.3949861536950091,11280.0,60681.05311633601,831,11653571,12944304,533289,644364,3273381,4053866,2302912,2720331,2537996,1939913,1524839,1111242,1036117,673278,445037,889310,0,912000
303,000822,2018-01-18,0.052048726467331274,0.03654485049833878,0.18586022216403938,20815.0,127283.86072467074,2363,59680509,80534625,1746279,1814671,10661370,12587129,11077803,10936439,10038548,15135101,9354212,9526945,3535557,6117833,3555494,5897238,9711246,18519269
304,000823,2018-01-18,0.0029940119760478723,0.0059880239520957446,0.3358585152417776,13310.0,142442.7721509942,1583,41367962,36206134,1697895,1253775,7333896,5688614,6584851,3655041,6379506,4268139,4265364,3225137,5444623,1328294,4040567,2663674,5621260,14123460
305,000825,2018-01-18,0.01953125,0.013671875,0.09759902891520937,25235.0,364798.0746333896,2763,153167296,215423160,1551723,1409524,10021707,10745298,12338263,10968234,18786458,17544900,12351199,18421062,9461334,9500016,8693051,8627401,79963561,138206725
306,000826,2018-01-18,0.011699707507312196,0.013974650633734154,0.7637658514989211,15625.0,224122.55289183042,1623,36608478,56420114,1309908,1743795,7787232,7114465,6400658,6487383,6749624,5983474,3021978,2922912,2453908,2053815,415665,3799722,8469505,26314548
307,000828,2018-01-18,0.0018001800180018623,-0.0036003600360035026,0.4759932217288522,12215.5,75036.49197778777,544,13700905,7233540,448525,468368,2483256,1691105,3051429,1549373,3637836,1662471,1872131,739468,660528,667778,445200,454977,1102000,0
308,000829,2018-01-18,0.004419889502762286,0.0055248618784529135,0.39654941975457775,5471.0,36773.78131914835,520,5199864,3953551,543092,774265,1445435,1523662,1127383,771297,1215136,580298,529591,0,339227,304029,0,0,0,0
309,000830,2018-01-18,0.05760869565217397,0.05108695652173911,0.31346712111513186,115002.5,529389.6342262855,3448,396886662,569160022,619520,751889,9108304,10832224,18345042,21706411,43940548,46200725,32793682,45841746,33056089,41577446,26246863,38056521,232776614,364193060
310,000831,2018-01-18,0.008554319931565413,0.011120615911035081,0.2813439714723413,20009.0,116216.91880435399,1727,41312532,50296117,1047758,1278586,8164716,8583145,7921099,7350177,7032261,11854760,4524486,5355044,4136792,5668237,2791665,3136425,5693755,7069743
311,000833,2018-01-18,0.01327433628318575,0.007374631268436627,0.3121395849410898,7546.0,26491.513118775314,471,4688182,3650275,458918,501510,2132952,1496281,1113774,1515284,727779,137200,254759,0,0,0,0,0,0,0
312,000835,2018-01-18,0.005889281507655886,0.009422850412249772,0.2721733492194283,13536.0,71462.89963976174,973,16543046,19868506,752871,1013101,3479412,5074883,3088653,3907568,3735661,3705659,2241378,2705093,1323419,1010904,888664,0,1032988,2451298
313,000836,2018-01-18,-0.02298850574712641,-0.01532567049808431,0.11072780419841478,15240.0,172345.29045084023,2232,47371161,57745963,1895011,1748901,9873122,8562464,11155343,9609742,10762075,11050137,3661532,5358426,3351689,4496973,1374376,1297977,5298013,15621343
314,000837,2018-01-18,-0.0016528925619834212,-0.0033057851239668423,0.2742242456455352,6633.0,40185.17278865856,486,6652382,3341683,562278,541395,1762139,1427722,1653739,1190766,898593,181800,728627,0,605007,0,441999,0,0,0
315,000838,2018-01-18,0.0016393442622952836,0.003278688524590345,0.16757419699301435,11951.0,60531.60476403064,1326,21053228,18914099,1046442,1371028,5862099,5583283,3173448,4009880,4901854,5345376,2007618,1138757,1340339,1001450,497048,464325,2224380,0
316,000839,2018-01-18,0.011376564277588264,0.011376564277588264,0.1617811087350028,27590.0,226514.60062333252,2956,140717995,145326110,2151084,1561755,13973494,11242440,20393978,14017464,20208228,18700866,13094398,10666242,9856394,9487226,10323108,9724071,50717311,69926046
317,000848,2018-01-18,-0.0019436345966957758,-0.0038872691933915515,0.24028699753680313,7182.0,72114.62205068916,1836,30142234,25275879,1343998,1811169,7102242,5322677,4176936,4206262,7573304,4780253,2999168,1709560,2983947,1318767,886372,2141379,3076267,3985812
318,000850,2018-01-18,0.0,-0.0022026431718060735,0.2943383764450618,11325.0,47467.14169021772,237,4047192,2801093,209396,226428,1251875,971404,1086354,464859,429897,910902,688764,227500,380906,0,0,0,0,0
319,000851,2018-01-18,-0.0011737089201877549,-0.0035211267605632646,0.3397890005893331,8975.5,81364.42539653869,628,11502095,8885297,527030,711771,2281076,2557819,2235689,2362540,2205583,1698889,951814,0,1777553,384299,426000,0,1097350,1169979
320,000852,2018-01-18,-0.010010010010010006,-0.00800800800800805,0.30793953145245184,10934.0,75695.72222674062,1052,18338065,11868313,1341672,1313896,5115652,4637559,3887459,2772529,3329650,1485750,1612222,424810,0,687316,424148,0,2627262,546453
321,000856,2018-01-18,0.00467726847521055,-0.003274087932647385,0.40959373292792367,29941.0,95657.881632553,2726,92740500,71804499,1317401,1355115,15280978,13654388,17015837,14792289,25672759,18550050,11767107,10581027,5625814,5336403,2645889,3071860,13414715,4463367
322,000858,2018-01-18,0.0010427528675704956,0.0,1.4449487910407706,434469.0,1353098.0150342921,3569,1418801268,1499186655,128390,128153,1740014,2545823,6858021,11594886,32957207,35704999,33928750,47036066,43141767,53966984,53578035,60915304,1246469084,1287294440
323,000859,2018-01-18,-0.0023809523809523725,0.0,0.21991593337336723,6712.0,41616.688679828134,364,3692207,3304117,347904,335070,1578302,1440607,1134840,573738,388560,349020,242601,0,0,0,0,0,0,605682
324,000860,2018-01-18,0.023761375126390316,0.016177957532861553,0.44250734835724687,20050.0,172742.0154701044,1999,54253862,86661481,834876,1897655,8312100,8230648,6340850,8910519,10336693,12008780,8897400,11425598,3808570,10840582,3520157,6259091,12203216,27088608
325,000861,2018-01-18,0.0031948881789138905,0.0031948881789138905,0.14950519223827297,3454.0,52055.46633864301,438,4360887,3411213,432233,492730,972547,1045649,552616,637674,636344,918020,281700,0,358647,317140,0,0,1126800,0
326,000862,2018-01-18,0.002008032128514081,0.002008032128514081,0.3031797690949073,5500.0,41818.379574613595,269,3738811,1686371,409227,176958,1240083,649956,515617,114233,586325,745224,987559,0,0,0,0,0,0,0
327,000863,2018-01-18,-0.009157509157509125,-0.009157509157509125,0.2260561164832473,11924.0,44423.491171014815,583,10752866,4607642,542999,390261,4453324,1233207,1914263,1761416,1700679,996951,1026254,225807,691154,0,424193,0,0,0
328,000868,2018-01-18,0.00567536889897835,0.002270147559591429,0.15919583440635277,35540.0,153254.57489503856,3068,129738268,114464924,1584408,1912363,14036458,16370546,21873562,17214755,25528516,26805140,14344245,15676673,12676734,8873083,5877690,6467969,33816655,21144395
329,000869,2018-01-18,0.0076496966499606245,0.00791347929306263,0.9481906408934476,22737.0,108811.39163224936,1598,43188701,41836404,1019526,1147941,8274743,8889565,7997470,6722943,10204884,7772135,5817638,4739262,2152309,4028524,1309713,3512789,6412418,5023245
330,000875,2018-01-18,0.002680965147453085,-0.00536193029490617,0.12143905569659741,14430.0,75572.4408877766,945,21736036,10743544,432761,953625,5379485,2453112,5513083,1752631,2481910,1246050,1496635,887985,3840225,1459741,906120,0,1685817,1990400
331,000876,2018-01-18,0.007211538461538547,0.006009615384615197,0.1505408012948654,36784.0,240054.74094721195,3061,141349537,154207646,1939009,1178407,12607165,11168872,19272703,23191536,26218400,27690529,16569310,12368541,10974918,10394274,12044778,7631360,41723254,60584127
332,000877,2018-01-18,0.03382480485689521,0.044232437120555135,0.2102539591335847,60736.0,289789.1572702616,3011,183964591,277733921,887260,1049638,11819474,12299122,18033097,20421974,34142667,31689296,22406800,29016236,18210662,25181743,12741644,19049270,65722987,139026642
333,000880,2018-01-18,0.00216216216216214,-0.00216216216216214,0.5946957885085615,8280.0,56043.217971970014,241,2805715,3492086,238262,260920,879963,872157,607851,309054,553855,657995,525784,0,0,1391960,0,0,0,0
334,000881,2018-01-18,-0.00805152979066015,-0.005636070853462183,0.47850508488295046,9912.0,65841.68353505623,673,9401002,7048341,719450,660053,3451866,2333907,1688162,1390037,1137927,873065,754596,731388,681435,0,0,0,967566,1059891
335,000882,2018-01-18,0.0,-0.006493506493506551,0.12838434964059633,4758.0,90974.22994205263,576,10754634,4892176,566420,567485,2400166,958794,855496,578687,2476683,701833,1127375,477385,1302294,683992,491200,0,1535000,924000
336,000883,2018-01-18,0.0021413276231263545,-0.004282655246252598,0.14818943156533565,1864.0,94139.59731326852,994,14566227,8398194,550555,946831,2476727,2515118,1933257,1094925,1501900,540014,1268090,1218101,338520,689451,1858139,461754,4639039,932000
337,000885,2018-01-18,0.01865889212827998,0.03498542274052485,0.3512683208874052,30960.0,130971.05326830829,2385,66126689,90989931,1135021,1255673,12357310,12489176,16102197,14997121,15615571,18925702,10070609,12701289,4471255,7782906,933309,4399460,5441417,18438604
338,000886,2018-01-18,-0.015444015444015302,-0.015444015444015302,0.21364640776258811,15290.0,141133.87691056018,1324,44309543,32568760,1114055,984607,5780264,4239026,5974183,3570892,7540287,6286485,6038885,3809870,4976782,5468952,436815,1790907,12448272,6418021
339,000887,2018-01-18,0.002292263610315093,0.00515759312320907,0.44260406941018376,14032.0,109641.45863609736,1555,33432826,36438896,1202278,1549691,6792255,6381316,4637545,6347714,5022713,8910357,4099661,3229015,2018603,1709495,2640853,951187,7018918,7360121
340,000888,2018-01-18,0.0009633911368014392,0.005780346820809079,0.35121740576406874,5210.0,55223.817241199846,873,8385847,8433277,795190,810561,1508077,3668708,1292334,1212758,1708967,1040400,425187,950430,312000,750420,1337639,0,1006453,0
341,000889,2018-01-18,0.02396166134185318,0.022364217252396346,0.5916958291861908,12580.0,144058.01220209734,447,10941581,7705419,357005,371598,1781570,1605632,1169271,1838145,1965579,1568272,1014090,452766,325250,700556,0,492700,4328816,675750
342,000890,2018-01-18,0.010937499999999822,0.02499999999999991,0.31887376143357854,10071.5,40832.9973260684,402,4287388,5556899,422471,349930,1639375,1684304,820181,1084882,1192169,1405093,213192,704190,0,328500,0,0,0,0
343,000892,2018-01-18,0.0078125,0.0078125,0.4274187713058247,5411.0,48827.04236416361,322,2803865,4222419,454591,275415,736930,744318,673774,512052,938570,1618460,0,263160,0,315339,0,493675,0,0
344,000893,2018-01-18,-0.018722466960352402,-0.0011013215859030367,0.4056086296969279,4535.0,60000.93812171396,501,5553106,4337465,459310,483489,1476836,1302916,953867,238003,1602741,358275,1060352,553572,0,0,0,491400,0,909810
345,000895,2018-01-18,0.01070441988950277,0.011740331491712608,0.5182451937821072,40978.0,245782.06069839682,3127,175695582,185201602,973099,1555555,15760388,14112638,16407158,16027126,26636015,30405337,20951529,26167712,15464497,17525887,11406808,11143386,68096088,68263961
346,000897,2018-01-18,-0.016260162601625994,-0.013550135501354976,0.10548371767419788,5475.0,71104.92901805535,1227,21999766,9165953,1208302,1227308,4295520,3305760,3079459,2109252,2997807,1499233,2335321,497360,1392212,0,1897141,0,4794004,527040
347,000898,2018-01-18,0.0284005979073243,0.0284005979073243,0.1244290100794265,45617.0,547915.4898741388,2900,194896601,364410030,971357,1614275,9955785,12229224,12459472,17423473,21088118,30259214,17176038,22787760,14031625,17260194,10420388,16197664,108793818,246638226
348,000899,2018-01-18,-0.0017391304347825765,-0.0017391304347825765,0.3412499233624942,5740.0,49595.04548904151,283,3945582,2085716,400958,217963,973256,689748,991747,531815,544625,646190,519296,0,0,0,0,0,515700,0
349,000901,2018-01-18,-0.0013507429085998224,-0.0036019810895994153,0.5994964778044415,13326.0,64143.12574851237,1372,27219473,17201737,1678251,885997,7218014,6394173,4436462,2981810,6691413,4233609,2619350,1186935,1007177,1030187,0,489026,3568806,0
350,000902,2018-01-18,0.013104838709677491,0.006048387096774244,0.2921068676872696,10045.0,94959.27785279036,1154,24699328,18067606,865337,1140722,4161208,3973199,2581207,2414294,4376396,7626460,1170006,1393006,1652466,1053221,921794,466704,8970914,0
351,000903,2018-01-18,0.00588235294117645,0.00588235294117645,0.09019636130501643,1372.0,55002.48998168985,1424,6926555,10718943,321863,1986488,1594932,2852996,686162,1111648,1479211,1363305,999991,529257,686019,669978,0,0,1158377,2205271
352,000905,2018-01-18,-0.004566210045662045,-0.007305936073059405,0.34310415906378555,12089.0,72871.15236932346,1018,19588180,16019744,988103,796933,5163433,4653936,4244154,2875187,3755848,3760352,2665706,1731885,0,392010,926308,438501,1844628,1370940
353,000906,2018-01-18,-0.002617801047120394,-0.010471204188481686,0.40733016222264046,9156.0,50408.200578922246,351,7105794,4052952,434527,323413,1005157,988604,2499605,1378397,1625591,1042327,1156329,0,384585,320211,0,0,0,0
354,000908,2018-01-18,0.00654664484451728,0.003273322422258529,0.2662521926456636,6130.0,59958.348034939074,526,5162663,6091810,353283,470327,1575720,1870175,952283,1274158,489133,527966,741934,0,0,307000,0,415184,1050310,1227000
355,000909,2018-01-18,0.002892960462873795,-0.0077145612343297865,0.5552198367159066,8256.0,51075.57164737608,348,4495218,3086006,285322,284419,1214101,1369175,1051954,855679,782555,272293,426020,0,0,304440,0,0,735266,0
356,000910,2018-01-18,0.0439560439560438,0.02971102971102968,0.5228079293027731,12625.0,96204.01581876902,2211,35122346,46143836,1212681,2785453,10048662,9838666,4020715,6390124,5416210,6611405,2617083,5824033,2061864,5143356,879238,3170935,8865893,6379864
357,000911,2018-01-18,0.0,0.0033112582781456013,0.3839731899863998,9050.0,44060.74289149986,556,7126376,4769112,682638,656259,2836365,1871406,1090240,950534,1592467,461444,237600,210671,687066,0,0,0,0,618798
358,000913,2018-01-18,0.006970509383378065,0.009115281501340666,1.0613777873063943,7508.0,65122.465493968986,308,4326273,4050885,433436,272522,1013405,779131,795814,820214,713253,397917,534831,521927,374200,692174,461334,0,0,567000
359,000915,2018-01-18,0.0101660454083361,0.00508302270416805,1.0307824275355473,14900.0,114641.4998395856,819,22747271,19697760,958354,433639,4406236,2496339,3855994,1912401,4709649,2891337,3557655,2431144,2192935,1016156,0,1641752,3066448,6874992
360,000917,2018-01-18,-0.002366863905325367,-0.0035502958579880506,0.27614535373964477,15183.0,101913.5361206305,936,26661950,19405433,874927,879672,3816935,4150362,3812714,3051910,4426330,3161684,3390021,3506582,1998325,1295995,2189619,466400,6153079,2892828
361,000918,2018-01-18,0.0,-0.001366120218579292,0.23688587388148133,11025.0,87174.76926428651,955,21091870,15422331,902119,824332,4145464,3497144,3093956,2946682,5107267,2892627,2204199,2176066,1049830,730500,495720,423400,4093315,1931580
362,000919,2018-01-18,-0.006586169045005308,-0.006586169045005308,0.3913673576177374,9110.0,51895.37676127693,541,8022473,5523605,575005,615169,2497184,1780039,1612713,1307547,1491882,1294570,814963,209530,0,316750,450368,0,580358,0
363,000920,2018-01-18,0.02215189873417711,0.01793248945147674,0.28794084263632996,9480.0,64442.97354541856,1085,16536791,15431157,1904744,781162,4103851,2787038,3554998,2425925,3303098,3140357,1853728,2698077,1816372,663093,0,477750,0,2457755
364,000921,2018-01-18,0.007653061224489832,-0.0006377551020407823,0.33803003680422106,15790.0,94393.0000153017,2153,54659020,50092396,1118716,2208182,9992703,8837964,9595544,9947572,12116967,9358443,6192995,5910974,4101877,5148681,2326561,2793111,9213657,5887469
365,000922,2018-01-18,0.002525252525252597,-0.002525252525252486,0.4123725350121236,7910.0,55824.843947713794,368,6012123,3794332,344107,440141,1414588,1403358,780339,812062,2104849,933111,282892,205660,331748,0,0,0,753600,0
366,000923,2018-01-18,0.01602959309494456,0.006987258528565521,0.5574494354087407,24540.0,75197.47330119318,1905,44348835,40354576,1493792,1365459,11027195,11475372,9801491,8944262,11232337,8050566,4142919,4829479,3172147,1656551,1317037,480411,2161917,3552476
367,000925,2018-01-18,0.0021707670043413785,0.0007235890014472002,0.5213338103855546,9663.5,54483.889075233295,702,11524095,8729410,400811,839392,1787194,3051361,1973546,2257520,3056188,1636372,2469136,616940,1837220,327825,0,0,0,0
368,000926,2018-01-18,-0.001680672268907557,0.0,0.24330916894575272,33418.0,287546.3492376887,2394,144626558,129650185,647934,1244545,11009880,10432692,9077812,14240684,20712193,28406571,11553777,14916572,8875631,8594564,4503814,7025535,78245517,44789022
369,000927,2018-01-18,-0.01103752759381893,-0.0066225165562914245,0.1403562951871,9020.0,57943.76183424487,1043,19120228,9087631,1095874,983762,5138346,3450521,4021054,2417590,2927976,1767864,2437197,467894,1520649,0,914432,0,1064700,0
370,000928,2018-01-18,0.055292259083728146,0.055292259083728146,0.14572091932840056,21376.0,135336.35608090778,1891,50200191,71093883,1150575,1430503,7607606,8853767,7652185,10075143,11122875,15598902,6883549,9531371,4096175,7824858,1824404,2139546,9862822,15639793
371,000929,2018-01-18,0.010309278350515427,-0.0008591065292096189,0.5791678700362235,15093.0,37954.84355717398,403,6001128,6833083,351612,349586,1570723,1447723,2141650,3912371,1937143,830235,0,293168,0,0,0,0,0,0
372,000931,2018-01-18,-0.002941176470588225,0.0,0.2781523932585576,7480.0,49703.433208906295,597,7327440,6647190,381726,753976,2190484,2118713,1760253,972061,2326157,361760,668820,677941,0,678294,0,0,0,1084445
373,000932,2018-01-18,0.004629629629629539,0.0057870370370369795,0.1841381867172824,25229.0,326986.0473306161,2205,107770006,102287266,1513410,1842639,8507848,9377135,9136288,10992338,14390137,14367080,14752947,11452105,8309445,8343200,7278898,10775966,43881033,35136803
374,000933,2018-01-18,-0.013157894736842146,-0.012145748987854366,0.17629524396863674,57940.0,389918.01568886975,3146,254441210,280573255,1064898,1656363,10336481,13803319,16095844,20709613,31765071,32736260,25467763,24534111,18684999,23592762,23233512,18460398,127792642,145080429
375,000935,2018-01-18,0.03502824858757059,0.039548022598870025,0.3652438019424854,23393.5,144930.2913465978,2350,64497211,76141735,1359231,1656775,12425570,11767389,11902287,12403518,13907725,14191925,8561163,6985974,6666348,6755727,1831476,3061257,7843411,19319170
376,000936,2018-01-18,-0.0029850746268657025,-0.005970149253731294,0.21579628659910643,11021.0,85238.17108773958,964,18553524,16729686,915932,1035614,4004612,3299625,3680697,3501692,3698747,2506218,968808,910866,2115415,2972732,488178,400660,2681135,2102279
377,000937,2018-01-18,0.008305647840531671,-0.0033222591362125353,0.1488675648995922,11980.0,126252.31033417188,1638,48449688,34099274,1359212,1226807,7093812,5277006,4205509,3461321,9692268,4948949,3987516,3838490,3750254,3367051,4129175,3187924,14231942,8791726
378,000938,2018-01-18,0.00046047582501929085,0.0013814274750574285,1.5041424686784723,26150.0,110933.98196248848,1876,65562768,52412851,1372756,1197333,9887516,9059394,11026779,10035481,12762777,8920790,9144196,7251572,7301356,5913300,3464206,2201892,10603182,7833089
379,000948,2018-01-18,0.003868471953578423,0.008704061895551174,0.49815686298656625,10320.0,26673.07227113518,430,3272118,3963529,289726,430012,1068127,2169439,888486,1001433,559827,362645,465952,0,0,0,0,0,0,0
380,000949,2018-01-18,0.0024330900243307862,0.0,0.21521196510118729,5369.0,45653.325881671626,364,3049146,3409734,287639,514040,1198356,1316752,218196,774204,108726,379148,205500,425590,0,0,457072,0,573657,0
381,000951,2018-01-18,0.033033033033033066,0.028228228228228458,0.3942291002057888,15012.0,114039.08356716887,1785,36148819,44770051,1510033,1331256,8681739,6825879,8628595,6791581,6955768,7240407,1344794,4384136,3851897,4141084,0,949832,5175993,13105876
382,000952,2018-01-18,-0.0006896551724138167,-0.0013793103448275223,0.6937210273099764,10220.0,53552.813772480746,436,7590756,4055840,442542,421317,2489264,1306612,1320688,644185,1768591,254215,1198151,490247,371520,355264,0,0,0,584000
383,000953,2018-01-18,0.06019151846785231,0.06019151846785231,0.25126842319130493,13950.0,102910.38229247264,846,21292353,12652082,1013985,490356,4306403,2847737,3128528,3386286,3375662,2824727,1469000,1624249,696725,1023802,1816600,454925,5485450,0
384,000955,2018-01-18,0.00746268656716409,0.00746268656716409,0.2521445645223952,2684.0,50869.37447608581,707,7967211,9344896,229994,761704,1911030,1495974,1438390,1750856,2988663,2754731,1399134,1760511,0,369600,0,451520,0,0
385,000957,2018-01-18,-0.001853568118628357,0.002780352177942591,0.30812741353846057,10910.0,51762.124206587345,1226,18842961,14435181,1088068,1077323,6896679,4610738,3679735,3702264,3458884,2770309,988614,939691,649800,688392,864126,0,1217055,646464
386,000958,2018-01-18,0.0019305019305020377,-0.0019305019305019266,0.16089349359325916,9414.0,55576.190449981295,1037,15952400,12702151,1039310,1029406,4386317,3114034,3224431,2457797,3563719,2316043,2068196,1859884,1028889,991787,0,415200,641538,518000
387,000959,2018-01-18,0.006611570247933907,0.006611570247933907,0.1429331380510466,6110.0,96212.6687065671,1795,28442240,32818753,1353426,1841291,3959907,6723930,3125806,3731678,5366371,6222515,3355847,4306880,2051813,2723277,1799824,2374269,7429246,4894913
388,000960,2018-01-18,0.0007513148009015147,0.002253944402704766,0.2798060579775034,26820.0,184776.0656959968,2264,79350540,114024999,1268268,1071222,9857819,11588800,10807979,12581762,13938149,18237475,10905422,15486107,5439096,4792914,6903076,11803494,20230731,38463225
389,000961,2018-01-18,-0.03749999999999998,-0.026249999999999996,0.1414143537784522,36636.5,341952.6286882059,3216,208464442,192768148,1528342,1587707,11688649,15246033,16223595,18252862,29950320,25014166,22600703,21585460,14967399,14804123,11605479,13739282,99899955,82538515
390,000962,2018-01-18,0.024296675191815886,0.01534526854219953,0.2923505586395845,11046.0,57176.82747653964,715,9270007,11229279,561642,901088,2644489,3546617,2578822,2501267,1635934,1466866,0,1096875,737640,700140,0,462726,1111480,553700
391,000963,2018-01-18,-0.002557544757033292,-0.007124588966021195,1.1219731731813618,27845.0,199581.50762430517,2383,105909003,68396809,1235358,1388570,12271968,9329221,17989028,12120967,14271732,12950245,8613236,7191232,6258054,5739632,6148546,3662518,39121081,16014424
392,000965,2018-01-18,-0.00666666666666671,-0.0016666666666665941,0.19236726248008526,9015.0,59285.23974106699,973,16460987,9259306,1482990,707608,4331477,3454845,3660587,1721014,2895932,2229298,1312103,491833,328090,654708,0,0,2449808,0
393,000966,2018-01-18,0.005154639175257714,-0.005154639175257714,0.2023486189297376,3870.0,48388.72677119448,367,4661679,1323357,688574,243720,1189932,584273,327976,131671,353876,139620,539165,224073,1113236,0,448920,0,0,0
394,000967,2018-01-18,-0.0066079295154185536,-0.0066079295154185536,0.2576155564103987,8172.0,59039.71277161512,1242,20763348,6799541,2670471,677706,5754887,1980542,2256536,1845395,2631379,969157,3222561,416741,1455558,0,830273,0,1941683,910000
395,000968,2018-01-18,0.011204481792717047,0.0182072829131652,0.42844359706912966,14500.0,60372.716218465044,1111,15263872,20004359,838607,863277,4956318,5499948,3532583,5240814,3746507,3604368,2189857,679490,0,974082,0,424568,0,2717812
396,000969,2018-01-18,0.008313539192399189,0.009501187648456089,0.2608252483202579,8560.0,62291.471261564235,1042,14020290,16204022,1069733,924213,3721009,4030474,3612455,3270176,2509078,4258446,1070815,1405829,339200,1361559,850000,0,848000,953325
397,000970,2018-01-18,-0.0007627765064835978,-0.0022883295194507935,0.2819973581313482,17212.0,133483.28712019394,2162,69962557,65757941,1054296,1829979,7342909,10102529,7496825,10321272,13728376,17159217,12499482,6641310,4517215,5523278,3566080,5314163,19757374,8866193
398,000971,2018-01-18,0.010190217391304213,0.0033967391304348116,0.40931551411041045,14800.0,123972.06051377044,1294,31073384,19056136,907311,1106552,6654102,5567853,4869162,3875491,5394731,3117574,2524745,1958085,1694254,323575,1287521,855233,7741558,2251773
399,000972,2018-01-18,0.015075376884422065,0.007537688442210921,0.24274164469739076,8029.5,43934.8141195001,268,4245369,2069524,233325,250572,1059451,982373,845378,449601,1447965,386978,299250,0,360000,0,0,0,0,0
400,000973,2018-01-18,0.00679117147707986,0.0,0.18637142345502924,5920.0,60083.31423697538,999,11416670,9885082,1516136,728728,3271789,2777499,2094096,1973937,1596142,1788243,788110,1390659,1034849,0,0,0,1115548,1226016
401,000975,2018-01-18,-0.0013840830449827202,-0.0041522491349480495,0.4203742109601731,12933.0,114964.64616574896,1182,34714071,17519472,892389,842737,4152728,3094695,9479357,3189689,6535934,2433177,2387450,2925886,1052993,1117614,888018,870210,9325202,3045464
402,000976,2018-01-18,-0.013463892288861579,-0.013463892288861579,0.2812826682658718,21008.0,169716.28020609796,844,27996293,5116249,774547,374997,9439032,1659179,1939745,830426,2121033,849170,1492250,236520,1006269,711299,950993,454658,10272424,0
403,000977,2018-01-18,-0.0005906674542232038,0.0035440047253396667,0.36354664997085817,21944.0,168349.17320030354,2169,76587400,71345744,1123240,1569447,9077097,12382149,10219368,11446003,13516196,12150687,9213250,5535010,6860950,5310096,3057994,4111232,23519305,18841120
404,000978,2018-01-18,0.030450669914738215,0.004872107186357999,0.5062966855889484,8230.0,32637.264399642583,262,2906266,2599880,303523,261621,970383,1138102,1055799,462502,576561,491331,0,246324,0,0,0,0,0,0
405,000980,2018-01-18,-0.010353753235547769,-0.00690250215703192,0.30651418996964214,12688.0,97556.66997110903,1430,28882479,24322784,1132203,1009716,7918623,6694215,4273999,3793019,5059919,3416403,3451466,1070474,700570,2060733,913350,433927,5432349,5844297
406,000981,2018-01-18,0.011904761904761862,0.004761904761904745,0.3015467089609751,9278.5,108239.62341222742,776,17977135,17313487,403385,975146,1228550,3889622,2283158,3380034,3811951,2554089,2628450,1981351,2133238,1091187,2152316,847844,3336087,2594214
407,000982,2018-01-18,0.01985111662531014,0.03970223325062028,0.10821563926275439,12600.0,254870.0867842797,1391,23413236,72579801,923273,1343271,4784824,6289633,3827320,4555615,5934331,6486199,1561387,5553004,2522853,2036510,1384243,6175563,2475005,40140006
