,code,date,pchange_whole,pchange,change_std,amount_median,amount_std,length,sumsell,sumbuy,sell_vol_0,buy_vol_0,sell_vol_1,buy_vol_1,sell_vol_2,buy_vol_2,sell_vol_3,buy_vol_3,sell_vol_4,buy_vol_4,sell_vol_5,buy_vol_5,sell_vol_6,buy_vol_6,sell_vol_7,buy_vol_7
0,000001,2017-11-22,0.04281767955801108,0.025552486187845336,0.24219493231690695,360830.5,1773734.1224596952,3582,1341756788,1724361500,179737,148014,3734442,4881993,10612345,11219106,35497858,41821982,46448505,44533468,42917513,51397605,41612126,42845322,1160754262,1527514010
1,000002,2017-11-22,0.018808777429467183,-0.0012539184952977678,0.5339498936297999,357084.0,1835923.322030399,3578,1225118014,1480822167,193747,174873,3967956,3691370,11871634,9658446,38584261,42141824,34614528,49878272,47199316,51501394,52646889,55562818,1036039683,1268213170
2,000004,2017-11-22,0.029119561493662127,0.02089756766015749,0.6076742831598198,30375.0,116162.2416309665,2314,76715050,69328825,1374922,1479463,11460255,11453339,14163240,11639413,18131911,15611076,8677104,11948717,7268344,4532032,4268152,3009456,11371122,9655329
3,000005,2017-11-22,-0.015695067264574036,-0.011210762331838486,0.17851745754732712,5778.5,54057.47672229603,624,9206405,3971867,709392,656128,2259628,1726106,1328880,999267,1926131,390116,222055,200250,702004,0,1303515,0,754800,0
4,000008,2017-11-22,-0.0033670033670032407,-0.001122334455667784,0.2893263767192416,8900.0,62268.59166285665,948,12105792,12806019,697439,1499764,3292657,4676022,2450928,2353810,1994356,2213236,2023595,906187,353200,0,492617,0,801000,1157000
5,000009,2017-11-22,0.005270092226614009,0.0013175230566535578,0.17293168916018004,9108.0,177507.71300710418,1929,51780296,42256915,1526133,1833880,6848940,7352330,6086022,6783352,5195734,5875047,3965693,4939704,2883624,3866735,1780774,948111,23493376,10657756
6,000010,2017-11-22,0.0,-0.007677543186180413,0.14380711325581882,7875.0,63892.779592508625,1314,21381284,12687419,1303975,1114765,5146291,4374487,3459188,2334101,4194998,2477525,1609279,1724796,2089098,661745,0,0,3578455,0
7,000011,2017-11-22,-0.012145748987854255,-0.015615962984384057,0.49358072580754764,17240.0,79293.83721775757,1227,26982629,16841260,923634,995883,6752687,7099934,5386438,3360009,4830486,3588989,1198073,1113425,702250,683020,1423254,0,5765807,0
8,000012,2017-11-22,0.04499437570303688,0.01012373453318327,0.16125891515452925,55584.0,289795.7645220834,3044,204595734,239568057,1230842,1212355,13578006,12061130,18310845,19004256,35166563,32301062,25931715,21358314,15275566,19852789,15836232,18546570,79265965,115231581
9,000016,2017-11-22,-0.006015037593984918,-0.006015037593984918,0.14139773977226627,20040.0,137931.98844282658,2217,80822899,63722199,2005547,1027602,11161501,6478819,12292610,9378241,15688222,12557456,7612877,6444839,8457628,6170873,3573630,3458053,20030884,18206316
10,000017,2017-11-22,-0.026162790697674354,-0.03052325581395343,0.2662876587319879,6720.0,37449.21609240548,669,6919155,4965884,740068,775474,2750235,1724440,1680685,729513,631863,757216,714304,293706,0,685535,402000,0,0,0
11,000018,2017-11-22,0.03206997084548102,0.017492711370262315,0.17899990493335677,7766.0,90784.63655336379,1472,26563986,26486026,1126385,1557863,5495825,4103081,5212763,3538026,6034143,5782306,2201123,2904515,2440290,1783124,1271539,1833795,2781918,4983316
12,000021,2017-11-22,0.020304568527918843,-0.007106598984771617,0.1836867698749241,36667.0,236310.49895125534,2880,157100422,138059858,1779868,1503257,11690730,12530386,18567401,14917771,28704543,27131120,15044016,16660327,14734048,10853316,9842381,10707796,56737435,43755885
13,000023,2017-11-22,0.0026466696074105567,-0.0026466696074107787,1.4312864864868948,13566.0,51855.07985391595,250,4282909,2088550,204048,196647,1361659,905486,836949,215455,568983,770962,773190,0,0,0,0,0,538080,0
14,000025,2017-11-22,-0.029404733444895914,-0.02773129333014579,1.0137790107235571,16496.0,70175.70476095032,1703,36444559,26608634,1484583,1670127,9600545,9198720,8170837,4736305,6319757,4537099,6406983,2409026,2404393,691602,1355335,0,702126,3365755
15,000026,2017-11-22,0.005581395348837281,0.005581395348837281,0.38879621404997333,10750.0,51408.36437364797,764,8320712,11516238,369427,1023940,2772829,3421122,1886923,2739435,1104293,2968144,711110,475197,312522,323456,410408,0,753200,564944
16,000027,2017-11-22,-0.001626016260162677,-0.004878048780487809,0.1894520825203036,4888.0,108938.4816856127,1054,17723398,8315913,842844,1021417,2987612,3017949,2383281,1764954,1926379,682473,1515744,260950,305500,1051779,447740,0,7314298,516391
17,000028,2017-11-22,-0.023920372451436855,-0.027131160699951806,1.5111002591090985,18343.5,83177.76275663699,1700,51595977,23678843,2748629,657373,8600009,6753513,12082327,6039520,8962888,4623264,5165477,1111082,3027433,1021730,2761624,494343,8247590,2978018
18,000030,2017-11-22,0.006188118811881305,-0.004950495049505066,0.23811486107753166,7267.5,65571.230185507,1152,13122618,9536710,843245,730023,7271173,2207904,2309051,1357288,1632980,1277743,741858,956240,324311,323200,0,823832,0,1860480
19,000032,2017-11-22,-0.009640666082383786,-0.00876424189307623,0.3509202416746865,11350.0,69683.06574906564,1057,21313644,13066761,1342933,718527,4544822,4657125,4621964,2103873,5120125,2315296,2507437,1805540,1716741,0,428640,0,1030982,1466400
20,000036,2017-11-22,-0.0021276595744680327,-0.009574468085106314,0.22027540895025377,15844.0,75059.83120215288,1822,43116229,30986241,1327709,3182322,9241109,8233421,8002154,4793344,9912817,6396356,4692197,1905634,4862012,2402418,1761533,2682486,3316698,1390260
21,000037,2017-11-22,-0.0011695906432750425,-0.01754385964912286,0.4235576302106546,8450.0,98061.12010571774,407,10674297,4272120,512570,421776,1364903,1022336,1956524,764012,1217883,628197,1872732,813085,626660,622714,995664,0,2127361,0
22,000038,2017-11-22,0.0055139818826310805,0.012603387160299295,0.4913777981950291,30876.0,180542.44179972302,2677,99599204,91584950,1171010,1157247,13345660,13435837,16099806,15259225,23115026,21863252,15281550,11270855,9222107,7484977,4153862,2613608,17210183,18499949
23,000039,2017-11-22,-0.017917675544794065,-0.01840193704600479,0.39031098837038913,35156.0,201800.32358209632,2801,159709376,101613843,1504143,823151,14912117,10690249,17913092,13896132,28782742,19602474,19146647,16870624,14409030,10916847,13261751,6190809,49779854,22623557
24,000040,2017-11-22,-0.03389830508474578,-0.03050847457627115,0.4217326665066436,5760.0,101782.51420106455,1224,18829276,18164773,587611,1882074,2787342,4010674,2870637,2367272,3693203,2923905,2514481,1162850,1347408,354640,1249061,935680,3779533,4527678
25,000042,2017-11-22,0.005836575875486361,-0.004539559014267169,0.8637233803744498,4635.0,23259.97810293821,318,2536774,751503,615986,271771,887329,322402,699279,157330,0,0,0,0,334180,0,0,0,0,0
26,000043,2017-11-22,0.004901960784313708,0.0009803921568629637,0.47168856824782057,17357.0,120601.1145014852,467,21282360,7489671,284645,304705,1464042,2020625,1943414,1754661,2640570,2224403,2252765,472645,1965696,302232,3540992,410400,7190236,0
27,000045,2017-11-22,-0.02169811320754722,-0.026415094339622636,0.32167456000159794,12540.0,71879.86004024553,1086,23190038,15858789,769088,1056027,4237274,4922589,4778559,4194471,4734405,2549051,2490982,1639946,2725365,0,426465,0,3027900,1496705
28,000046,2017-11-22,0.013333333333333197,0.014666666666666606,0.23370820257840969,3765.0,103145.3128094653,1031,10152549,11116249,1002685,976310,2651001,1495921,1515798,1822376,1096167,1326420,982494,491585,0,765325,0,0,2904404,4238312
29,000048,2017-11-22,-0.03306451612903227,-0.03508064516129039,1.2112322427552995,11950.0,41022.84465928945,419,4475027,5549551,491079,337346,1606237,1841667,1528931,1114117,848780,830869,0,706715,0,718837,0,0,0,0
30,000049,2017-11-22,0.006903353057199135,0.004536489151873768,1.1685646661920108,35945.0,147150.55644013445,1883,67464426,75691668,549352,704516,8740286,8365744,8516693,17877249,12650133,15923370,10003598,10084377,5807513,5430354,4295592,3636190,16901259,13669868
31,000050,2017-11-22,-0.007790077900779013,-0.013530135301353052,0.4290300537723839,119103.0,378229.8458275138,3235,415888366,328216880,560372,756469,9631247,10242532,16900359,16223941,43192072,40289572,55450564,43382410,37133806,35342933,30610069,30164947,222409877,151814076
32,000055,2017-11-22,0.01501501501501501,0.012012012012011963,0.17596223020137644,7529.5,94745.055824941,1434,24932040,22326840,1833602,820296,5830352,3661839,4846024,3810261,3486301,5625130,2406535,1723201,2009475,726649,1907397,0,2612354,5959464
33,000058,2017-11-22,0.06279620853080581,-0.0023696682464454666,0.23622435029139457,13312.0,64117.12909346117,1277,21663055,16281104,1284470,1282395,6946893,5675256,4871042,3299375,3149316,3604630,1474906,1120052,664141,669126,400673,0,2871614,630270
34,000060,2017-11-22,0.004807692307692291,0.0,0.1933316178519992,14644.0,140408.82938362285,2898,71042827,79732042,1786890,3292271,10515423,15373134,9508450,10348861,13863139,14039809,7242194,7119509,8014883,6557347,3031350,3989889,17080498,19011222
35,000061,2017-11-22,0.010471204188481575,0.007853403141361293,0.31144755624196363,6184.0,40334.82955566832,601,5677232,5758355,542773,957065,1647095,2072482,1697920,1217215,708431,878687,222241,246906,386000,386000,472772,0,0,0
36,000062,2017-11-22,0.008445945945945832,0.008868243243243201,0.7323933009346514,14256.0,92381.58170227252,1045,19669917,21321308,819779,974245,4603104,5463647,3236622,3842082,2893311,4075150,2903319,2963962,1028798,977805,1379580,418880,2805404,2605537
37,000063,2017-11-22,0.005509641873278293,-0.016528925619834656,0.6657498966808448,710652.0,1771646.5128556844,3600,2034218831,1978007299,7976,19892,311618,680957,3024767,5806012,17995471,22664323,26879695,38449035,43903445,50178370,56772407,58350247,1885323452,1801858463
38,000065,2017-11-22,0.0005104645227158588,0.0005104645227158588,0.48592801822017345,13758.0,92514.92019425659,1626,30449314,37306989,855637,2567081,5056980,7947120,6851087,7120094,6050063,8533630,4056543,4213652,1002219,2929072,2131447,499608,4445338,3496732
39,000066,2017-11-22,0.00983146067415741,0.002808988764044784,0.15323183700044912,23826.0,145672.83124549768,2163,72403327,70722426,1446935,1217878,14943413,8114381,12049847,10972303,11278743,12394777,8578073,4747968,9739819,6576132,2614854,8383676,11751643,18315311
40,000068,2017-11-22,0.010544815465729274,-0.0017574692442883233,0.25661946303280925,7436.0,43401.533036429646,491,6744571,4599198,385923,424298,1726779,1902244,1700237,1412484,817275,449618,1433844,410554,680513,0,0,0,0,0
41,000069,2017-11-22,0.004390779363337094,-0.001097694840834218,0.16008476394442328,45500.0,574900.7194370946,3247,324128240,322868025,1581902,1267063,12712199,12226985,16632273,13584174,32798134,28152589,23976577,23432362,20128481,12438669,23253119,15249506,193045555,216516677
42,000070,2017-11-22,0.0018814675446847673,0.0065851364063969076,0.2856265680060849,12930.0,64368.830138805584,1386,25630299,22161528,976253,1201984,7342185,5892476,4812308,3971205,6568876,4978636,2911467,2239965,1006106,1614208,0,457920,2013104,1805134
43,000078,2017-11-22,-0.006768189509306244,-0.010152284263959421,0.13339968589196952,12369.0,157766.4803106447,1967,50493929,39788889,1240381,1934184,7159015,8503091,9662211,8110710,5805968,6224556,5576277,3624344,2825898,2697821,1890215,2148471,16333964,6545712
44,000088,2017-11-22,-0.006002400960384291,-0.007202881152461038,0.29010438970636365,8350.0,84336.88082736757,824,17445796,9622306,1049283,900009,4086585,2411035,2947135,2609096,2774791,1121240,1680619,438377,1068633,0,1313571,903409,2525179,1239140
45,000089,2017-11-22,0.00330760749724357,-0.0055126791620728754,0.1795735223630253,11791.0,263054.6173154946,2554,54804430,94380330,941452,3550413,7065685,12001395,7069459,11924434,9250431,11382340,6981268,7642230,4290833,3418202,5385976,8053025,13819326,36408291
46,000090,2017-11-22,0.0019474196689386325,-0.0009737098344693162,0.23265261552473085,4120.0,68710.14341689197,1951,19063433,20214185,1705514,1707010,4440828,5773440,3154687,3956857,4179602,2785068,2917442,953941,702060,0,872500,416976,1090800,4620893
47,000096,2017-11-22,0.012801204819277157,-0.005271084337349241,0.7799469407576042,10608.0,31763.359326047408,289,3031055,3177304,344081,235636,1242316,942367,853154,1332005,591504,368946,0,298350,0,0,0,0,0,0
48,000099,2017-11-22,0.02072538860103612,0.01658031088082912,0.2800782550063339,8820.0,44081.50792057129,1187,10528304,18138703,1004471,2065326,3808658,4490050,1981989,4293517,1867589,4391082,1232008,1871263,633589,1027465,0,0,0,0
49,000100,2017-11-22,-0.012552301255230214,-0.023012552301255318,0.08048940698655005,108960.0,680256.4593624708,3549,558688630,576004124,719246,605574,10695698,11197785,21192146,24379734,40909884,53470429,37015845,45495159,26713480,40888387,28778322,28821354,392664009,371145702
50,000150,2017-11-22,-0.0065517241379310365,-0.012413793103448256,1.2554237081543334,8697.0,33376.6993752368,533,6402559,4586503,434894,647755,2233990,2342869,1166901,937284,1707616,658595,511638,0,347520,0,0,0,0,0
51,000151,2017-11-22,0.012327773749093662,0.014503263234227681,0.4698945724178858,15136.0,79274.81042823206,861,17215059,17259625,573446,823592,4313296,4214476,3127562,3051711,4142380,3207623,1268753,3439366,615381,2091307,0,431550,3174241,0
52,000153,2017-11-22,-0.007416563658838138,-0.008652657601977753,0.321180168649021,8060.0,114375.51963271895,634,10996809,6852994,654084,798618,3086417,1692616,1191717,697296,1404032,603453,517934,738696,706180,0,466900,890900,2969545,1431415
53,000156,2017-11-22,0.005952380952380931,0.0022321428571430157,0.4437888772016911,4038.0,58216.09449558039,917,11119277,7912112,545281,1203634,2171308,1871384,2046275,1345772,1930444,2350579,1420030,767624,1002770,373119,432387,0,1570782,0
54,000157,2017-11-22,-0.0022321428571430157,-0.006696428571428603,0.0905579928134397,5364.0,143920.60820021312,2458,59399655,34628125,3246357,1404135,9145718,4885993,6933076,4295953,7370156,6219022,6623442,5773009,2687855,1425110,3069266,1349252,20323785,9275651
55,000158,2017-11-22,-0.019473081328751474,-0.020618556701030855,0.25072694660962874,12885.0,81266.54740286585,1213,27843367,19695761,947935,1167282,5760422,5055671,4259930,4175403,5459327,4168822,4192761,1710276,707026,699620,1377843,837200,5138123,1881487
56,000159,2017-11-22,-0.007104795737122527,-0.010657193605683735,0.2713658350664645,7253.0,47085.66450829475,430,7741104,2671997,365611,356116,1643163,1180287,1344814,446899,2139378,261195,1552498,427500,695640,0,0,0,0,0
57,000166,2017-11-22,0.0035211267605634866,0.0,0.10745600693099167,23856.0,260704.9194604367,2806,135164657,110029460,2193973,1142319,12163061,10433226,14996869,15447156,19149209,20484322,13160632,12068685,5593741,8377198,3207056,4309360,64700116,37767194
58,000301,2017-11-22,-0.0032626427406198255,-0.019575856443719397,0.13168001794857168,18848.0,110481.16221121866,2172,74608108,41277445,1550186,1504022,11515448,8519257,12847598,8892897,15445549,9918184,8888734,3647493,5967748,3050313,4968655,1342697,13424190,4402582
59,000333,2017-11-22,-0.020142385830873466,-0.02621982983156812,0.9623353498190652,279251.0,1354840.565209712,3583,1163827897,1027496019,56921,51127,4356730,3907812,12354209,13299422,42109826,48018749,50219515,51474568,47924221,52321649,44867728,50784351,961938747,807638341
60,000338,2017-11-22,-0.010055865921787643,-0.007821229050279155,0.15074311690579606,94658.0,503256.1047554995,3533,419687032,441455562,757200,634459,14486938,11501442,26445897,20856782,49242005,44750740,38055139,37529654,30973764,23422202,23994525,30798720,235731564,271961563
61,000400,2017-11-22,-0.0006684491978610207,-0.005347593582887722,0.416654848548324,14840.0,90802.63350582794,1289,35493100,19448006,1079032,1135591,5649760,5036982,6243499,3883918,6037183,4591951,3461881,2148002,2582306,1998684,3200083,0,7239356,652878
62,000402,2017-11-22,0.0017921146953405742,0.0035842293906809264,0.21767867823853657,21413.0,127608.45311938922,2631,71927938,92587187,1495352,1615997,8548259,13330377,12100000,13506650,14990833,19007108,10035242,11594820,5137504,8773266,6828301,4482313,12792447,20276656
63,000403,2017-11-22,0.001195457262402888,0.0002988643156005555,1.4890411849240355,26772.0,237974.1617758432,504,19670575,20785837,264639,190341,2467809,2139994,3053739,1924346,3780484,3500211,2575110,2052522,1377856,2036722,904076,413280,5246862,8528421
64,000404,2017-11-22,0.0015673981191222097,0.0031347962382446415,0.24803016166114372,12940.0,131981.51823193944,661,16515189,16917961,775710,408517,2948694,2263269,2069669,2445213,4044174,3517660,1969432,465043,1374820,3012518,437342,474164,2895348,4331577
65,000407,2017-11-22,0.009271523178808083,0.013245033112582849,0.2890181829780481,13788.0,66722.6802698474,682,10496744,12759229,859742,447068,2855959,3048347,2650869,2873189,1911586,2278378,474392,1889606,0,305200,456000,1302180,1288196,615261
66,000408,2017-11-22,-0.020453289110005546,-0.02100608070757315,0.5025498951516756,19789.0,106624.86687665537,1296,37062756,37239500,880634,892310,6362915,5800541,6718457,5875927,9814322,6016430,3425704,3229723,4060383,9473333,2250475,2965951,3549866,2985285
67,000409,2017-11-22,-0.026438569206842955,-0.03421461897356137,0.21726527000681745,9420.0,78158.52749218236,876,19075813,8297903,508540,1120436,3478393,3213643,2247725,1767358,4262896,1301270,2536785,895196,2280507,0,439600,0,3321367,0
68,000410,2017-11-22,-0.049939098660170655,-0.02923264311814877,0.2414061347225629,12832.0,82335.76799546652,1157,26278783,16048159,1061310,1249451,5119248,4941362,4645451,3400050,4713228,3339390,4405592,1731018,1402177,714888,899822,0,4031955,672000
69,000411,2017-11-22,0.0167682926829269,0.012703252032520318,1.1682107806273143,9915.0,36800.35823977343,283,2710361,2697228,408752,326065,998924,777774,480722,551414,526463,762255,295500,279720,0,0,0,0,0,0
70,000413,2017-11-22,0.0010121457489877805,-0.005060728744939347,0.1761962243876046,49450.0,331178.18780528614,3148,225884198,224237867,1330416,1586822,12592834,14354487,19035966,17885686,29675551,35182901,26656279,26317824,19676943,26947385,13173704,16290386,103742505,85672376
71,000415,2017-11-22,-0.02083333333333337,-0.01602564102564108,0.13161408255080237,10523.0,124546.36226057167,2253,60043619,29213405,1843933,1784199,11048750,6305195,8937387,5802473,8162329,5575102,4284741,1943576,2904469,1007518,2680721,861455,20181289,5933887
72,000416,2017-11-22,0.009356725146198785,-0.009356725146198785,0.20979125740056467,17100.0,76522.28672354373,1664,37665243,30188365,1487941,1311901,8359002,8725533,7274205,5119979,7955910,6599284,6330064,3456758,2142392,1686901,1259988,493536,2855741,2794473
73,000417,2017-11-22,-0.004889975550122161,-0.007334963325183463,0.24723306427230382,4120.0,97311.772824291,1095,15182397,12956368,817188,1550388,2429194,3057353,2239428,2192852,1927688,1633790,1168882,1331103,745248,658153,1271691,1374964,4583078,1157765
74,000418,2017-11-22,-0.005750903713440669,-0.01445941505093662,1.4555257169609874,30200.0,108662.5004344696,1751,62116630,38797726,684440,1141517,9012892,9070877,15552877,6941720,15156482,7594980,8730975,3179032,2764682,1293325,1781821,0,8432461,9576275
75,000419,2017-11-22,0.003284072249589487,0.0016420361247946325,0.2871933416291431,4284.0,45245.80575699267,449,5227141,4578203,248882,875446,1345949,1037457,898841,909171,879369,1195306,1189180,560823,664920,0,0,0,0,0
76,000420,2017-11-22,0.08385093167701863,-0.012422360248447228,0.09173185528789807,6380.0,140202.5873688061,1237,24887918,13612788,1236103,1026334,4991193,3547436,3176077,3417984,4527616,2765369,1409621,1701348,323200,656816,884354,497501,8339754,0
77,000421,2017-11-22,-0.004672897196261738,-0.007788161993769416,0.2658250363736948,4480.0,35647.0851625532,583,5612132,4106272,574894,913608,1668865,1273296,1481748,945550,943321,684727,476480,289091,0,0,466824,0,0,0
78,000422,2017-11-22,0.007058823529411784,0.004705882352941115,0.15298532835393788,8560.0,62109.12777766119,772,9894807,11530572,887614,752588,3029871,2590352,1761013,2189763,1314736,2849627,952052,1626529,0,665141,0,856572,1949521,0
79,000423,2017-11-22,-0.010140405616224535,-0.015600624024960874,1.176587115185931,57375.0,264495.6057826862,2968,236017867,161565968,773058,1265919,10116027,13515093,19005513,19820755,43993848,30352091,25226492,13862076,22266414,12571776,11590294,14549719,103046221,55628539
80,000425,2017-11-22,0.0,-0.005181347150259086,0.06738415498932436,24412.5,223162.26879417407,3312,158316074,119006884,3007120,1247982,19009872,12094306,15613277,13486860,25545332,20841148,18132637,10675780,10787947,11677056,8391661,9617652,57828228,39366100
81,000426,2017-11-22,-0.011458333333333237,-0.01666666666666672,0.2390585524870833,7584.0,53782.472229819534,1615,21955080,15118433,964873,2096457,8076039,4665817,2742693,3200804,3647227,2528848,2220788,1006721,991756,1056436,1346208,0,1965496,563350
82,000428,2017-11-22,0.007317073170731714,0.0024390243902441266,0.21267807926682136,6225.0,181533.56279435774,372,6804777,5983876,346119,416490,1016108,1318123,689874,797429,927328,491874,448548,0,0,0,0,0,3376800,2959960
83,000429,2017-11-22,-0.0050441361916772065,-0.007566204287515754,0.24231275384570236,5516.0,95751.66433380794,1071,17119410,10776426,805856,886985,3181872,3703043,2581728,1506612,3661485,2532906,1412443,1145820,0,0,476922,480320,4999104,520740
84,000430,2017-11-22,-0.009868421052631526,-0.005482456140350811,0.5887874761233506,9120.0,37176.74887607245,239,3136120,1473380,329970,215420,1292962,811766,820552,122342,239636,323852,0,0,0,0,453000,0,0,0
85,000488,2017-11-22,0.01189060642092743,0.008917954815695461,0.30862620636859095,51194.5,226415.7557921448,2972,167338394,189205539,1331715,869015,14183955,10692607,17532473,21702765,28769594,35075002,20841017,22056445,19313182,13824808,12883942,11030825,52482516,73954072
86,000498,2017-11-22,-0.02522255192878342,-0.03115727002967361,0.14037510594588717,6030.0,53766.12306262572,2311,31149808,20487300,1846603,2185660,8682454,7112310,5178858,3457182,6932655,4522209,2093041,750545,2778217,1412740,436260,401534,3201720,645120
87,000501,2017-11-22,-0.0063583815028901425,-0.009826589595375856,0.47945111103216775,6870.0,71281.73409220848,1304,27325886,13691795,831333,1647275,4026841,3318950,6084164,3359284,6730368,2038613,2475966,1897763,2768109,326230,835446,436000,3573659,667680
88,000502,2017-11-22,0.004397537379067895,-0.0079155672823219,0.5349340986507244,11390.0,61950.97299425356,451,7678498,6313868,439300,374713,1663160,1976454,1097960,730245,1617266,1166113,1498204,295001,1362608,1771342,0,0,0,0
89,000505,2017-11-22,-0.008016032064128265,-0.01603206412825653,0.37339974264837017,12675.0,80610.6794759,714,17258525,9530938,734834,800472,3557648,2756834,3365690,1354620,2489851,1300344,2501555,1152492,3657077,0,951870,495500,0,1670676
90,000506,2017-11-22,0.01913265306122458,-0.015306122448979553,0.2752886893034256,8514.0,66364.93979704508,811,13975375,10102088,696801,843915,3121632,2633722,2388042,2811460,3514632,2065741,996891,454120,316200,323490,845486,419440,2095691,550200
91,000507,2017-11-22,-0.004970178926441471,-0.008946322067594381,0.2293834232231355,16974.5,87426.04637060977,1924,48242223,33873226,1485568,1831785,9826626,8789493,8289048,7700298,10598505,7872211,5759177,3658861,1886606,1379610,2191255,913960,8205438,1727008
92,000510,2017-11-22,0.04102564102564088,0.0038461538461538325,0.2835839311278993,10088.5,67144.64597052323,756,10433841,10764630,929199,697309,3152056,3135582,2112220,1441911,1533747,1416523,1670870,1476900,625485,750495,410264,0,0,1845910
93,000513,2017-11-22,-0.020473537604456804,-0.017270194986072407,1.3084899809644324,72700.0,237909.8257247726,3013,233677451,180023667,899949,909651,11778752,9813995,26708117,17476965,50168875,32723411,35779451,25954198,20912875,16261380,14416058,13406869,73013374,63477198
94,000514,2017-11-22,-0.01477104874446078,-0.016248153618906858,0.21685563454229545,6690.0,47433.90407473144,975,13802682,7425648,636920,1088193,3410207,2721233,3336925,1633778,2594855,937910,1563063,200100,1324112,367950,936600,476484,0,0
95,000516,2017-11-22,0.03285420944558526,0.004106776180698102,0.15973966745832033,12740.0,122844.69387644697,930,29174925,20690756,861886,855521,4022790,2797605,3523691,2614309,6933870,5188935,4474938,3331963,1345995,696764,1304340,928510,6707415,4277149
96,000517,2017-11-22,-0.017587939698492372,-0.012562814070351758,0.14193111313064138,3168.0,38170.174582348416,787,7785842,3964943,619083,726360,2894454,1574729,1195133,944305,1412908,257004,540930,0,665190,0,458144,462545,0,0
97,000518,2017-11-22,-0.016320474777448135,-0.016320474777448135,0.3055348602543842,6710.0,56696.57101687978,486,8517019,3806764,462447,574172,1944971,1391442,1217906,869912,1977760,971238,763404,0,667587,0,958904,0,524040,0
98,000519,2017-11-22,0.027878787878787836,0.032727272727272716,0.1826313737013511,19205.0,89045.1248356571,2043,45234804,56028296,1660551,1600236,10113148,9941510,8511593,9889139,9616491,13634156,6134439,9247026,3341827,4492791,2229700,2207077,3627055,5016361
99,000520,2017-11-22,-0.00877192982456143,0.0,0.15028103532369586,6810.0,101364.7688019009,921,12950079,14485729,895771,809428,3711329,2907317,2784174,1679906,1813240,713064,1678869,921555,684762,1729823,881798,906559,500136,4818077
100,000521,2017-11-22,-0.010968921389396646,-0.01645338208409508,0.18376526940741086,13020.0,78747.28544268671,886,20316873,11261196,672373,794432,4760497,3729030,2570727,2739281,3760999,2046329,2794349,937818,1761683,0,875452,454440,3120793,559866
101,000523,2017-11-22,0.016241299303944468,0.012761020881670637,0.34581178016312125,9493.0,43621.062639839496,621,7760187,7068206,662940,664474,3065947,2606971,1580367,1278155,1636211,1565944,0,220116,347200,329220,467522,403326,0,0
102,000524,2017-11-22,0.013605442176870763,0.003401360544217802,0.42093894919341984,5950.0,45139.25820665903,780,8700485,6698398,1182915,407881,2984380,1915165,1652207,1803995,1480451,1178916,495956,775443,0,0,904576,0,0,616998
103,000525,2017-11-22,-0.017484008528784623,-0.020042643923240844,0.5458861872910037,18576.0,110235.15290248333,1846,54469448,43559818,1127318,1676629,7870636,8645497,8129928,6648942,11443860,7023171,7738209,8017252,4446907,2689758,5077688,1791317,8634902,7067252
104,000528,2017-11-22,-0.008838383838383868,-0.012626262626262541,0.16462997239343927,10244.0,67567.03393295784,2318,41769115,21120125,3065586,1118700,13065388,8636669,7457986,4044206,6356325,2113576,2521826,1303000,1834873,1485820,0,901682,7467131,1516472
105,000529,2017-11-22,0.00832177531206657,0.00554785020804438,0.25315929307231605,4368.0,65754.58115990745,811,11256916,6717825,664350,712132,3154386,2156040,1945134,1138371,2720519,905961,626207,510348,0,0,430800,400026,1715520,894947
106,000530,2017-11-22,0.005172413793103514,0.0034482758620690834,0.23510946784014206,8752.5,70308.83194109813,608,8259881,10619800,426462,594763,1966197,2183574,1653355,1553427,2091738,1101303,760366,1253374,1361763,1734296,0,444479,0,1754584
107,000531,2017-11-22,-0.017281105990783474,-0.02188940092165892,0.2860848775245963,9614.0,75580.40394363015,921,18336193,9804044,1083851,885669,4455719,3169378,3934594,1852064,3198886,2076013,2256163,727170,1219458,615482,467522,478268,1720000,0
108,000532,2017-11-22,-0.0025188916876573986,-0.005037783375314908,0.5301221855424543,11940.0,62456.4414840677,504,9832786,6223102,484817,419481,2715712,1738355,1974017,1464344,2124539,1382352,499264,503370,1069673,0,964764,0,0,715200
109,000533,2017-11-22,0.011351909184726727,0.003095975232198178,0.4787585858633549,10758.0,139929.190449002,409,8766338,9983995,385327,505683,1874961,1203000,2027008,589281,2948390,1221090,711518,294600,354536,713070,464598,455832,0,5001439
110,000534,2017-11-22,0.002067539627842896,-0.001378359751895264,0.8099960931377617,14575.0,65538.46424410456,320,6059567,2674089,333873,146059,1881166,1983147,933589,544883,1386299,0,0,0,0,0,0,0,1524640,0
111,000536,2017-11-22,-0.00990099009900991,-0.013861386138613763,0.1389667475785262,14128.0,34007.89967109756,1323,17721958,4751915,1685273,602037,9047984,1914163,2033931,1507370,1768642,483845,1007017,244500,1663081,0,0,0,516030,0
112,000537,2017-11-22,-0.016447368421052655,-0.005921052631578938,0.31922189737951606,25056.0,185825.17551109637,2273,90030344,86672001,919017,1469511,9128088,12772637,10717315,12075064,15737452,17113996,8410177,9027959,8747022,6134445,5778954,3676182,30592319,24402207
113,000538,2017-11-22,-0.008628954937679678,-0.017545541706615486,1.905409552201432,103400.0,460282.71967816487,2999,365001138,281194430,7263,7227,10241911,8184606,19869544,15736643,47662011,36627131,39966353,31132224,29806640,24412485,25743763,17407167,191703653,147686947
114,000539,2017-11-22,-0.003960396039603853,-0.007920792079207928,0.1809108287346303,2012.0,53613.60909097566,779,7204436,3034172,920235,183841,2215070,1198235,1075459,589091,1070566,737925,242949,0,0,325080,415716,0,1264441,0
115,000541,2017-11-22,-0.007164790174002067,-0.02149437052200609,0.19293359560503792,31136.0,234477.41729498043,2567,129442002,85873331,1889081,1566395,12625796,10760539,15987668,13838211,28723978,17695399,15338364,10577250,8978605,3105864,7438394,3388934,38460116,24940739
116,000543,2017-11-22,-0.005780346820809301,-0.005780346820809301,0.16439760948646162,4136.0,99672.4787857487,997,15831694,12499937,1061031,546356,3000862,1643586,2301773,1220479,2212001,2602007,2400026,1146921,631074,341737,860688,1437354,3364239,3561497
117,000544,2017-11-22,-0.009433962264150941,-0.01474056603773588,0.5377419351094982,10086.0,66943.36274178764,994,17048874,13007146,1387523,722062,3625488,4432402,3020569,4197948,3709025,2452708,997657,520330,1083584,681696,0,0,3225028,0
118,000545,2017-11-22,0.0039525691699606735,0.0,0.15902567660495956,5090.0,74240.17692895264,1013,14501711,10621479,870065,724378,3506036,2410011,2111504,1972868,1589612,2728117,2735968,988823,347622,1347702,0,449580,3340904,0
119,000546,2017-11-22,-0.03374054682955219,-0.022105875509016992,0.48373000642675057,19812.0,93802.25893279284,1265,33778758,25954599,1024426,817692,5740548,5617691,7365531,5920903,6071932,6627938,3985460,3114716,3057426,1741997,417956,917748,6115479,1195914
120,000548,2017-11-22,-0.011922503725782407,-0.014903129657227954,0.2791903903135182,7381.0,61576.13406254454,577,10543849,3531497,493925,470017,2927334,1448018,1814615,742625,1710765,670137,531730,200700,1072480,0,0,0,1993000,0
121,000550,2017-11-22,-0.0011554015020219799,-0.0046216060080876975,0.6848343528692052,13820.0,47754.83934221935,638,9656710,6878612,609428,474372,3202503,2753898,2665551,1580520,1462040,764257,783075,460218,0,310967,934113,0,0,534380
122,000551,2017-11-22,-0.010514018691588745,-0.014018691588785215,0.4005374294359937,14399.0,68714.34251053157,456,9255107,6994942,472843,423966,2088414,1953080,1934532,1778547,2577558,878830,543138,707341,0,680457,889066,0,749556,572721
123,000552,2017-11-22,0.0,-0.008547008547008517,0.10302466393677262,2464.0,61501.074500328876,1165,11965713,8586342,764179,958446,3436016,2568668,1169972,1249127,1788333,1408331,438150,1275762,1809013,685854,0,440154,2560050,0
124,000553,2017-11-22,0.006707317073170849,0.0,0.345262020901083,21658.0,99976.60736794972,2257,56637359,60295531,1025815,2185104,10187600,13743651,12390270,12598114,14643949,12128439,3493310,4914796,4428387,2913780,1846650,3110877,8621378,8700770
125,000554,2017-11-22,0.018564356435643692,0.014851485148514865,0.23864332018515905,15846.0,109724.48498904366,1147,25668902,30110749,1159076,1193570,5373485,4483299,4048939,4479234,4264451,5150485,3073856,2880197,2363339,2679337,1727535,2180160,3658221,7064467
126,000557,2017-11-22,0.03285420944558526,0.03490759753593431,0.11151058696185435,6192.0,61467.22959332076,1917,22865717,27593979,1270190,1823265,6669842,6004539,3923872,5482850,5415455,5644715,2679082,3888700,652050,1445886,499927,438600,1755299,2865424
127,000558,2017-11-22,0.00907441016333932,0.007259528130671544,0.16376611669526936,6671.0,54680.24279260148,1133,12321179,16783775,951703,1043445,4041646,3875383,2645839,2535664,2789616,5627667,1418454,1947889,0,323259,473921,413294,0,1017174
128,000559,2017-11-22,-0.05368516833484982,-0.05095541401273895,0.20638417649536991,30769.0,220145.0559997369,2839,148258112,100143536,1238272,1523120,12294313,13956863,15930819,14555718,25305036,20198685,17452188,10727392,11633568,9852477,10032339,3039010,54371577,26290271
129,000560,2017-11-22,0.015447991761070812,0.012358393408856694,0.24619889908832232,19480.0,148394.0431096576,1557,45684310,44115466,1336845,1277845,8106711,6805804,7576894,6073833,9939528,8079957,5745846,3707410,3767583,3102694,2265399,3554625,6945504,11513298
130,000561,2017-11-22,0.022700119474313274,0.017921146953405076,0.2526365318704129,8555.0,37932.29710155659,1098,10799827,12123936,1046083,1456895,5027612,3696611,2305487,2599701,1935017,2834877,0,481972,0,1053880,485628,0,0,0
131,000563,2017-11-22,-0.0020618556701030855,-0.00412371134020606,0.11944159989362094,11688.0,98788.15805977068,1653,35248514,29080566,1692098,1619474,7376220,8026536,3939554,5301126,4300201,4663012,3231944,3956053,2083212,992310,2652273,2754490,9973012,1767565
132,000564,2017-11-22,-0.013752455795677854,-0.017681728880157177,0.14252100354412128,7605.0,163696.44879351143,1278,40505018,26207143,929707,964086,3742175,3935364,2799501,2118774,2744399,4229928,2145674,9750431,4320054,688475,4916001,1706221,18907507,2813864
133,000565,2017-11-22,0.0026109660574411553,-0.003916449086161955,0.30998430012866196,7645.0,44335.16795805847,610,7495557,4631882,619774,452635,2536140,2220027,1875472,956648,1226212,297376,469899,705196,0,0,0,0,768060,0
134,000567,2017-11-22,-0.054400000000000004,-0.02959999999999996,0.7945147222763631,24250.0,82542.28813693236,990,25199914,13071005,532345,869033,6874091,5470129,4464935,2481850,4159651,3195193,2964519,489800,672500,0,484200,0,5047673,565000
135,000568,2017-11-22,-0.030237890513040933,-0.03912295786758391,1.2162564725628686,95921.0,522075.30609069596,3294,477341073,323065991,599568,788089,11717495,11332422,17709824,20067171,40159967,41513115,39650633,28521363,36514208,26780895,33667048,21367057,297322330,172695879
136,000570,2017-11-22,0.008431703204047292,-0.006745362563237767,0.2873770694909462,7104.0,60213.75193879686,425,5035974,3977417,222246,561810,1760031,1860785,635889,841122,1036760,713700,0,0,307248,0,0,0,1073800,0
137,000571,2017-11-22,-0.015100671140939603,-0.028523489932885893,0.1582854692441931,11810.0,83255.38845574707,1420,32582971,20583131,1089596,1479340,5888651,5734144,7188436,4978368,6163966,3540563,3813622,1538707,684117,671023,963218,862140,6791365,1778846
138,000572,2017-11-22,-0.0062893081761005165,-0.0062893081761005165,0.1458946049074905,7584.0,68352.60532599858,1070,17264362,12037985,1290639,1021118,4565530,3815260,2927803,1659644,3051293,2326555,1205080,1237005,1937267,331800,957450,442178,1329300,1204425
139,000573,2017-11-22,-0.007751937984496138,-0.0019379844961240345,0.23989036092066102,8019.5,47899.73714262987,462,6287773,4741663,379119,440733,1978221,1369449,813351,1354709,1137728,1053602,846842,523170,696033,0,436479,0,0,0
140,000576,2017-11-22,0.00240963855421672,-0.002409638554217053,0.9209107140270856,11637.5,143303.53560310547,324,4200398,17091835,350385,314259,1728387,804539,778861,873024,470805,581947,209160,2018267,0,2356865,0,3992602,662800,6150332
141,000581,2017-11-22,0.0,-0.01449275362318847,0.48900020209869793,96880.0,430857.5527128187,3187,407417956,267372458,540109,614370,11793942,10205579,21201215,16258633,46723859,37750690,36211163,33503910,39734892,30584884,27856878,21918753,223355898,116535639
142,000582,2017-11-22,0.0092592592592593,0.0009259259259259967,0.2982938579906326,11946.0,47998.1578690842,1311,19354304,18535080,1026907,1152725,6328299,6707085,5008691,3347104,4712031,4744628,921812,1269358,741475,309738,0,461942,615089,542500
143,000584,2017-11-22,-0.004723346828609976,-0.004048582995951455,0.38957650354037193,29480.0,188582.50232714613,1448,57479415,48904640,947461,502427,12166123,4379744,10963444,4972572,12016547,7391215,2777435,5876939,4433293,2066244,1804394,2226300,12370718,21489199
144,000586,2017-11-22,0.025960539979231534,0.02388369678089286,1.0221506846927289,19050.0,120043.05285889415,355,6367371,17551872,370976,264631,1598298,649589,1427618,1420434,1943039,2932980,1027440,2157267,0,4170841,0,2660650,0,3295480
145,000587,2017-11-22,0.004566210045662045,-0.0015220700152207556,0.1752865454930117,29475.0,103801.72387118393,1411,56598654,34050149,688777,744616,5206172,6965781,13036761,3423891,27216429,5268311,6849979,5242962,1810255,3685830,422475,460680,1367806,8258078
146,000589,2017-11-22,-0.006250000000000089,-0.004166666666666541,0.26118652221574656,6706.0,36901.8770720097,337,4373693,2469908,377305,333657,1348228,831801,1064371,569504,1117259,522306,466530,212640,0,0,0,0,0,0
147,000590,2017-11-22,0.005555555555555536,0.008333333333333304,0.7113225435770685,14420.0,48413.20848800704,409,6393595,5995238,414758,222983,2108381,1753927,1015101,1470580,1654931,1816432,450768,414496,335800,316820,413856,0,0,0
148,000591,2017-11-22,-0.018731988472622585,-0.02449567723342949,0.13623638730264911,29240.0,183095.02752352037,2601,110158725,97049183,1410013,1486888,12433692,12092472,14757932,15539554,22412903,19404826,16478159,10337477,8933341,9714741,4728756,4911198,29003929,23562027
149,000595,2017-11-22,-0.0037453183520598232,-0.0074906367041198685,0.16873299742204018,8600.0,37474.77462077463,1002,12924743,9618932,985927,1033375,4055760,3303556,3238028,2176519,3229205,2630038,1031317,475444,384506,0,0,0,0,0
150,000596,2017-11-22,-0.02389678932707806,-0.02726872892537746,1.398183131610696,39798.0,280295.9565397268,2381,173080953,95395787,1066073,1929991,10266285,12306027,15948387,12755604,20323723,15548962,14655284,8992071,10860502,14902559,9374537,4839216,90586162,24121357
151,000597,2017-11-22,0.0008244023083263663,-0.019785655399835123,0.2596344894371597,13299.0,128074.0723169267,2185,72926080,34054957,4783247,772799,12567419,5979898,9886709,5852977,12160217,8524572,7649597,6009358,6357724,3191804,1766052,1700538,17755115,2023011
152,000598,2017-11-22,-0.003616636528029016,-0.003616636528029016,0.137590819612423,9384.0,135963.38063379124,1618,45345797,25538301,5044145,890954,5661399,4650410,5597432,2826715,5845667,2580786,3225010,2032683,2454669,1022936,2259639,902350,15257836,10631467
153,000599,2017-11-22,-0.0033333333333332993,-0.0033333333333332993,0.23744575099388174,5990.0,47598.58260848731,638,7407088,5613761,632776,448137,2712524,1466490,1435022,816130,1557449,1065162,0,1424482,0,393360,495600,0,573717,0
154,000600,2017-11-22,0.010650887573964374,0.014201183431952868,0.22424133513053604,15156.0,179839.27730538585,1421,33565286,37549851,1363077,1260440,6707589,5926639,5471824,5117966,6781267,5134013,5473583,3875327,2464881,1106966,1697447,2637073,3605618,12491427
155,000601,2017-11-22,0.0013458950201885589,0.0013458950201885589,0.2716211921162162,7470.0,73421.02281727555,748,14155352,5721150,982046,703499,3108994,1452399,1709292,888216,3022555,2445341,1693761,231695,1339404,0,817300,0,1482000,0
156,000603,2017-11-22,0.0,-0.003424657534246478,0.4440940996737782,11640.0,50686.61596885997,691,10644441,8660606,537481,577225,3466717,2897630,1978969,1861292,2478229,2317215,519154,201891,644484,394108,466032,411245,553375,0
157,000605,2017-11-22,0.010266940451745254,0.007186858316221789,0.6315292985628831,11664.0,48382.297573932105,951,14308910,11300483,1170636,980203,4582608,3973903,3099489,1763136,3817388,1238300,886749,2215308,752040,682053,0,447580,0,0
158,000606,2017-11-22,-0.009594882729211274,-0.015991471215351827,0.45469536309268993,9270.0,61748.93924920666,425,7832375,4407160,377388,538880,1681363,1814143,1225900,1265466,1444978,0,864816,788671,314840,0,1385000,0,538090,0
159,000607,2017-11-22,-0.016925246826516194,-0.008462623413258097,0.36328995596529107,8484.0,46088.98052538154,380,6104817,4098271,356228,504209,1295184,1607467,1478335,492548,2178142,698185,452672,442362,344256,353500,0,0,0,0
160,000609,2017-11-22,-0.004566210045662045,-0.010958904109588996,0.4908759186186744,11040.0,95896.86149767436,497,10651859,5811570,304524,401008,2377869,1666990,1878987,1135381,2638635,208287,1067471,723772,303869,305244,850659,0,1229845,1370888
161,000610,2017-11-22,-0.009181331293037553,-0.007651109410864554,0.6110080664133688,10432.0,80129.96472547704,457,8880035,6084970,308427,513363,1672585,1742274,1721429,1219765,1916656,740558,540248,0,674530,352890,863560,0,1182600,1516120
162,000611,2017-11-22,0.014025245441795287,0.009817671809256634,0.43815918462857784,7909.0,78516.89371645889,264,3871694,3272140,278260,171659,1246031,586615,767903,187011,693242,840466,526258,429310,360000,0,0,0,0,1057079
163,000612,2017-11-22,0.0020100502512563345,0.0010050251256283893,0.31925059589573407,9970.0,58906.76581398198,971,12572083,14444118,891071,1429497,3627297,3668979,1967978,2725816,2507859,2346505,1744369,1651165,329010,617370,997499,1369786,507000,635000
164,000613,2017-11-22,-0.0012690355329948444,-0.005076142131979711,0.3898502384010965,8239.5,53387.92467734784,408,6192612,3631691,423540,403138,1814304,1572303,1414872,411110,711100,551652,517022,299488,741500,394000,0,0,570274,0
165,000615,2017-11-22,0.0010020040080160886,0.0010020040080160886,0.208139274479371,22793.0,92749.80712390551,2302,56954087,56739566,1828329,1606379,12455563,10717241,15257805,11217191,13112415,14659190,5514211,5445534,4232009,1702060,944033,2214948,3609722,9177023
166,000616,2017-11-22,-0.0051948051948051965,-0.010389610389610393,0.13190853654635615,4572.0,100090.66959719929,853,13820315,11257741,553661,1057387,3074381,2440731,1656092,1426787,3055357,2304264,1016420,739953,1024452,1102433,1415906,0,2024046,2186186
167,000617,2017-11-22,-0.009914077990746839,-0.009914077990746839,0.48026345753615335,7490.0,35583.062317935284,993,10248047,6760196,1003546,700998,3557000,3011657,2043955,1571684,1776181,1216947,437698,258910,992251,0,437416,0,0,0
168,000619,2017-11-22,0.0012210012210012167,-0.003663003663003539,0.4202245674327297,9792.0,54323.26330572553,379,6143756,4816254,347006,389961,1807888,1235828,1278379,907618,1360271,1079336,983012,719819,367200,0,0,483692,0,0
169,000620,2017-11-22,-0.0016181229773462036,0.0016181229773464256,0.2551774934836231,3726.0,25989.664329446026,586,3515850,2543816,646624,1014558,1232547,863453,478072,174038,796459,182633,0,0,362148,309134,0,0,0,0
170,000622,2017-11-22,-0.009345794392523366,-0.01121495327102795,0.29928219009142976,10580.0,117131.95991851269,319,7592162,4741981,196845,256827,1385198,1064247,1094443,551619,1392917,1121811,552800,265500,379439,304750,470110,0,2120410,1177227
171,000623,2017-11-22,-0.006902151847340554,-0.01380430369468133,0.4454717893878604,78080.0,360646.3318356818,3058,321564301,240891742,920544,882424,10612942,11819653,17886293,17083973,41460293,34440912,36878564,30324521,30148337,23382623,23020567,19859118,160636761,103098518
172,000625,2017-11-22,-0.006741573033707815,-0.0074906367041198685,0.2479760564129171,26580.0,126805.96997396977,2900,105162098,68923282,1208198,1353586,25316019,12944784,17448735,11018144,18556172,13636492,10733969,7111421,8960534,3458053,4971000,1763334,17967471,17637468
173,000626,2017-11-22,0.011811023622047223,0.0023622047244096223,0.37703073889867694,12940.0,55642.420051864756,1135,16543495,17103067,887262,995127,5431442,5538433,4314971,2964502,3220717,4678911,1714584,2188316,351624,325296,0,412482,622895,0
174,000627,2017-11-22,-0.01532567049808431,-0.02777777777777768,0.18294260117025143,72240.0,315510.9061867179,3264,291060535,262359885,999275,964054,11642587,11954331,18867946,16373393,41113929,41429379,35479857,34486003,23380296,24566205,22413162,22016028,137163483,110570492
175,000628,2017-11-22,0.003225806451612856,0.010752688172043001,0.289443941859391,11986.0,57757.371351034984,1033,16948533,12212215,898275,1126226,4909727,4661116,3738203,2784854,3744999,1797043,986448,271904,337590,368416,465000,0,1868291,1202656
176,000630,2017-11-22,0.007407407407407307,0.007407407407407307,0.054182467025138396,6528.0,158832.83066307698,2520,34805153,59419204,1715020,2442294,6458053,10198185,4538705,8039605,3729250,7623319,2818108,5095467,2013079,1789925,426289,1358138,13106649,22872271
177,000631,2017-11-22,-0.019565217391304346,-0.019565217391304346,0.10481426643052547,7760.0,62021.05374954371,1934,33737141,20895678,1891719,1383846,10105267,3809962,6538284,4068917,7918296,4297302,3294237,1680720,1769382,1041280,887742,2724863,1332214,1888788
178,000632,2017-11-22,0.012861736334405238,0.020900321543408262,0.2956703313153029,5072.0,93153.74529337467,443,6260074,8309248,503326,288349,1597933,430756,312472,679288,1322383,1713472,700322,1627570,1376400,1047920,447238,403221,0,2118672
179,000633,2017-11-22,0.01965065502183405,0.007641921397379958,0.31812693322376584,10263.0,42984.158866226004,829,11066834,8822360,959844,871788,4349580,3255446,2620135,1913858,2088045,1892000,494830,580318,0,308950,0,0,554400,0
180,000635,2017-11-22,0.001965923984272644,0.00589777195281771,0.5532940476373929,12216.0,69876.2874435721,760,11680320,9097546,711549,867430,4121423,3017736,2395824,1913381,2116176,952108,465961,297984,303077,663552,813550,0,752760,1385355
181,000636,2017-11-22,-0.0208835341365462,-0.026506024096385583,0.22302293834234885,70876.0,384338.6447414894,3129,321873936,238784358,933539,888011,11947438,10056167,19149334,16243286,42653528,35727872,32708481,27867832,26508849,22008608,20216329,13288003,167756438,112704579
182,000637,2017-11-22,0.0,-0.0034071550255537764,0.23284345151226782,5265.0,42374.60055842002,635,6757865,4557831,823318,441526,1810111,1489961,1383249,895655,1920003,1005445,234184,0,0,307524,0,417720,587000,0
183,000639,2017-11-22,0.028161530286928915,0.022316684378320906,0.47029919200442144,19280.0,104033.32612680047,1603,34745111,43889590,1348785,1048503,7498291,8835948,7852400,6915419,6740765,7289747,2388989,5397384,2466635,4014732,937495,3670842,5511751,6717015
184,000650,2017-11-22,0.0,-0.0017857142857142794,0.2055424309317129,7839.0,55733.807441512225,742,9642381,8305273,621336,758242,2259637,3506616,1161095,1216645,1922730,913576,1455586,498790,1343917,335478,878080,430776,0,645150
185,000651,2017-11-22,-0.010447137484329239,-0.01859590472210615,0.7982982281675927,420347.0,2122598.3597899955,3595,1805125797,1492077910,18944,95013,1445279,2054031,8350055,11179121,30059161,36852872,47957508,52542373,58194357,64071698,55634644,55212055,1603465849,1270070747
186,000652,2017-11-22,-0.008264462809917328,-0.004132231404958553,0.17364255609181817,6776.0,69849.00976157907,777,11732951,8946877,843097,816575,2872593,2967149,2060021,1241441,1332108,1366610,1899278,994124,305694,1074978,480000,486000,1940160,0
187,000655,2017-11-22,-0.0027855153203342198,-0.0069637883008356605,0.2545864922378699,7160.0,51566.53625041097,795,12341606,8220175,708291,440251,3330942,2101327,2398104,1910209,2527289,1995774,1526937,1415614,1330965,357000,0,0,519078,0
188,000656,2017-11-22,0.0043290043290042934,-0.0021645021645021467,0.1254585759254084,7887.0,81734.48346471858,1359,19394646,20781774,1200866,2102545,4588550,5165359,2944705,3124035,1978592,4371937,1874949,1376238,329440,1022839,2358871,1367473,4118673,2251348
189,000657,2017-11-22,-0.008863819500402825,-0.005640612409347323,0.4326778917426374,8599.5,37357.23231400767,822,9021186,6892748,844172,726408,3763670,3065389,1442365,1341716,1874991,1026339,481988,732896,0,0,0,0,614000,0
190,000659,2017-11-22,-0.023076923076922995,-0.02051282051282055,0.1803847475640078,11550.0,106907.21636597498,467,13849786,6632691,400031,278873,1955455,1994673,1772471,1598917,2933233,1881840,1026740,212520,1730213,665868,457200,0,3574443,0
191,000661,2017-11-22,-0.017242299685047868,-0.027651737575401736,4.480205918081581,55365.0,291228.4519649732,1751,157416080,75015629,7406,19536,7954628,8021084,15664225,9546374,22675384,13152767,15847919,10049706,11908827,4873576,10628911,3886973,72728780,25465613
192,000662,2017-11-22,0.03655172413793095,0.020000000000000018,0.40195564079230306,19266.0,132848.90318966203,1305,34581037,28036036,854672,695925,7084721,6430783,6857653,8667196,5707462,2241031,2355438,1786100,1102204,1309640,3119567,480363,7499320,6424998
193,000663,2017-11-22,-0.0029069767441860517,-0.0046511627906975495,0.7509823840215281,15507.0,111137.23743821275,524,17378908,6628254,590785,273078,2533297,1963949,2320948,953896,1933120,1275458,1505826,686652,2025522,718386,1881666,0,4587744,756835
194,000665,2017-11-22,0.0009689922480620172,-0.0019379844961240345,0.3952701531429382,12360.0,74666.10382458002,681,13805185,10530690,490119,616494,3880268,2161888,1957006,1302192,3119858,1483972,1739800,1685168,617400,1059208,898031,920531,1102703,1301237
195,000666,2017-11-22,-0.014381099126861696,-0.022085259373395005,0.47595269479732855,19250.0,239975.4191887806,1674,69823126,46401367,1447980,1346600,7189992,8317453,7210887,7925639,7107985,9529399,5679338,3972332,2807003,2751140,4090536,1328525,34289405,11230279
196,000667,2017-11-22,-0.003236245954692518,-0.003236245954692518,0.08459195331358497,3684.0,50783.60659761325,1341,13807073,6520201,1530309,1166998,3902087,1965450,2054175,1222820,1459581,1735325,720783,429608,1332102,0,428428,0,2379608,0
197,000668,2017-11-22,-0.0032829940906107247,-0.006565988181221227,1.197196144363317,15130.0,80735.82143473544,161,3097704,2186639,155278,104524,639348,384945,521713,667758,646822,430228,249975,0,302480,0,0,0,582088,599184
198,000669,2017-11-22,0.0029218407596787177,-0.0007304601899196239,0.41580620065520374,13770.0,123776.97764090281,1084,24479463,25406016,704720,1132925,5498148,4583398,4667756,2872420,4829752,3613896,2887867,2229050,659926,1413122,2624969,414176,2606325,9147029
199,000670,2017-11-22,0.036918138041733384,0.022471910112359605,0.11772133665541429,26950.0,153910.54114782216,2810,78419614,99394797,1755469,1772495,15237666,13550764,16405532,14802982,17113725,20620811,10704107,11187641,7313426,8825835,4005070,4877138,5884619,23757131
200,000671,2017-11-22,-0.001481481481481417,-0.007407407407407418,0.13126031865716364,21018.0,232894.46340997113,2654,140791197,102471157,1656218,1683523,11633672,9543441,11995860,9487944,16930778,15275815,15451796,11983272,13917566,8798742,11688173,8444773,57517134,37253647
201,000672,2017-11-22,-0.01230425055928408,-0.010067114093959662,0.2199937943293187,11550.5,57717.97672899185,1652,30024478,19502962,1885873,1726283,8674222,5824130,7688817,4520989,5409848,3566882,2453742,1003842,665572,1979238,856796,0,2389608,881598
202,000673,2017-11-22,-0.008620689655172376,-0.0060344827586207295,0.4881797664482813,19592.5,251826.88659073855,564,20898208,18012219,263390,331080,2135097,3719368,2245498,2070864,2402151,2213429,2122382,1407974,693634,1750750,421876,955040,10614180,5563714
203,000676,2017-11-22,-0.02209492635024557,-0.019639934533551617,0.35248204621308976,10800.0,47950.21293634598,1202,20482006,11427755,1245041,688089,6330311,3491196,5229578,2726466,4925398,1859871,1258357,2034579,0,627554,966821,0,526500,0
204,000677,2017-11-22,-0.027227722772277252,-0.022277227722772297,0.19036355730710983,6000.0,61536.32793963292,450,7772991,3262381,359595,518651,1763830,1471531,1013278,637799,1760585,0,213700,236000,714000,398400,1355887,0,592116,0
205,000678,2017-11-22,-0.011378002528445008,-0.015170670037926715,0.3985785415329083,7850.0,30889.337580788313,393,5021701,1923161,483769,437039,1813967,1055346,876559,66300,1626383,364476,221023,0,0,0,0,0,0,0
206,000679,2017-11-22,0.029569892473118253,-0.017473118279569988,0.32701197480993305,7340.0,54290.29973015529,517,6450641,3523818,666651,524011,1933254,1791587,1185831,980680,862402,0,0,227540,358437,0,489226,0,954840,0
207,000680,2017-11-22,0.0020746887966804906,0.004149377593360981,0.14091986208520513,4870.0,80970.00296990822,1171,12810134,15430281,997956,1558489,3537245,4156732,1646430,1961252,1328140,1269407,1185245,722587,361064,721248,1938048,1922516,1816006,3118050
208,000681,2017-11-22,-0.053339740509370515,-0.05958673714560303,0.48113569861839606,33898.0,169859.65084027345,1877,87759816,58290594,674715,1343645,11876498,8232724,10130410,6632120,14234536,10508337,12868531,8108794,5004752,3839549,7446825,3873878,25523549,15751547
209,000682,2017-11-22,-0.012552301255230214,-0.012552301255230214,0.18787992570787918,5236.0,46370.01107778901,647,8111794,3731272,807099,608209,3596489,1565096,939819,390374,540026,891410,283800,276183,371853,0,425700,0,1147008,0
210,000683,2017-11-22,0.0,0.0,0.07435969049756021,5680.0,75895.23596563865,1468,25725955,14311364,1254631,1204170,6697922,2950695,3630403,2023361,5421686,1858769,2595323,1702781,1676295,1075030,857773,456422,3591922,3040136
211,000685,2017-11-22,-0.0009532888465204614,0.0,0.3132582327548932,6294.0,65206.017146558144,1121,17175512,14865336,1071179,661727,3180545,3542025,3481370,1885051,5273468,3767952,1516462,1605051,1021588,1309379,483556,0,1147344,2094151
212,000686,2017-11-22,-0.0052742616033756295,-0.0052742616033756295,0.21269513370527876,18940.0,135067.16509990915,1988,70038798,55030641,1356959,1606129,8397974,8225327,9047341,9376755,11445458,11218012,8085025,7252854,6189264,4434664,4998845,2612778,20517932,10304122
213,000687,2017-11-22,-0.01750000000000007,-0.01416666666666666,0.3502893584855779,13079.0,65292.60668014376,1174,22917965,16391415,892639,1166240,5263139,5119161,5123897,3579758,5452836,4024185,2398276,715494,351648,0,1342634,447887,2092896,1338690
214,000690,2017-11-22,-0.013580246913580174,-0.023456790123456694,0.2460810556142933,18783.5,254564.26148731698,1084,58243292,37731095,910423,886922,4174907,4151823,5328933,3807936,8665858,5188759,5098030,2145325,2684651,3701693,2941667,3739137,28438823,14109500
215,000691,2017-11-22,-0.0028530670470755526,-0.0014265335235377208,0.2850437352681883,14616.0,153280.14985907014,605,14097453,15270161,279814,646387,2246720,2816612,2359517,3011526,1932270,3025889,3061670,1177703,1393291,692811,0,0,2824171,3899233
216,000692,2017-11-22,-0.04299065420560744,-0.03738317757009335,0.21880774997005487,12144.0,106465.9316932201,599,17209136,7587166,386648,526637,2497203,2531898,1162808,1707878,3388585,1262148,3301851,492510,950568,0,482040,431695,5039433,634400
217,000697,2017-11-22,0.018415417558886427,-0.0004282655246253819,0.6520669605861816,21168.0,115712.27036078484,1282,31824521,36042876,974476,956994,6430834,7604794,6043803,4743355,5119743,6310540,4126735,3067534,2771393,1708031,2763559,4137769,3593978,7513859
218,000698,2017-11-22,0.005102040816326481,0.001700680272108901,0.19743447038428716,4137.0,43166.55021263613,887,9113534,7022759,799928,1005341,2543128,1660575,1974763,1055680,2835385,1287013,579894,869067,380436,708925,0,436158,0,0
219,000701,2017-11-22,0.008333333333333304,0.0018518518518517713,0.3231796902706631,5430.0,29835.39356913896,1117,8623754,8224485,1533451,1228264,3413064,2481854,1626059,1637401,1342512,2224276,708668,0,0,652690,0,0,0,0
220,000702,2017-11-22,0.0025445292620864812,0.0025445292620864812,0.28445624955612114,7930.0,115121.33339949993,763,12365919,8480157,859901,504218,3549091,2741798,1969699,1291998,955963,1153555,446728,1509166,0,347772,476323,931650,4108214,0
221,000703,2017-11-22,-0.0024052916416115178,-0.0048105832832230355,0.38473526222463245,13352.0,133743.76000278845,1871,70315855,39929539,1767009,1032720,6922240,5902555,8385103,5488033,14326215,4860647,10545710,4362592,5361081,3428806,6306704,3170216,16701793,11683970
222,000705,2017-11-22,-0.020066889632107232,-0.013377926421404784,0.3754924067848686,8850.0,77604.53858689044,570,9329318,4068051,467012,887363,2168930,1726017,1498045,442986,768974,564135,1306562,447550,329300,0,0,0,2790495,0
223,000707,2017-11-22,-0.0031847133757962887,-0.006369426751592355,0.3222523891194868,10064.0,64382.54074101729,379,6330057,4627788,449244,201671,2097501,722847,1120300,1196471,1713547,648113,224465,891566,0,0,0,967120,725000,0
224,000708,2017-11-22,0.0016934801016088574,-0.003386960203217715,0.3457279882265892,14160.0,96993.93747286656,1167,31224012,14336595,1045371,464294,8700842,3211280,4328671,2079312,5028851,3641418,3970575,784077,1089767,1054244,1400216,434350,5659719,2667620
225,000709,2017-11-22,0.010025062656641603,0.007518796992481036,0.0761002193860686,18000.0,328675.4115056992,2768,112984871,148486308,2247370,1586042,13696878,10534825,11988677,7208352,16023996,14778704,8484210,13126458,5142574,8975747,6225713,6488692,49175453,85787488
226,000710,2017-11-22,-0.014716596240710977,-0.01952498907183431,1.4305380070586493,41280.0,151364.5949314706,2303,120315831,86743938,1005646,1033041,11794404,10446564,16353888,12608147,25964294,19627106,18009220,12838145,11466326,12992002,6509990,5788935,29212063,11409998
227,000711,2017-11-22,0.019200000000000106,0.021600000000000064,0.27720061219003084,22977.0,98144.36912785529,2036,61802725,53090114,1158819,1180433,10183268,9107249,10660591,9029769,15572674,10092236,13316739,8694557,2822525,6273106,3109090,3128810,4979019,5583954
228,000712,2017-11-22,-0.01193181818181821,-0.007386363636363802,0.4621376049110421,17610.0,112011.87083637727,1451,41495124,35748941,1237296,1120695,6021684,5613628,7163069,7184279,8507610,8314081,3698634,3694891,3359364,3078899,1374783,2599528,10132684,4142940
229,000713,2017-11-22,-0.0013568521031207537,-0.009497964721845387,0.385835752296585,8129.0,57724.81304837025,364,8017271,2497820,528049,224185,1625252,983234,1152938,508097,2058269,573450,1440591,208854,699072,0,0,0,513100,0
230,000715,2017-11-22,0.0,-0.003225806451613078,0.3762021798502443,1870.0,33403.752761933516,611,5221947,2803216,626235,286449,1723921,1005035,873306,833811,1066255,455378,557030,222543,375200,0,0,0,0,0
231,000716,2017-11-22,-0.017513134851138257,-0.021015761821365997,0.174307902340287,10782.5,97487.54454950526,1074,26729827,12004622,1165928,822017,5221125,3488003,3504843,2234492,5304639,3048183,1457691,856204,1705640,1081115,456000,474608,7913961,0
232,000717,2017-11-22,0.010344827586206806,-0.005747126436781436,0.1519456382483254,73610.0,336785.8828120186,3287,267704219,310665474,1073489,1105022,11254436,11731518,20130145,22250161,41163306,39579766,32702803,29031330,25999852,29856724,22965316,28135574,112414872,148975379
233,000718,2017-11-22,0.0,-0.006085192697768638,0.13126040014558543,8347.0,74035.75421552488,1414,23748095,13810670,1010995,1637517,6528558,3339028,2147775,2507613,2492347,3433766,1682174,1707926,2361329,764890,1304256,419930,6220661,0
234,000719,2017-11-22,-0.0020876826722338038,-0.0020876826722338038,0.32592855309862884,5739.0,75160.6021698896,864,13626367,6988903,843521,1242316,2828326,1985834,1235088,1033717,2420739,577338,1746395,1306532,726398,375360,488070,467806,3337830,0
235,000720,2017-11-22,-0.009389671361502372,-0.00704225352112664,0.19293559975135002,6768.0,47156.02999650958,487,6227161,4248784,397416,595937,1864950,1521359,1078362,1021720,1136810,595066,473431,514702,0,0,1276192,0,0,0
236,000721,2017-11-22,-0.0016474464579901982,0.0,0.2745861198319765,6110.0,45472.73761032031,488,5121274,5240925,403861,621484,1230379,1604122,1232077,1255909,1114782,642143,763215,666099,376960,0,0,451168,0,0
237,000722,2017-11-22,-0.009027081243731194,-0.011033099297893756,0.43517800695029657,9900.0,36938.656807873616,524,6974932,4341668,544514,734349,2315608,1912929,1955388,1243069,1230146,238471,503880,212850,0,0,425396,0,0,0
238,000723,2017-11-22,-0.029187817258883197,-0.03934010152284262,0.21723685951939645,22823.0,215319.68619216076,1319,78307752,41659470,522726,1287861,5269586,5623091,5094351,6044660,9733814,8062950,9172927,6817878,7565753,3783147,5792030,4791342,35156565,5248541
239,000725,2017-11-22,-0.003076923076922977,-0.01538461538461533,0.10849072559478465,1619163.0,9942797.288300732,3601,5632394689,6754630003,0,0,0,0,577245,631444,5715359,5205785,12860568,19408191,26948155,31436824,41324732,41143943,5544968630,6656803816
240,000726,2017-11-22,0.007366482504604033,0.004604051565377576,0.25425332974022824,8744.0,75110.59651015134,1825,25736989,27699115,3157707,1780004,8040666,4995290,5561218,4094428,3741838,4308372,2251491,1886789,722878,1658246,1378333,2127660,882858,6848326
241,000727,2017-11-22,-0.011718750000000111,-0.0078125,0.06606018048240007,5460.5,178588.0838106484,1516,38734190,19688148,1316977,1082222,6279492,3852628,4637521,2965744,3706273,2155351,3620931,742463,669630,1019074,854082,1317374,17649284,6553292
242,000728,2017-11-22,-0.0072697899838450875,-0.0072697899838450875,0.24470915398865875,32751.5,209647.47877611849,2562,139239893,118355100,1349000,1208537,10229588,11586344,12826000,13865027,24051805,20795592,16227124,13315999,14077671,11278980,12491895,9072917,47986810,37231704
243,000729,2017-11-22,-0.003372681281618828,-0.003372681281618828,0.11920707694106249,8910.0,83053.094372066,2481,27911274,40553736,425735,5560983,8462931,12983118,4093206,7022183,4498335,4231436,951073,3102809,1815193,2086874,977264,1765672,6687537,3800661
244,000731,2017-11-22,0.0013623978201635634,0.0013623978201635634,0.2276099803654977,8019.0,148233.55812705422,1040,22893325,11255756,1086679,741783,3920163,3720258,3125688,1497704,4252331,1853215,1451067,1525945,674265,1327251,437400,0,7945732,589600
245,000732,2017-11-22,-0.0029850746268657025,-0.002388059701492473,0.46728923127522803,6672.0,73551.50152350208,1285,17644060,17013891,909635,1752832,5046174,3874538,3179030,2331645,2764163,2771036,1554373,1437455,1406512,986807,1331463,0,1452710,3859578
246,000733,2017-11-22,0.02758620689655178,0.029655172413793007,0.37304488229865673,14900.0,178017.4580730508,1512,34224308,54983464,969733,1414369,7242437,7038052,5142383,6297968,4227221,8402783,2832525,4088498,2418348,2692834,2742214,2731128,8649447,22317832
247,000735,2017-11-22,0.0041551246537396835,-0.005540166204986208,0.16510655403167052,20662.5,120642.27011022714,1916,65585339,48502497,1304388,1271689,8942378,8887785,10055368,6338388,11644982,9524113,9674458,9259315,7481294,4615087,1778910,4002968,14703561,4603152
248,000736,2017-11-22,-0.0485245901639344,-0.037377049180327915,0.5670775921449881,11852.0,73563.9565423269,724,10818310,9198214,571358,823272,3447260,3005716,2453096,1657488,1377708,645146,1519228,662892,634920,740033,0,882977,814740,780690
249,000737,2017-11-22,-0.027075812274368283,-0.03068592057761732,0.18211488150079455,9452.0,62608.53373720797,926,21672191,8827308,711474,1078576,3337096,3009712,4146758,1488383,6232674,2435092,2740671,503713,1691715,311832,1709079,0,1102724,0
250,000738,2017-11-22,0.027912621359223344,0.03033980582524265,0.358620661200745,17080.0,129190.20030512157,2113,50537975,67552162,1398459,1957636,8732755,10074915,8393551,9367215,10860550,12393967,4594031,4983625,4803781,4607937,3095808,3026992,8659040,21139875
251,000739,2017-11-22,-0.002962962962962945,-0.00592592592592589,0.2984125980905416,8160.0,73213.28070916235,511,9100888,7382066,733979,374618,2030593,1394013,1419272,914387,1307255,1638059,815790,873240,1370667,714500,820332,931059,603000,542190
252,000750,2017-11-22,-0.00941619585687381,-0.007532956685499026,0.11416679008304918,11235.0,155332.59826409398,2170,59092193,32201651,1464468,1457667,10318986,6529061,9042322,5569833,8468762,6758845,6995078,4283661,2339999,3756839,1771710,2246745,18690868,1599000
253,000751,2017-11-22,0.006172839506172645,-0.002057613168724437,0.11840509244981784,9740.0,111242.51846848021,1688,31194123,42190258,1399536,1864963,6071946,6402125,4733510,4844771,5151986,6790000,2899039,3907130,360591,3502063,5066755,3724911,5510760,11154295
254,000752,2017-11-22,-0.0038343558282207812,-0.008435582822085896,0.611717181710608,9110.5,63530.498919335354,454,7582201,5078424,424001,410402,2092802,1306458,1177416,883129,1580654,625749,0,1257925,1308649,0,414381,0,584298,594761
255,000753,2017-11-22,-0.007499999999999951,-0.007499999999999951,0.17585939686728427,5985.0,37397.06786769132,517,5334398,5453771,388709,627419,2324760,1466151,1282377,1195926,841243,1446786,497309,717489,0,0,0,0,0,0
256,000756,2017-11-22,-0.012274368231046884,-0.016606498194945862,0.3460998063269741,20595.0,85494.80087845362,1603,43376909,34712060,825086,1228175,8481879,6732572,8566765,7098418,10898199,7654034,6985080,4766467,2028692,2120675,1676748,876970,3914460,4234749
257,000758,2017-11-22,0.0,0.0,0.17260766107796202,9750.0,111506.35735480225,1406,24336086,26530351,1009938,1919294,5191860,5963447,2995643,4092709,4328805,4494860,784629,2079472,3327234,1289109,477100,1391408,6220877,5300052
258,000759,2017-11-22,-0.02753303964757714,-0.03083700440528625,0.28373619012374424,8091.0,113807.1851727739,1024,27429372,7288287,1400327,831992,4067949,2772189,5074971,1454344,3085592,1866970,2420129,0,633123,362792,2683066,0,8064215,0
259,000760,2017-11-22,0.002915451895043608,-0.007288629737609464,0.22165163789275374,10245.0,75974.83327390125,959,17120929,14166014,580240,1112097,2886745,4667162,2927742,2715254,3143798,2594398,2686509,1710591,1655497,342732,474600,0,2765798,1023780
260,000761,2017-11-22,0.0018450184501843658,-0.005535055350553542,0.11330950845623997,6534.0,83235.52498411667,2296,34283296,47649163,1377928,2430174,6086311,9104710,4375277,6115228,10101466,10958664,3076466,5558283,2340632,3701462,1791576,3886761,5133640,5893881
261,000762,2017-11-22,0.0026350461133071157,0.0032938076416337836,0.32454406757211124,20965.0,117557.96700893465,2190,53807836,68602969,1450727,1412524,10982293,11419270,9678056,11222649,10515101,10789265,5354187,6973853,4804349,5487262,1829054,5754143,9194069,15544003
262,000766,2017-11-22,-0.015272727272727327,-0.013090909090909042,0.46566506235011434,13630.0,242995.75730742209,872,24932781,20799375,794804,711870,3276006,3593789,2712691,3244500,4958388,2243706,4060908,1398970,2860088,1085875,2256427,3498395,4013469,5022270
263,000767,2017-11-22,-0.00983606557377048,-0.00983606557377048,0.12395137603949775,5134.0,95269.81424188393,606,8203002,7113982,701607,623093,1625997,1429715,851301,612756,827018,1487282,271800,458134,0,1168475,922262,454499,3003017,880028
264,000768,2017-11-22,0.03470588235294114,0.032352941176470695,0.31328695838984394,38984.0,255535.8118522206,2948,134491113,196405363,1290734,1160478,12497102,14651738,17374723,20801106,22796280,25544518,19110056,17937668,12020139,13686895,7926104,9759414,41475975,92863546
265,000776,2017-11-22,0.0005431830526887449,-0.0021727322107549796,0.318839671571059,107503.0,608001.049797427,3336,513083190,518088588,1107269,707725,11296047,8911809,21241370,16213733,40018480,37235571,35708322,32914635,32756017,26721241,29849404,27532168,341106281,367851706
266,000777,2017-11-22,0.008094645080946705,0.008094645080946705,0.5007357653118837,12936.0,68257.30161842862,1028,17919399,18185782,1064270,1014171,3979103,4338531,3965653,3154950,3780990,3692921,2235006,2425635,390960,1360150,863903,0,1639514,2199424
267,000778,2017-11-22,0.0017889087656528524,0.0017889087656528524,0.1245126643674592,11200.0,147625.56943237752,2020,40969922,49470370,1559760,1388168,7874700,7636627,7421189,5850542,7333652,7740215,5352157,3001824,1754331,1764169,1869824,3139302,7804309,18949523
268,000779,2017-11-22,-0.01207729468599028,-0.008454106280193052,0.7143195131960525,14840.0,57366.83209782688,537,10391692,6775029,556120,412779,3123797,1960136,1944445,1171446,2711758,1270077,1644936,566036,0,304080,410636,0,0,1090475
269,000780,2017-11-22,-0.0021276595744680327,-0.010638297872340385,0.2042461620784821,1416.0,38024.38094829761,529,5856430,2818605,269453,472637,1840944,1220564,1124533,547487,1622222,370206,225609,207711,304200,0,469469,0,0,0
270,000782,2017-11-22,-0.011235955056179692,-0.008988764044943864,0.44455573047706853,9707.5,68517.79716121711,400,7940091,4044619,377372,450248,1455824,1357818,1925078,1300226,1723141,696567,1061081,239760,347100,0,0,0,1050495,0
271,000783,2017-11-22,-0.005555555555555647,-0.004444444444444362,0.18188008832297306,22450.0,158495.8896048269,2452,87138448,71465285,1637959,1641373,14272642,10913691,10001249,9103916,11031387,11041882,7583849,6209380,9394951,2740867,7314538,10639238,25901873,19174938
272,000785,2017-11-22,0.010183299389002087,0.004073319755600657,0.5893257075540832,9880.0,120830.7142807969,277,6915067,2925894,257770,280542,1292457,687286,469299,1156466,1080545,0,697361,0,337169,0,424535,0,2355931,801600
273,000786,2017-11-22,-0.05044281863688871,-0.04312668463611846,0.4528180856716512,116602.5,409861.8763737617,3296,413007562,330813336,580778,409236,11744453,7339399,21028138,16369907,47712783,49622162,43329728,39744185,36246288,30227263,25028034,24534440,227337360,162566744
274,000788,2017-11-22,-0.007391763463569179,-0.011615628299894487,0.3701199085951606,10334.5,43321.36937761235,654,10056923,6815208,847857,589499,3161401,2484893,2940544,2205672,2007791,740906,565608,458658,0,335580,0,0,533722,0
275,000789,2017-11-22,0.03837953091684421,0.021321961620468954,0.19610042129083047,31039.0,169134.5999652242,2293,84858758,106570487,1379560,1277743,10548316,11118734,13245545,13843973,14643010,20631844,9504620,13137933,12305654,5755034,6829763,6246259,16402290,34558967
276,000791,2017-11-22,-0.012165450121654708,-0.020681265206812682,0.19192523695413385,14733.0,84005.22142848492,1836,41636857,28417818,1680011,1741757,9906171,7587492,8465616,5637046,8539782,6094869,4432560,1524903,2033700,2293771,2039410,909790,4539607,2628190
277,000792,2017-11-22,-0.007645259938837912,-0.003058103975535187,0.23541395643194432,48322.0,248760.8617904395,3091,213391010,189246909,1129905,932570,14041840,12912222,21063769,16906133,34620470,31514777,25728751,18095063,20126896,14846990,13741989,14285709,82937390,79753445
278,000793,2017-11-22,-0.0018921475875117721,-0.0066225165562914245,0.23006327872499618,30972.0,272074.53095885017,2115,83957663,133678241,1332879,877125,7338626,8257009,9537148,7296186,21954200,33794356,12851620,9563438,5041455,5083856,4411462,3070246,21490273,65736025
279,000795,2017-11-22,-0.00328947368421062,-0.004934210526315819,0.16721730741663418,11552.0,59263.20315933244,1323,20613195,18097368,1389018,1234194,6300789,4815743,4991230,4268279,3940851,4110338,1255533,1219112,629459,1328550,493468,0,1612847,1121152
280,000796,2017-11-22,0.010309278350515427,-0.0007930214115781098,0.34817051679759287,12900.0,87411.55156865974,1312,23970008,25824679,1126728,997128,6511170,4962765,4861850,5111549,4873271,6287459,2473276,779715,1829888,1398900,425700,410832,1868125,5876331
281,000797,2017-11-22,-0.004411764705882337,-0.024264705882352966,0.3599159426106025,20197.5,93668.60073177208,1428,43076980,28175481,948117,908716,7513961,6591893,7432169,5601384,8130775,7226218,6897467,3815491,4441397,956483,2563053,475345,5150041,2599951
282,000798,2017-11-22,-0.012971698113207641,-0.01650943396226423,0.36406648716280804,7542.0,45344.56715656911,542,6342296,5445328,527771,412697,2350285,1738753,1325764,912770,999806,1615940,250262,452221,322758,312947,0,0,565650,0
283,000799,2017-11-22,-0.01905717151454367,-0.01805416248746239,0.5328539870140974,56164.0,196040.4430876754,3153,197404196,162173286,867713,1434290,11825144,15033594,20896300,21268885,40765377,34651607,29030239,23930296,24358312,19831589,12461943,12437513,57199168,33585512
284,000800,2017-11-22,-0.009049773755656187,-0.010859728506787403,0.25921645891191486,22180.0,180856.67824781482,1818,76258421,60026888,1020707,1033769,9640246,7591815,8430088,8529955,13605293,10949958,7916570,6939384,6336472,5175039,5175493,1330052,24133552,18476916
285,000801,2017-11-22,0.012139605462822445,0.01669195751138086,0.19205548204244136,10319.0,64287.315735716176,1178,14869628,23613741,895346,1522350,3751666,5008482,3045016,4122116,3531156,6539252,1499489,1879635,1356275,2382911,0,835745,790680,1323250
286,000802,2017-11-22,0.0,-0.006661732050333047,0.40633358655038004,13510.0,60980.13114310776,1105,20651804,16198412,931487,1045037,5710399,5243466,4338466,3346734,3872299,3625575,2123346,1187010,959637,348235,839585,891520,1876585,510835
287,000803,2017-11-22,-0.02807145461173899,-0.017863652934742902,1.3057655833338133,18627.0,143359.75159135193,441,13087804,13834646,332843,349891,1988673,1982153,1384404,1832738,2136131,1764651,2346570,3095041,311112,977704,466320,0,4121751,3832468
288,000807,2017-11-22,0.0011402508551880963,-0.0011402508551880963,0.1516761038846607,61652.5,527517.5390474278,3352,329994248,342399719,1023561,1734149,13140113,12807926,18529122,21818492,31188883,38885144,23716410,27763416,24528528,20527818,27023500,20494033,190844131,198368741
289,000809,2017-11-22,-0.02110817941952503,-0.01055408970976257,0.2103575529154756,9919.0,123203.52631965921,324,10481347,4972818,177881,361203,1334336,1129490,730365,470612,2244363,1310997,732420,217740,1837232,731635,416900,0,3007850,751141
290,000810,2017-11-22,-0.014522821576763545,-0.014522821576763545,0.24115621855422067,3828.0,19529.74436988545,1599,11940574,4508743,4044439,1131720,3819804,1828857,2155354,730171,1920977,817995,0,0,0,0,0,0,0,0
291,000811,2017-11-22,0.004884004884005089,0.0012210012210012167,0.28055796144938894,9990.0,123386.23317670489,852,19665334,14150753,762542,885158,3111818,3180426,2519564,3311200,2484402,3803478,1509422,465672,671205,654708,1827111,1280036,6779270,570075
292,000812,2017-11-22,0.0024937655860348684,-0.007481296758104716,0.4068235543820472,11569.5,61755.08102166037,388,6842703,5141003,368076,424824,2060133,1144793,1519544,529745,1232708,660423,920602,489810,741640,1008609,0,882799,0,0
293,000813,2017-11-22,-0.018887722980062915,-0.018887722980062915,0.19389482826664095,27492.0,188171.1462157351,2421,100963946,87244661,1402053,1827247,10706583,10029324,13571637,12916722,18039316,17343641,12320531,10330113,7722706,5832406,3967771,5630302,33233349,23334906
294,000815,2017-11-22,-0.025474254742547386,-0.013550135501354976,0.6011531427521906,17530.0,64147.50767595163,942,21408507,14150943,931710,748077,4597293,4167153,4106147,3771074,6374774,3448055,2336469,1254778,0,330076,2108192,431730,953922,0
295,000816,2017-11-22,-0.002673796791443861,-0.002673796791443861,0.09502530648697656,9400.0,82062.4024526626,1555,27477384,25520095,1350350,1283255,5655128,6284705,4895979,4234157,4968871,5241027,3278738,3304111,2527258,2936363,1387443,496500,3413617,1739977
296,000818,2017-11-22,0.004314063848144922,-0.011216566005176842,0.39519245949697296,12617.0,102387.54024553171,860,20566871,15022879,758051,602407,4974470,3429852,2407410,2211457,3257495,2718356,1729491,1655267,1729149,1351050,1871492,465200,3839313,2589290
297,000819,2017-11-22,-0.007674597083653034,-0.018419033000767526,0.5130279186689688,12880.0,54491.47834323508,645,9694793,6320566,572640,532322,3451144,2552296,2473281,1297407,1364822,816207,0,202834,0,389100,0,0,1832906,530400
298,000821,2017-11-22,-0.03268945022288272,-0.031946508172362664,0.34727562308235765,14454.0,58881.69444566734,1503,33586740,15680475,1514634,775505,10755953,4830979,7579550,3113375,6096175,4212086,4187420,791779,363363,1151143,1257310,0,1832335,805608
299,000822,2017-11-22,-0.018009478672985857,-0.023696682464455,0.20626125473209808,20830.0,152938.67260419612,2620,85485638,87112302,1310324,2450604,9169895,12071207,9484612,11839320,19349969,20782788,11640816,7738073,5776771,7166904,6137567,3580876,22615684,21482530
300,000823,2017-11-22,-0.015195791934541125,-0.02805376972530682,0.3597260423281789,35952.0,240787.598562261,2265,122506839,105659952,1004395,1372400,9213922,10877730,11974582,16412056,19971286,20493849,11592911,7221644,13056026,7885344,7015702,6786065,48678015,34610864
301,000825,2017-11-22,-0.0019723865877713243,-0.007889546351084853,0.10781014570942067,20200.0,173237.8218166937,2219,77975615,80374710,1854334,1015210,9021426,7484592,8047103,13178754,11264086,15605998,11803929,8616975,7200868,7660043,4824923,2797101,23958946,24016037
302,000826,2017-11-22,0.008910606496119744,0.0,0.8156680079291521,31023.0,145976.38124778605,1819,65142766,65292616,1081658,686559,9290367,10085222,9173763,9062578,12991272,13803429,7137585,5960623,6290765,8109564,2723190,3568410,16454166,14016231
303,000828,2017-11-22,-0.011945392491467643,-0.008532423208191253,0.47465463212614223,11640.0,81429.4002042669,609,11760707,7527088,447807,441144,2197975,2759759,1779855,1063373,3062941,1026353,685732,295092,991672,346599,440800,0,2153925,1594768
304,000829,2017-11-22,-0.006322444678609096,-0.0031612223393044925,0.29862025034528844,7623.0,45964.248017599166,1010,11187040,10030586,1277785,787046,3732598,3924403,2045186,2658840,878794,1669897,981385,990400,1076288,0,426688,0,768316,0
305,000830,2017-11-22,-0.01533333333333331,-0.026666666666666727,0.2554125540498082,93996.0,554231.7721555623,3455,417704004,348363449,468974,660525,10185731,11097334,29008467,25004659,47332152,51364560,45081106,32695834,33305633,28753822,31535755,20108718,220786186,178677997
306,000831,2017-11-22,0.011996572407883432,0.010282776349614275,0.26543327257156063,20247.0,117969.14383455302,1934,46446962,56893502,1400333,1179639,10156031,9439478,8362376,9729006,9573985,12266099,4604048,5137199,3779665,3922015,455900,4005580,8114624,11214486
307,000833,2017-11-22,0.0014347202295552641,0.0014347202295552641,0.2618911714818772,6930.0,52656.193346078,708,7866064,7008004,564742,718610,2435245,2247139,1286839,1576304,1357609,1345072,922069,768379,332160,352500,0,0,967400,0
308,000835,2017-11-22,0.0,-0.009445100354191216,0.34885159349814066,12645.0,57465.16763066515,589,9913201,8203197,577333,548888,2584650,2582197,1817502,3211380,2524228,1056453,779084,467879,309320,336400,0,0,1321084,0
309,000837,2017-11-22,0.004731861198738141,0.003154574132492094,0.22190692441348653,9585.0,51541.84191579396,816,10674022,10672385,597421,947560,3149918,3325824,1860356,2596139,1756960,1472586,1687388,1520051,1079679,398097,0,412128,542300,0
310,000838,2017-11-22,-0.03323699421965309,-0.023121387283236983,0.12399377631865238,36720.0,537106.7164128916,3125,180196509,213810683,1355637,1694286,12169523,15535358,15651882,19521495,22357790,30447868,19468473,16695782,12211986,19151960,10291858,12420079,86689360,98343855
311,000839,2017-11-22,-0.017148014440433124,-0.010830324909747224,0.18577899251632554,146060.0,474121.9122773944,3562,568870709,457016966,407768,294139,9650055,7978138,22389434,21126110,59623238,51588858,55385855,47201623,45754700,44829678,41512347,38878770,334147312,245119650
312,000848,2017-11-22,-0.006269592476489061,-0.015673981191222652,0.24295781632947744,12441.0,121269.58459561484,1553,46088963,33101457,932257,1945147,6531039,5583030,6019970,4759996,9284698,6963409,5509181,4774450,2338566,965374,6947624,2700253,8525628,5409798
313,000850,2017-11-22,0.002109704641350074,0.0,0.2590328149311561,9520.0,63612.89917850941,334,5092776,5635207,472455,320520,1329652,1283044,870277,758894,1743517,1464886,676875,283452,0,0,0,923868,0,600543
314,000851,2017-11-22,-0.013071895424836555,-0.014161220043572897,0.34014580859838955,11895.0,77762.65283084102,728,17136092,9894200,737516,556249,2852875,3327369,2717570,2506653,4066855,1054297,2994744,686101,1036329,383090,1293095,470016,1437108,910425
315,000852,2017-11-22,0.003974562798092274,-0.0007949125596183881,0.24206573085521388,34209.0,139850.18118173417,2705,102437005,100284569,1215382,1176292,12921795,13771905,17868372,16306391,23422810,24443920,14693315,13254875,9611752,7440655,4385434,3671616,18318145,20218915
316,000856,2017-11-22,0.017515923566879144,0.026539278131634925,0.4215314801014502,22944.0,153698.62717096944,1999,55376959,74100572,1477886,1446816,10915738,8896911,9592448,9356286,11551348,13503072,7365054,9540654,3164913,4701087,1375608,2206185,9933964,24449561
317,000858,2017-11-22,-0.02772143340094657,-0.026504394861392888,1.2379489455283417,310674.0,1005271.7692021736,3570,1203570298,978516598,147062,81239,2919007,3254946,13446723,11991406,45656730,39455856,53432025,48434676,60950009,47769118,51081446,53376440,975937296,774152917
318,000859,2017-11-22,0.004494382022471877,-0.004494382022471988,0.22342344502572817,8860.0,61438.616612859034,396,6100031,4156397,414646,456642,1673454,1235291,1258150,467595,1106250,762138,444610,931129,336996,303602,0,0,865925,0
319,000860,2017-11-22,-0.022499999999999964,-0.026000000000000023,0.4203601228083929,29940.0,183419.70793795722,2265,98330671,58379184,939435,2065949,17131382,9667634,10900813,10810519,14121125,9934867,8635211,5068397,8073152,2874319,6248347,5188045,32281206,12769454
320,000861,2017-11-22,-0.015060240963855387,-0.012048192771084376,0.14546075104877798,6660.0,56234.86359359169,521,7186102,4412863,447857,579278,2753906,1392690,1245696,790970,1353747,388605,752196,0,0,0,0,0,632700,1261320
321,000862,2017-11-22,-0.015355086372360827,-0.0057581573896353655,0.24625868185337285,5180.0,19847.529777538268,447,3004935,2651820,356778,381362,1596661,1146565,842620,780044,208876,343849,0,0,0,0,0,0,0,0
322,000863,2017-11-22,-0.003225806451612967,-0.006451612903225823,0.2848907536777014,12320.0,30117.74565293224,473,6005302,2756951,410691,346123,2923924,1236960,1430053,553578,489976,370000,750658,250290,0,0,0,0,0,0
323,000868,2017-11-22,0.006345177664974555,-0.010152284263959421,0.1505101227113203,28971.0,114500.23947180503,2748,96611930,78575017,1743251,1403167,15857028,11382386,18495544,13910376,22494898,18399448,11356878,10024525,7443530,6948403,6582901,2791534,12637900,13715178
324,000869,2017-11-22,-0.008285004142502217,-0.01187517260425297,1.0783449873083606,18235.0,107438.90063771419,1127,35336590,24632273,629968,703188,5795274,5187693,5890410,4594565,6906206,6155893,4395787,2372238,3514254,1402338,1713520,876013,6491171,3340345
325,000875,2017-11-22,0.0,-0.0024271844660194164,0.16571882503884786,4140.0,42174.767715977985,618,6286236,5006194,691911,604193,2021085,1922732,951889,863559,1344740,938066,455760,266798,362913,0,457938,410846,0,0
326,000876,2017-11-22,0.0025220680958386588,0.0025220680958386588,0.1440615013687953,37168.0,291650.34443857573,3036,188290462,186681597,1765644,1413644,13947856,14091848,18942609,16329404,27207029,23491888,17166459,19574333,14531676,10973137,13098073,11429503,81631116,89377840
327,000877,2017-11-22,-0.005899705014749346,-0.004916420845624492,0.20847050550762988,14196.0,86715.71729461437,2382,50563275,42106701,2132520,1513672,11418983,10527392,9312123,9430996,9454598,9117074,5760358,3841041,3644750,4117577,2669089,487253,6170854,3071696
328,000878,2017-11-22,0.00560897435897445,0.0008012820512819374,0.27162550491896886,25100.0,174794.99479250758,2112,79874339,92165986,1134244,1172559,9077440,9033566,11426068,9032057,16989597,16795485,9955709,10489889,9701998,7794733,5248759,6855645,16340524,30992052
329,000880,2017-11-22,0.0031250000000000444,-0.0010416666666666075,0.5401532345129945,9600.0,45354.23112251755,315,4031295,2691260,381326,399353,1409519,926681,759788,441588,972392,342343,0,238575,0,342720,0,0,508270,0
330,000881,2017-11-22,0.006681514476614581,-0.01633259094283601,0.3757126786448201,21352.0,116184.88823079957,1286,35435601,35611588,729633,1004595,5618603,6519477,5081951,6998868,9803280,7836892,4713114,2713623,730800,751087,2740025,0,6018195,9787046
331,000882,2017-11-22,-0.003236245954692518,-0.003236245954692518,0.11341029247234763,3100.0,64930.151973398526,744,10566048,6338087,614063,854570,1907549,1123932,2182618,1045670,2246334,930154,1916992,462304,763812,351119,934680,0,0,1570338
332,000883,2017-11-22,0.010548523206751037,0.006329113924050445,0.11713085216135426,6200.0,63190.57827258918,1642,20376272,16190567,1827631,821161,8446972,3667476,3442085,2486414,3277976,2052295,1318530,478906,696476,993920,1366602,2296501,0,3393894
333,000885,2017-11-22,-0.016894087069525665,-0.012345679012345734,0.3590912376372586,16819.0,66852.71125500386,1838,39192113,30434126,1395853,1624075,9393309,9915919,8256895,7292597,7108144,6600985,3782915,2408286,4178064,948022,1408972,464778,3667961,1179464
334,000886,2017-11-22,-0.004594180704441064,-0.01071975497702915,0.18082134848365383,15384.0,134877.03132991152,1306,33018523,37590999,902838,1075244,4627172,6023024,5376441,6419376,6242084,5836775,4706439,2899313,3933989,3366256,1803711,936828,5425849,11034183
335,000887,2017-11-22,0.016393442622950838,0.01038251366120213,0.4704625968504353,18670.0,215245.9426100266,1513,49022937,64383182,1794705,803896,8897646,5907918,7400146,4928929,8619996,8252837,5403041,5363282,2476399,3754718,2727325,1403483,11703679,33968119
336,000888,2017-11-22,0.0,-0.006072874493927127,0.2669219128914871,2964.0,26876.29229814924,1370,12572292,3087256,2486496,797730,5944126,1633885,1690626,414694,961646,240947,571300,0,378020,0,0,0,540078,0
337,000889,2017-11-22,-0.02264150943396237,-0.021132075471698042,0.48179117079014305,12980.0,64571.82690240497,756,15170455,7432633,709365,607995,3958954,2820572,1750199,2004706,2856062,1088348,2290756,911012,1065249,0,0,0,2539870,0
338,000890,2017-11-22,-0.0015698587127158659,-0.0031397174254317317,0.3041022399937505,7620.0,36484.939645455204,438,4907385,4010025,453979,399480,1948374,1600263,1104022,768215,694985,711165,706025,530902,0,0,0,0,0,0
339,000892,2017-11-22,-0.011080332409972304,-0.030470914127423754,0.30611651548002944,7909.0,116744.40166687469,556,17760885,4390902,401216,655492,1892660,1739619,1780824,1284774,3314262,415508,1856650,295509,1384517,0,872824,0,6257932,0
340,000893,2017-11-22,-0.003984063745019917,-0.018592297476759723,0.2896440196024309,7550.0,46120.81056131247,676,7819534,6317236,734603,686313,2548818,1912470,2151269,1974482,1424922,661784,466200,0,0,373606,493722,0,0,708581
341,000895,2017-11-22,0.006521739130434856,-0.002536231884057938,0.46947415879973126,102384.0,387193.43627296155,3461,397421069,343031689,603128,432008,12967401,7948650,29183000,19191091,43734303,47889618,42232026,46774860,41907430,31290366,32479447,26195218,194314334,163309878
342,000897,2017-11-22,0.00540540540540535,0.00540540540540535,0.10900184160364398,3750.0,53383.052265887454,1155,7537310,14044676,866421,1636418,2495577,3087816,1213241,2348192,1699193,2501069,888878,1307980,374000,1660201,0,423000,0,1080000
343,000898,2017-11-22,0.017241379310344973,0.0031347962382446415,0.12927794635311474,16731.0,196721.30580167018,2442,118812206,104293780,2518087,1103823,8268816,7087944,7805391,10566876,25749621,13800756,12091048,9549102,12424584,12665304,4069618,6386911,45885041,43133064
344,000899,2017-11-22,-0.009900990099009799,-0.008250825082508184,0.17465937404268625,2408.0,19175.995150914227,1204,6614058,1736134,2624667,353752,1433382,826900,1106285,345385,654601,210097,494623,0,300500,0,0,0,0,0
345,000901,2017-11-22,0.09866220735785958,0.09866220735785958,0.5299020034242625,24430.0,201488.1683727466,2038,96034492,56243736,1508652,1470756,12710406,7514445,13286414,6482213,16160929,8428060,12256541,7440697,6796673,4407278,3533032,4390603,29781845,16109684
346,000902,2017-11-22,-0.022426095820591296,-0.01936799184505622,0.3055326210997547,4885.0,148558.20532221752,1031,28781170,15022100,725948,1235788,2514617,3116822,2574302,1465336,3832386,2049519,2156038,1043325,1337033,1019742,1946447,0,13694399,5091568
347,000905,2017-11-22,-0.007450331125827825,-0.004966887417218624,0.38693719523076997,12050.0,48502.09482708867,974,16122880,10223271,1111394,808474,5198248,4032657,3601984,1976999,2889566,2412603,1545010,456446,714900,0,460692,0,601086,536092
348,000906,2017-11-22,0.047281323877068404,0.028368794326240954,0.24754747052710024,16597.5,116925.02803212217,1170,29415308,28263384,1082181,937876,6292589,4250395,5115244,3802070,4762287,4724913,2335007,2679267,986291,1441782,2245348,3176474,6596361,7250607
349,000908,2017-11-22,-0.012759170653907415,-0.006379585326953596,0.3013935815971356,6260.0,31319.68843772598,432,4567082,3113347,450942,353674,1399036,1503893,1112602,794960,1179092,460820,425410,0,0,0,0,0,0,0
350,000909,2017-11-22,0.007901668129938422,0.008779631255487308,0.5295312437544213,10359.0,60031.579267278255,462,4197770,5434859,479988,334439,2269285,1787323,906373,957294,542124,1178117,0,0,0,0,0,0,0,1177686
351,000910,2017-11-22,-0.03362831858407089,-0.028761061946902755,0.49705731943790293,30744.0,130001.63885378586,2075,72318310,40551004,551094,1155052,24296596,8801663,6911229,9857712,7018910,5983122,8321945,3544604,3165296,1783533,4088627,1361516,17964613,8063802
352,000911,2017-11-22,-0.005364806866952843,-0.006437768240343367,0.3450352885593224,7464.0,50746.11393350381,729,9164465,5152287,679356,1115427,2956680,2138624,1972721,1372479,1134414,525757,449415,0,0,0,427807,0,1544072,0
353,000912,2017-11-22,-0.02083333333333337,-0.01666666666666672,0.2025840641224585,8520.0,44225.29861109798,1264,16916764,11683821,1442736,1312186,5452908,4750587,4384598,2453804,3449947,1254446,1262436,516699,359863,331103,0,0,564276,1064996
354,000913,2017-11-22,-0.036601307189542465,-0.023965141612200425,0.5237850979242881,33690.0,257471.2488895315,1925,104931524,82486873,802427,1061677,7023378,9972389,9281867,8837873,19479186,16531589,13819805,14773638,8682919,6991011,7205769,3097501,38636173,21221195
355,000915,2017-11-22,0.003085467448318502,-0.0006170934896635449,0.912677793458419,16350.0,178079.64496271536,1261,41690403,32133975,1220621,1033621,5617846,5157583,6073716,5764769,6655971,5841455,1663443,683862,4125689,2016973,973200,1307646,15359917,10328066
356,000917,2017-11-22,0.003984063745019917,0.0009960159362552012,0.215391290092706,19960.0,128070.88553924595,2175,71450872,60863247,1765359,1139508,10593484,6817890,11855904,9170024,16894481,10266583,9912162,6772771,6857220,5689722,3909484,3635163,9662778,17371586
357,000918,2017-11-22,-0.02904564315352709,-0.03181189488243441,0.19278394578497865,15454.5,295433.6508954108,1412,63936676,40405260,853849,1347971,5243206,6836184,5654119,5055041,6031471,6485631,3812312,4598147,3132837,3887280,2175709,2262989,37033173,9932017
358,000919,2017-11-22,0.0010893246187364536,-0.004357298474945481,0.3832273318006263,6412.0,54011.089675386596,573,9037386,4972114,606405,585738,1664578,1650021,1773881,1156761,2812171,939970,445855,294080,1044113,345544,0,0,690383,0
359,000920,2017-11-22,0.005774783445620768,0.0019249278152069227,0.38159519651013385,12588.0,261015.2261938617,742,11620485,20603770,572779,636860,3681305,3165649,2712198,2633884,3278284,2531011,1060919,988045,315000,629100,0,974295,0,9044926
360,000921,2017-11-22,-0.019607843137254943,-0.02352941176470591,0.3016529987364871,25959.0,169219.17698137622,2575,89890492,79338210,1797095,1229517,11225112,14228544,13711033,16793643,22442079,11574340,10734972,7015274,7602697,4772025,4828294,3959728,17549210,19765139
361,000922,2017-11-22,0.0025673940949935137,-0.0012836970474967568,0.3350121898566345,9366.0,35345.68530569199,540,6437345,5048669,505213,596388,2324758,2072571,1980737,1230288,1236637,664679,0,484743,390000,0,0,0,0,0
362,000923,2017-11-22,0.0040017785682524565,-0.004891062694530879,0.7166143666439841,11150.0,56101.40507553704,985,13578103,12576005,1220197,603614,4414814,4308712,2989123,2862334,2177720,2756236,507000,1124858,741235,0,490600,920251,1037414,0
363,000925,2017-11-22,-0.005115089514066473,-0.01534526854219953,0.7233261897284708,12320.0,92598.07212887052,467,7851787,6990567,411567,447190,2341078,1878214,1479336,502303,1467005,1004478,0,240084,0,677174,0,499358,2152801,1741766
364,000926,2017-11-22,-0.0008230452674896638,-0.006584362139917754,0.26332837399501924,12060.0,116475.50027984403,2130,49693781,45106125,992592,3783273,7985333,8446424,7189251,8675078,8881799,7982584,5444795,3704676,1539634,3459381,2835448,1708816,14824929,7345893
365,000928,2017-11-22,0.006230529595015577,0.0015576323987538387,0.19946644997929466,12880.0,67864.85315483273,1036,15807026,21589416,604277,1086101,4237122,4777888,3777306,5039146,2107629,5230797,1889669,2675020,1411099,1092118,0,421794,1779924,1266552
366,000929,2017-11-22,0.029547553093259404,0.003693444136657398,0.44286826070397856,7591.5,62983.476878449015,598,9856257,5945718,455578,623151,3032829,1504768,1335689,1011797,1098691,564014,1883915,747300,1064879,0,430636,948188,554040,546500
367,000931,2017-11-22,-0.0029761904761904656,-0.004464285714285587,0.26468897413461057,6740.0,48569.474134339434,644,7943491,5153330,531419,833096,1929832,2667537,1773207,807405,1457131,573942,270945,271350,305944,0,431801,0,1243212,0
368,000932,2017-11-22,0.006888633754305262,-0.009184845005740572,0.17319836950889642,28594.5,234632.3121962274,2534,127583139,106995658,1846277,1344708,13579657,10355824,14744298,13565517,21357147,15990704,15274117,10648203,8338939,8743834,6754215,4737245,45688489,41609623
369,000933,2017-11-22,0.010856453558504509,-0.004825090470446214,0.15557905091068516,28560.0,228169.79030898292,2844,143866231,156054725,1753168,1829801,11629146,10631137,13617454,13604934,21180438,19358249,18093326,18290095,14476452,14584446,12285304,10323995,50830943,67432068
370,000935,2017-11-22,-0.019767441860465085,-0.02034883720930225,0.3577912675186246,20412.0,77461.17338550037,2313,56900014,46242526,1373071,1615399,13019669,11448954,12739546,10766039,13424267,9080804,4923722,6208456,4185965,3704758,3604346,1351023,3629428,2067093
371,000936,2017-11-22,-0.015130674002750921,-0.03301237964236581,0.15765996824379372,21103.5,104777.84520855371,2130,67981170,37778544,1692064,1317389,13472447,8162835,14179507,8980842,13101432,7992551,7034375,3575710,2674918,1412418,5491224,2236814,10335203,4099985
372,000937,2017-11-22,0.008635578583765069,0.0017271157167528806,0.14276601197115324,11740.0,137324.78929309372,1647,38139550,43291773,1559478,1178160,7840591,5266893,7168536,4388884,6593796,6210386,2249325,4342391,3478879,4047310,3201870,2685221,6047075,15172528
373,000938,2017-11-22,0.029073698444895157,0.0,1.2972590467542766,144134.0,413585.8071445787,3253,452213324,414697069,390262,654851,9101863,7590216,18901402,18352693,44742324,36030162,42511485,38991783,35796562,35628848,39433080,30357300,261336346,247091216
374,000948,2017-11-22,-0.003809523809523707,-0.004761904761904856,0.42301296995537124,12588.0,68859.50457256091,616,12129115,7103909,318564,464659,3644866,2356943,2580684,1596241,2357828,1018840,492095,684884,1623240,329660,0,0,1111838,652682
375,000949,2017-11-22,0.010230179028132946,-0.007672634271099765,0.20939801669600747,6984.0,62667.773758920805,348,5112780,2292769,335155,368670,1502961,902409,760316,451350,1562819,101140,0,0,0,0,0,469200,951529,0
376,000951,2017-11-22,0.028284098051539974,0.022627278441231802,0.32441985785737,19512.0,96065.83590359744,2407,53840744,59242744,2305252,1198657,14075584,12589894,9459254,8432543,11081521,13170778,3308932,6749330,5101299,7550921,1865669,2683381,6643233,6867240
377,000952,2017-11-22,0.019485038274182465,0.015309672929714635,0.4009306720697046,18980.0,146659.993492938,1285,37637233,36360215,988525,923031,6720358,5742010,5046725,5421747,7841163,6635766,6372069,4954535,2010080,2950308,1409520,2188486,7248793,7544332
378,000955,2017-11-22,0.014563106796116498,0.012944983818770295,0.3910762622467088,6300.0,35927.137785494575,249,2160704,2199485,214189,213773,978471,766246,181155,540079,473889,679387,0,0,313000,0,0,0,0,0
379,000957,2017-11-22,-0.011070110701106972,-0.013837638376383743,0.30098782622468834,11868.0,87647.56429407379,1297,30122114,20989933,880998,1147206,5560351,5646136,5388646,4043015,6112731,3302807,2638526,2939712,1018704,384850,2699306,955883,5822852,2570324
380,000958,2017-11-22,0.010752688172043001,0.0,0.16021698688456734,11100.0,71067.08534979395,1214,22343315,16251971,1075935,980167,5110996,4669137,3693830,3601029,3242045,2683123,3843159,1167946,970275,723912,2664292,849749,1742783,1576908
381,000959,2017-11-22,0.004823151125401992,0.006430868167202508,0.13797960423072214,6875.0,122519.4488286695,2037,26087044,24689281,3241915,1745058,9025072,3888894,3312725,2960224,3848767,3871864,1287077,1626459,1012357,656178,860452,878531,3498679,9062073
382,000960,2017-11-22,-0.00312989045383405,-0.006259780907668211,0.2964500728112606,15347.0,163505.85506317127,1859,69195594,46126266,2187338,910709,8348499,7246766,7745883,5519055,13195432,8719075,7594707,6481685,4954336,3831926,3556645,6137202,21612754,7279848
383,000961,2017-11-22,-0.008169934640522847,-0.006535947712418277,0.15573115330972753,4256.0,98456.29595580917,1546,27358591,19473492,1541666,1234571,4546195,3172027,3897440,2968027,3509637,3591502,1222445,1181293,3393083,629858,3217513,892701,6030612,5803513
384,000962,2017-11-22,0.004819277108433662,0.0036144578313253017,0.3122381405743233,8350.0,34613.31860512778,706,7443061,5917366,768735,857239,3201398,2694132,1487722,1442049,1235506,396757,249300,527189,0,0,0,0,500400,0
385,000963,2017-11-22,0.0074906367041198685,0.0020599250936328417,1.0363012976708468,54010.0,280261.3993582411,2657,127203254,220197361,619286,600186,9600575,14037898,14722966,21895317,23042359,36146872,13537382,22015915,9093424,13264434,6693589,11335857,49893673,100900882
386,000965,2017-11-22,0.005163511187607606,0.003442340791738552,0.17538078457216452,5850.0,47394.810370340216,1098,10726469,12154703,966839,839415,3318148,3630545,2829158,4286056,1766425,1639444,0,1759243,318318,0,0,0,1527581,0
387,000966,2017-11-22,0.0,0.0,0.22074924556299305,5486.0,32612.658317205285,363,3622191,2549726,372999,389071,1449139,1106059,724072,285405,606718,540348,469263,228843,0,0,0,0,0,0
388,000967,2017-11-22,-0.021428571428571463,-0.01836734693877562,0.3681939575196545,11706.0,94112.11668212188,708,17331757,10933375,681489,866457,3196747,4024425,1996247,1659799,3422000,859317,1473836,989469,2606291,328635,1454000,0,2501147,2205273
389,000968,2017-11-22,0.001279590531030106,-0.0019193857965451588,0.3831654013261918,15970.0,136452.8666707156,1667,41838669,39580080,1176972,1547323,6975827,8573661,6153156,5863657,9690640,8290870,3755856,4206739,3299928,1044650,3687873,1372405,7098417,8680775
390,000970,2017-11-22,0.012561060711793415,0.009769713886950582,0.2777101668539501,35700.0,191699.57354364623,2664,115573515,136179178,1146625,1418052,12546629,12720545,13790104,17280310,22621331,25418304,13635789,18007281,9321556,10423814,9359342,4398846,33152139,46512026
391,000972,2017-11-22,-0.01707317073170722,-0.024390243902438935,0.17294461628194166,8129.5,152373.994980392,562,12891863,4817305,404439,549642,2362014,2333736,1433342,1192229,1673888,487808,1840380,253890,0,0,408000,0,4769800,0
392,000973,2017-11-22,0.0044709388971684305,-0.0014903129657227732,0.1857228497805251,13370.0,69420.83424679012,1306,24641326,25106532,991695,1316825,5862835,5593899,4690583,5146027,5113135,7311505,2845753,2866840,1660325,1741036,840887,0,2636113,1130400
393,000975,2017-11-22,-0.011235955056179803,-0.013643659711075617,0.4569384491330004,12290.0,118461.944570534,743,19445913,14148191,789853,761435,3122484,2713930,2667888,2613105,2634513,3132602,1900591,1227160,703325,1055293,1730324,885168,5896935,1759498
394,000976,2017-11-22,0.020954598370197974,0.016298020954598424,0.280473346421432,8293.5,73994.69699373415,938,12976832,13579451,833161,833740,2853821,3391200,3239023,2079962,2051662,3481274,1034674,919316,0,350000,454286,1320999,2510205,1202960
395,000977,2017-11-22,-0.017623136014460083,-0.02259376412110259,0.3701996427326305,266520.0,744896.3365847135,3578,850633690,814338063,174536,184154,3961333,4677803,12611901,15846894,43904136,47989578,55042789,52516987,67155444,58566203,58440517,48302039,609343034,586254405
396,000978,2017-11-22,-0.00793650793650802,-0.010204081632653073,0.4191390459910481,4400.0,44932.90324619886,442,6285196,2484259,492173,417472,1469962,857405,1093266,407661,1753916,563513,1054919,238208,0,0,420960,0,0,0
397,000980,2017-11-22,0.007003891050583633,0.0,0.254646657214968,42870.5,184047.25583146038,2550,116672812,107939106,1112010,914671,11764438,10256148,13638226,20265953,25584030,36441927,13039474,11745373,9324776,7500458,4894410,3684533,37315448,17130043
398,000981,2017-11-22,-0.00444938820912133,-0.012235817575083408,0.4758803163564535,14240.0,111159.2942518171,356,11092214,3377253,344357,327300,1912888,1190213,2697058,923952,1288595,282220,778708,0,355200,0,860959,0,2854449,653568
399,000982,2017-11-22,-0.006514657980456029,-0.006514657980456029,0.10639075688903481,7956.0,84746.87144467392,835,19447550,9041209,693892,687687,3494032,2232271,2585396,1494711,4359791,2498495,2074744,939910,945500,356427,0,0,5294195,831708
