,code,date,pchange_whole,pchange,change_std,amount_median,amount_std,length,sumsell,sumbuy,sell_vol_0,buy_vol_0,sell_vol_1,buy_vol_1,sell_vol_2,buy_vol_2,sell_vol_3,buy_vol_3,sell_vol_4,buy_vol_4,sell_vol_5,buy_vol_5,sell_vol_6,buy_vol_6,sell_vol_7,buy_vol_7
0,000001,2018-01-29,-0.022064056939501864,-0.019217081850533946,0.23586990398726515,240510.0,1090348.4248325513,3552,1001093993,1024575470,171776,417384,3932265,7382080,14038100,18691093,39495700,52733985,50411495,53763405,35933380,52526128,36520189,47604847,820591088,791456548
1,000002,2018-01-29,-0.04482417038137698,-0.04754829123328386,0.6786242555706203,219520.0,869264.747166331,3543,921530605,747407317,192508,314564,6487992,5207750,19358908,15272659,50976116,41912791,48910041,42936110,54139116,39781076,47180365,44223240,694285559,557759127
2,000004,2018-01-29,0.0046992481203007586,0.0023496240601501572,1.1482150681538694,10675.0,49755.65742685153,343,6082136,3014151,282114,320116,1438706,1497268,1297995,706065,1459021,251358,481230,239344,650070,0,473000,0,0,0
3,000005,2018-01-29,-0.014184397163120699,-0.014184397163120699,0.17933242012105569,4220.0,31630.61343009311,556,6505708,2510864,662893,485402,2369648,1246173,1479128,381374,1147005,397915,208500,0,638534,0,0,0,0,0
4,000008,2018-01-29,-0.0024125452352231624,-0.007237635705669376,0.24993039874108158,8210.0,66980.9966028343,1100,18789991,14014914,1436288,1035362,3315450,3185217,6170016,2167413,2570235,2658101,2047406,2186064,0,1079185,1744755,409003,1505841,1294569
5,000009,2018-01-29,-0.013372956909361133,-0.007429420505200679,0.15353290579668566,12806.0,137390.41065602773,1924,53321196,33466001,1589576,1587691,9383191,5955095,8965834,5824691,9069818,4887743,5028527,4159725,4171660,2062202,1737436,830886,13375154,8157968
6,000010,2018-01-29,0.003724394785847185,0.005586592178770999,0.14641002693110086,12489.0,57167.289987025986,1347,20121706,19888086,1202496,822510,5563462,8789846,3200807,4312805,4793957,3486404,2064233,964271,1683982,0,0,413532,1612769,1098718
7,000011,2018-01-29,-0.03170189098998888,-0.025583982202447175,0.43394281301879406,17880.0,94289.55372288589,1717,56046263,28348008,1166000,1352056,8828551,7735714,9419334,5949354,12573019,6968551,6250356,2202501,6114671,2381021,1804367,402697,9889965,1356114
8,000012,2018-01-29,-0.017467248908296984,-0.017467248908296984,0.18980272782330646,31535.0,248095.73187111758,2331,139158786,93764621,1411445,1650440,10109231,10553162,14530813,14170688,18493588,18857310,13004714,12846145,8411955,7650762,14269028,6009050,58928012,22027064
9,000014,2018-01-29,0.0007936507936507908,0.0023809523809523725,0.32885871129985217,12850.0,85417.75140410014,1472,30289994,21504304,1087194,1107934,8474871,5501629,5835518,4804777,5740458,4336846,2989652,2350210,1628756,673374,1423558,460697,3109987,2268837
10,000016,2018-01-29,-0.016296296296296364,-0.008888888888888835,0.14933435722891522,21312.0,230629.8139224772,2047,90199421,67438334,1671795,1266455,10097354,6680122,10682092,8333911,17103929,10135588,11350058,8859422,8983047,6987028,5416022,3996350,24895124,21179458
11,000017,2018-01-29,-0.006578947368421018,-0.009868421052631637,0.32553960914935626,6633.0,32557.354883862346,348,4084809,1695731,369498,476690,1238859,991503,1100074,227538,952273,0,0,0,0,0,424105,0,0,0
12,000018,2018-01-29,-0.01941747572815533,-0.02265372168284785,0.14771735133537156,12300.0,78706.53748127024,1753,36625563,25033660,730672,1793745,8943126,6923710,5038309,4137253,7923264,7009424,2576378,1354104,2821757,2107671,1822915,476973,6769142,1230780
13,000020,2018-01-29,-0.020480225988700584,-0.017655367231638408,0.6561090857359367,6990.0,43454.46159937911,465,5972055,2844975,607185,592253,1856619,1094156,912006,446023,925817,500503,1121800,212040,0,0,0,0,548628,0
14,000023,2018-01-29,-0.017412935323383172,-0.022885572139303534,0.8622799795835749,6000.0,44772.297280113235,543,6628708,3700279,614347,854310,1947471,1270852,1452746,692047,846195,322050,784449,561020,394000,0,0,0,589500,0
15,000025,2018-01-29,-0.007995735607675969,-0.007729211087420196,0.8794641605013406,15108.0,81959.94367918708,1820,44397461,28890572,1319766,1596014,9983987,8574968,8843411,5199001,10572691,5550194,4354193,2677266,3200906,1379671,812267,456291,5310240,3457167
16,000026,2018-01-29,0.0,-0.0074906367041198685,0.5029780448292419,10710.0,47808.59264260441,450,8179870,2968036,368976,289307,2678530,1531188,1761257,471800,1920307,413427,754380,262314,0,0,0,0,696420,0
17,000027,2018-01-29,-0.006451612903225823,-0.003225806451612967,0.17439360410781343,8099.0,65380.574338310544,1265,17754098,14343765,1892430,1291020,5165792,3717733,3079818,3798058,1914093,1822598,927496,1029800,1907322,657507,852363,876144,2014784,1150905
18,000028,2018-01-29,-0.059984089101034255,-0.044232299124900565,1.7357950468459329,24014.0,184007.73438386357,1312,54130560,38242463,776335,1076418,5476897,6091342,9438836,7585877,9502254,4251648,4570895,1880821,6014675,1404939,490590,2688110,17860078,13263308
19,000030,2018-01-29,0.0012210012210012167,0.0,0.18990935187911007,4107.5,47596.69842931239,1862,13224981,13415403,1649608,4017066,2712832,4199477,984970,1213868,2854027,2427890,958986,245100,1449119,617412,817039,0,1798400,694590
20,000032,2018-01-29,-0.03147953830010486,-0.025183630640083998,0.3555479495567549,5498.0,21433.517426868737,718,6487376,2883910,924830,602810,3024272,1528633,1620474,514473,917800,237994,0,0,0,0,0,0,0,0
21,000036,2018-01-29,-0.008108108108108136,-0.01621621621621616,0.20397896957152897,62032.5,369482.28170255653,2968,280096791,225858051,855108,876208,11009670,10933233,17911653,16776556,32598212,33968099,27307651,24097612,23558782,14273446,21728676,16490889,145127039,108442008
22,000037,2018-01-29,-0.007507507507507505,-0.006006006006005982,0.3516528628680521,9268.0,40412.53832789899,358,4089170,3086177,233763,248558,1908730,1357254,620448,569976,690909,476112,264400,0,370920,0,0,434277,0,0
23,000038,2018-01-29,0.001544799176107059,-0.002574665293511913,0.7184266786964336,11625.0,53845.63091945159,730,13569481,5635471,781517,875978,3893220,3020510,2895614,1171025,2973956,346570,226160,221388,640917,0,1357562,0,800535,0
24,000039,2018-01-29,-0.017218543046357504,-0.018984547461368684,0.4291176723017655,35689.0,233911.64037590398,2789,169302324,129956675,1466179,903349,14261825,15134322,15866054,14029821,20780704,19316165,20100276,12005451,12807423,11023813,11603238,11735556,72416625,45808198
25,000040,2018-01-29,0.009463722397476504,0.007886435331230235,0.3777567430413326,5817.0,150737.97566787104,1127,12067487,18222292,246093,1798410,2433367,4452108,1697633,2740051,2985218,1451255,1481092,446844,367200,386400,467360,0,2389524,6947224
26,000042,2018-01-29,-0.0210649502633119,-0.028671737858396606,0.6508356335133543,13376.0,53176.199829187295,689,13247183,6587324,651973,564450,4641704,1940474,2030886,1761751,2330962,1481670,1436932,0,1700976,343679,453750,495300,0,0
27,000043,2018-01-29,-0.014807502467917066,-0.012833168805528206,0.42631668180290755,12078.0,95475.25835550386,564,14815160,8494802,330154,431271,2327198,2024977,2758394,2035010,3299422,2752832,1378392,200400,0,318636,0,0,4721600,731676
28,000045,2018-01-29,-0.042268041237113474,-0.042268041237113474,0.280175269719748,16920.0,99074.73042152816,1199,36478207,15878684,686590,1531451,7647248,4892741,5145909,2958244,7335354,2979118,4102046,1479718,2493300,0,1827089,1464012,7240671,573400
29,000048,2018-01-29,-0.004019651630192023,-0.016971862438588614,0.7811535832963048,15375.5,190976.7755570949,822,20693964,20266809,527538,775609,3309837,4058918,3767586,3077763,2654261,3104164,2010958,1163740,303600,327822,1829415,898359,6290769,6860434
30,000049,2018-01-29,-0.029563330621101058,-0.026851098454027555,0.8996714035433946,18340.0,164929.81192899175,1680,68556556,33278553,1072345,1305167,7841615,7823294,7483422,6490907,12811150,8893671,8020488,3738286,5207942,2044514,2710127,817311,23409467,2165403
31,000050,2018-01-29,-0.03894790085988875,-0.04097116843702575,0.36040366799757007,44965.0,331502.2394387472,3011,248363354,158626271,1084855,1576016,13508480,14150657,19402884,16249107,28195936,27071714,24486771,22701657,18371948,17611109,18648786,9290741,124663694,49975270
32,000055,2018-01-29,0.005012531328320691,-0.00877192982456143,0.14632465543132173,40009.5,246702.4736982321,2982,178482010,128195187,1547577,1315993,14377995,12261355,20077583,18420032,31738427,25136954,22923234,15698413,12762396,13141594,16259841,8964768,58794957,33256078
33,000058,2018-01-29,-0.01619433198380571,-0.010796221322537103,0.25651809099050205,8880.0,52452.73057927456,834,14339093,6617733,990078,874172,4142961,2835837,2906544,1157553,3532554,901873,450194,0,1011202,392832,0,455466,1305560,0
34,000059,2018-01-29,0.002785515320334442,0.0,0.2152964770579713,39276.0,238454.91852647692,2505,131957128,121680022,1010316,1132684,11089133,11152714,16533020,14412810,25239248,24425038,14645086,14174520,10466267,11092006,7778725,7243498,45195333,38046752
35,000060,2018-01-29,-0.013355592654424098,-0.013355592654424098,0.20973930554720438,91885.0,637448.5918484204,3266,417357261,394324421,1038286,496175,16266120,6694537,24587742,12742827,48222590,31030290,44811377,27640325,28996694,33938431,21991529,25967398,231442923,255814438
36,000061,2018-01-29,-0.02010050251256279,-0.01633165829145722,0.2919784110845019,6272.0,69693.61222621167,743,11226312,6794732,990500,868556,2199709,1771654,1905928,1318372,2434964,1539784,759190,218592,962646,0,0,0,1973375,1077774
37,000062,2018-01-29,0.0,-0.0025499362515938317,0.7399643456693457,11685.0,114279.90979728031,1011,16636006,17713373,1089852,1141312,4581883,4145248,3329480,2341919,1998963,1783449,1446188,1532923,730768,0,943400,863558,2515472,5904964
38,000063,2018-01-29,-0.08879310344827573,-0.08017241379310347,0.5801211745426793,932264.5,2854360.3827157826,3600,3423868985,2901999669,6490,19442,712471,779500,3781922,5674967,19202354,24034969,32273380,42207835,25418846,45567820,40224885,44983483,3302248637,2738731653
39,000065,2018-01-29,-0.029592406476828703,-0.03126744835287543,0.4134620169921692,17570.0,117348.66260973038,1877,47110395,21990760,2359602,1257832,12810474,6765832,6835953,5099674,6024198,3838506,6051281,1867256,2480414,1014847,1309141,405536,9239332,1741277
40,000066,2018-01-29,-0.017857142857142794,-0.019230769230769273,0.14762052548982504,23859.0,171171.49918479734,2436,108773955,76606647,1517078,1790146,10831699,11572861,12688484,11805052,19978812,13629632,10751219,7501747,12240771,5516496,3935128,6686048,36830764,18104665
41,000068,2018-01-29,-0.013565891472868241,-0.005813953488372103,0.2509882725953372,3078.0,35100.484789487164,422,3974850,2432364,266332,370585,1062247,822353,1169426,609093,612639,409743,471248,220590,392958,0,0,0,0,0
42,000069,2018-01-29,-0.03778801843317969,-0.03317972350230414,0.18664996123419605,68624.5,390848.715422391,3394,343190054,254899605,1670063,524710,16758399,8580432,27543547,17529655,46308751,27020222,33832687,22761472,24567712,25532338,21257110,22523480,171251785,130427296
43,000070,2018-01-29,-0.03241650294695486,-0.0304518664047152,0.2698447968090181,15240.0,108509.5675802157,1424,36365259,25541382,1253566,1394171,6692932,6792027,6948493,5119804,8622083,5394647,3069615,1765354,1025127,1114927,1376357,854984,7377086,3105468
44,000078,2018-01-29,-0.010067114093959662,-0.008389261744966459,0.13950246212482725,11920.0,111678.481128234,1828,50205318,33392259,1458058,1659266,7486042,7093846,5115615,5244692,7551269,6957622,11503187,3050645,3759753,1430273,1261367,437634,12070027,7518281
45,000088,2018-01-29,-0.015384615384615219,-0.011834319526627168,0.2296545576782758,16007.5,84007.70733336011,1354,36582956,19841408,1373221,1109162,8076045,4958267,5875932,4256417,8306508,4210798,3405921,3169593,2452444,750182,424534,836049,6668351,550940
46,000089,2018-01-29,-0.017241379310344862,-0.014008620689655027,0.1952925328529238,12838.0,115542.15793497262,2261,45382876,48828484,1549076,3243932,8404885,11584879,8222843,5757466,8497640,7989696,4308625,4556981,4161329,3117893,2290671,3621783,7947807,8955854
47,000090,2018-01-29,-0.013286093888396633,-0.015057573073516406,0.232996987158213,22680.0,188160.30080248896,2352,99640525,79780259,1410769,1080809,9775992,8238503,15044661,10609266,18629803,13676257,11894911,8106861,8268351,4437705,4298756,9058021,30317282,24572837
48,000096,2018-01-29,-0.00223880597014936,0.0,0.9500072602410806,6018.0,34389.46347223479,198,1462340,1285151,286430,178884,736008,592637,50958,64416,0,235934,0,213280,388944,0,0,0,0,0
49,000099,2018-01-29,-0.03229166666666672,-0.023958333333333415,0.26088368877720536,5718.0,61143.90232233632,1355,21014788,10505837,1658337,981677,5581647,3378694,4352424,2833641,4169818,1849153,1587962,503872,667047,0,469938,0,2527615,958800
50,000100,2018-01-29,-0.013698630136986245,-0.008219178082191747,0.06243771338007117,55386.0,687433.0016556459,3455,322405569,352124981,1393986,1720597,12204312,14193708,21168863,22689498,34462030,43585602,24084778,31357096,16113917,21150932,15598070,18097236,197379613,199330312
51,000150,2018-01-29,0.01997336884154466,0.02330226364846877,1.1561894485475919,27612.0,150426.99611018994,675,18896571,37754403,556465,506941,2955424,2301192,1965725,2369767,3948456,6658688,2761717,5897034,2560412,9266366,0,4116758,4148372,6637657
52,000151,2018-01-29,-0.007733952049497228,-0.0139211136890951,0.5080669858779767,12900.0,56441.33086679245,647,13035964,8852351,403282,573093,3473415,2966612,3091526,1729307,4207407,2098279,879828,736413,980506,0,0,0,0,748647
53,000153,2018-01-29,-0.01927710843373498,-0.01686746987951815,0.35993199658464076,9053.0,54149.36100529955,531,9107832,4955933,609696,566694,3023977,1353660,1908828,803190,2109457,850481,797474,668907,658400,0,0,0,0,713001
54,000155,2018-01-29,-0.03059581320450888,-0.025764895330112725,0.1266883585718226,20097.0,125132.95353612544,2409,86167786,55426607,1479148,2022749,10285719,11711228,13167400,10313371,17415367,11695714,11455835,5913453,8424910,4649107,7275714,2193457,16663693,6927528
55,000157,2018-01-29,-0.017278617710583144,-0.017278617710583144,0.08867805582391682,16488.0,221220.28574611805,2739,136107670,73643116,2384544,1784991,12220953,10484489,10602353,10140231,17135096,11293208,13355420,8679083,6818113,3544189,10095705,8078306,63495486,19638619
56,000158,2018-01-29,-0.029378531073446346,-0.013559322033898202,0.17086809048528082,22000.0,287877.85605136486,2691,109109813,123896174,1225959,2831557,9181308,14308843,9516163,14541315,14354992,19515671,13835078,12355223,8214187,7690018,5761754,8019588,47020372,44633959
57,000159,2018-01-29,0.013084112149532867,0.0018691588785046953,0.19033891630564406,7007.0,48814.90138587061,790,10806695,8860308,1271426,520932,2885901,2584366,2645622,2436406,1431781,2009393,1801893,0,770072,703914,0,0,0,605297
58,000166,2018-01-29,0.0035842293906809264,0.008960573476702427,0.10770041705471319,17391.0,203617.56059394305,2693,102283494,100686471,2347022,1063893,14174264,8478187,13517821,8824817,17023882,11312968,8916473,8153985,7052377,7499422,5269816,5527402,33981839,49825797
59,000301,2018-01-29,0.00512820512820511,0.008547008547008739,0.1752363689268615,11920.0,97519.41410478433,1115,20995483,21674004,873429,956751,5388360,4493928,3799321,4195399,2252730,4614051,1947433,3823191,1711997,1352076,915036,1655755,4107177,582853
60,000333,2018-01-29,-0.0338873648539616,-0.036953364531224775,1.0367159851250576,287568.0,938702.8391963675,3574,983479717,896553436,72516,78373,3914243,4475673,12183569,16334509,37362586,50541468,50543733,52751859,56999864,54076574,61321526,55929445,761081680,662365535
61,000338,2018-01-29,0.003325942350332678,0.009977827050997812,0.1520869069784838,80432.0,418697.2741949359,3525,333817458,394578840,1067020,484054,16663278,10707296,26193249,23307635,46024008,44051310,26897542,41298102,25955444,21942564,30779358,23533404,160237559,229254475
62,000400,2018-01-29,-0.012841091492776902,-0.012038523274478408,0.25358791044160667,11106.0,105873.71497831855,2417,55954409,27165213,3699885,1406746,13237763,6518458,6884044,4846931,7982872,3578570,3453576,3400016,2517389,1483158,2656689,1775991,15522191,4155343
63,000401,2018-01-29,-0.0034506556245686992,0.0013802622498273465,0.25722654223297453,72450.0,256093.8712252881,3176,237662727,246060067,697392,999350,12035582,13011058,21328739,21218835,41667090,37807282,33658557,34357435,21000789,21192271,16806667,18115586,90467911,99358250
64,000402,2018-01-29,-0.0122649223221587,-0.010629599345870822,0.22613387462928783,35477.5,195254.32583381416,2930,155491018,116675010,1551309,1114639,13679955,10846731,19349937,16157266,30946237,21399373,16852672,17167268,10411272,8199767,9734130,10369949,52965506,31420017
65,000403,2018-01-29,-0.01502077341003516,-0.01342281879194629,2.1004536009011736,18516.0,53297.24932135832,221,4911944,2677011,169225,198084,1216784,840512,1234691,433317,1242595,476716,710825,728382,337824,0,0,0,0,0
66,000404,2018-01-29,-0.020304568527918843,-0.020304568527918843,0.23590753377339377,8850.0,81906.78154602427,627,12990523,5746532,771311,480102,2079938,1954037,1754220,1347933,1438869,1123238,1033609,841222,1321118,0,459780,0,4131678,0
67,000407,2018-01-29,-0.005154639175257714,0.0,0.29403964189445075,7750.0,66133.36632417009,696,9421841,7228954,679346,610524,2771271,2621618,1461363,1787589,1599016,830221,809212,674563,309200,704439,480033,0,1312400,0
68,000408,2018-01-29,-0.03988095238095246,-0.042261904761904834,0.40355072813317294,32960.0,184800.8643495048,1735,100154611,67100419,698339,1367313,7454639,8318753,8169001,8035227,18161317,16204791,17571357,9664180,9614985,5508182,8679848,3736527,29805125,14265446
69,000409,2018-01-29,-0.0015974440894568342,-0.019169329073482455,0.23271318489002704,6260.0,72791.60580182391,724,10208281,10099509,563008,835935,2314229,2439409,1736404,2062394,1981764,907512,667994,514998,371308,944193,1241613,0,1331961,2395068
70,000410,2018-01-29,-0.021535580524344566,-0.016853932584269593,0.28814666508685305,14700.0,138497.5215403428,1374,36292313,32025396,973819,965500,6478407,5961225,5353894,5093816,8547722,6541623,2635266,2202211,3705372,2039967,1843115,885704,6754718,8335350
71,000411,2018-01-29,-0.001002506265664116,0.0,1.3738213129806947,11993.0,113573.29018681597,210,5334102,5396433,222054,98198,1013485,397941,1125695,96000,1655978,556231,1316890,694125,0,971146,0,460000,0,2122792
72,000413,2018-01-29,-0.023230088495575174,-0.03429203539823,0.1582740664301135,47382.0,397177.97457105236,3267,267122518,189401138,1179892,1527101,14287997,16463722,20912735,23679070,33854761,34374770,24093216,24942431,11181191,10850718,12068764,9395018,149543962,68168308
73,000416,2018-01-29,-0.01949860724233976,-0.01810584958217265,0.2563640542222993,12036.0,84376.60179527372,785,15275264,7887464,454219,676328,5543201,2849585,2344950,1166848,1507513,348580,1261112,823263,660780,359500,455430,408960,3048059,1254400
74,000417,2018-01-29,-0.01122194513715713,-0.00872817955112215,0.2689453762041618,7970.0,64027.7210248921,889,18677349,6233044,1206050,816164,3272969,2785170,3156923,1111556,3756885,705414,1017108,814740,1017214,0,4626302,0,623898,0
75,000418,2018-01-29,-0.0453920220082531,-0.036726272352132106,1.553342453568255,34530.0,161997.31425949838,2193,115390269,68225859,1211546,1475437,9913427,10059522,16306006,12281064,16812429,11161336,7287929,8590729,14942426,5397308,9132401,4866411,39784105,14394052
76,000419,2018-01-29,-0.0032679738562092497,-0.0032679738562092497,0.29086162560236406,4884.0,41204.519198704096,442,5644669,3183082,292446,352097,1902553,1180899,1063900,479654,1304788,465327,467982,705105,613000,0,0,0,0,0
77,000420,2018-01-29,-0.015822784810126667,-0.015822784810126667,0.10882184413399115,4710.0,99089.15570681778,845,16467676,6006973,970798,684516,3322263,1757001,1608253,1293762,2365256,1457148,460010,0,2665752,310546,430708,0,4644636,504000
78,000421,2018-01-29,-0.008169934640522847,-0.004901960784313819,0.28449629950374794,4270.0,43676.87066523597,462,4693734,2694411,309568,454142,1632131,723612,1521997,557747,781078,287910,0,0,0,0,448960,0,0,671000
79,000422,2018-01-29,-0.0117647058823529,-0.007058823529411784,0.12219765207303196,10625.0,109765.53343375851,1212,33281201,23632367,853332,1338123,4132231,4836685,4193247,3460207,5090913,4843777,2781953,2808795,3347462,1028500,1752625,1695148,11129438,3621132
80,000423,2018-01-29,-0.02270676691729334,-0.011278195488721776,1.2874375083787066,40227.0,181528.78596479364,2668,148180690,109488942,1124543,1201662,14147113,11390246,19825257,14317123,31507358,25385358,17645091,11005580,18687483,10057922,8877242,4780599,36366603,31350452
81,000425,2018-01-29,-0.05102040816326525,-0.048979591836734726,0.08245850835039276,108069.0,462950.1938970645,3553,512987986,376753858,573676,563073,10182600,12104414,24333127,25182900,52496806,54374271,44228025,40062269,40162309,33796813,28621348,17764855,312390095,192905263
82,000426,2018-01-29,-0.021276595744680882,-0.019574468085106433,0.22769176044545375,34965.0,488545.6273500428,2672,154180979,199728062,1262484,1580800,9627665,9183392,12864952,13362882,25389534,19086188,19270794,14455972,15036823,19480448,10650406,7958421,60078321,114619959
83,000428,2018-01-29,-0.0072289156626507145,-0.002409638554217053,0.20479136377537505,7037.0,60528.230575668866,410,7266910,3131621,579079,260086,1806389,626659,1183403,474965,1035740,856366,641363,538800,986023,374745,415000,0,619913,0
84,000429,2018-01-29,-0.014051522248243464,-0.017564402810304247,0.2440024039045592,8490.0,82770.78909792172,1225,27544408,14435284,1293519,1056954,5821431,3816853,5157505,2302812,3410529,2681503,3001451,1827765,1081235,1018746,2182883,885652,5595855,844999
85,000430,2018-01-29,-0.004571428571428449,0.0022857142857142243,0.39066753158482564,10512.0,86521.71888449918,501,7635811,8891139,551728,511482,2719099,1991117,1525734,1121026,1340219,379756,457339,0,385442,1105819,0,441000,656250,3340939
86,000488,2018-01-29,0.029556650246305383,0.01477832512315258,0.31501732086201945,103347.5,441792.22616474546,3366,360660970,446785760,606500,567354,9558995,10733474,19973936,28094420,42033773,53026648,36610032,41786351,31523940,31467536,26421405,27411056,193932389,253698921
87,000498,2018-01-29,-0.0029239766081871066,-0.004385964912280715,0.20924720813467185,6820.0,60522.30014517846,1069,13500430,9271972,716434,1598025,3475251,2559692,2995928,2184859,1685199,1491706,1718009,1437690,318920,0,443331,0,2147358,0
88,000501,2018-01-29,-0.029936672423719002,-0.024755325273459916,0.3983188559375722,20724.0,191531.75521511497,1903,73212962,40471013,1031513,1329990,12334325,10204299,7315629,7310033,5827138,8775605,5085162,1397204,3006981,966115,2733902,886268,35878312,9601499
89,000502,2018-01-29,-0.031481481481481444,-0.03240740740740755,0.5065064890779204,8384.0,55193.91505768043,454,7321586,3718657,433141,440296,1686490,1161992,1411276,710311,2524586,150436,870243,503780,395850,0,0,0,0,751842
90,000503,2018-01-29,-0.03127962085308056,-0.028909952606635203,1.033362010086527,36976.5,230561.64390087946,1668,101952014,53406394,1117360,1047609,8835618,6342470,10392497,7370928,15145797,9786367,12474972,8236800,8729201,4223019,5549463,3174279,39707106,13224922
91,000504,2018-01-29,0.004667444574095514,-0.00583430571761967,1.08374016291734,15425.0,110270.96953516107,562,20162411,9836192,434960,350372,2794404,1546667,2973698,1251313,4569383,1419007,2244218,1351906,2063371,303614,1345375,1249961,3737002,2363352
92,000505,2018-01-29,0.08430913348946145,0.08430913348946145,0.26985510925848405,18520.0,145214.10051511924,1002,45959444,20593563,1550720,298726,6729406,1815951,8065031,2077595,8660323,2744412,5394324,2945881,3678497,2091836,1392973,1280319,10488170,7338843
93,000506,2018-01-29,0.0,0.0,0.32907015277578855,4611.0,40290.816037378994,466,6312635,2663055,543041,291924,2094335,451948,1787985,1070001,953319,310835,499534,538347,0,0,434421,0,0,0
94,000507,2018-01-29,-0.013565891472868241,-0.015503875968992276,0.19419528734482044,41040.0,252863.87707484464,2827,164062382,131437169,1047427,984106,13486597,12191659,18668808,16174226,33905051,26202827,23333940,16120071,18076229,7303693,9983258,8221730,45561072,44238857
95,000510,2018-01-29,-0.02378121284185486,-0.009512485136741966,0.3021265830323739,10842.0,82406.30062508814,775,17528065,10904532,1120845,602993,4801515,1863797,2775650,1631222,3423904,1275059,2028405,704882,333200,332800,1317078,421451,1727468,4072328
96,000513,2018-01-29,-0.026842105263158,-0.026842105263158,1.4051802696394717,60088.0,282371.2306868747,2927,220230758,191264967,1172391,1174538,11469534,11090341,18229620,19612901,29418189,31462364,22995536,26301194,21655945,28350626,18221068,16713450,97068475,56559553
97,000514,2018-01-29,0.007320644216691097,-0.002928257686676483,0.183471026838098,9702.0,52238.18909967246,1387,20723798,18735356,1205743,1226483,5368369,5032178,4405628,3862353,6505337,6517499,1436177,675425,1061088,373910,0,454300,741456,593208
98,000517,2018-01-29,0.02182539682539697,-0.003968253968254065,0.09470029902937177,28083.5,185957.0315157622,2846,109442157,102437839,1827843,1308989,14025308,13038322,17922345,14744674,19133784,20572706,11778634,14404161,7868579,6111450,10611525,4977025,26274139,27280512
99,000518,2018-01-29,-0.020679468242245203,-0.020679468242245203,0.2989971737680218,8052.0,36744.22884500551,512,7216918,3585235,527065,578837,2619732,1514267,1235019,776007,1997117,511469,536485,204655,301500,0,0,0,0,0
100,000519,2018-01-29,-0.024581005586592042,-0.02346368715083791,0.20406762073807486,10692.0,55244.015559627725,1925,37329299,21603645,2225352,1975856,10460197,6243206,8168321,3705392,8427233,4969957,3404049,2897501,2055789,981804,1351022,829929,1237336,0
101,000520,2018-01-29,-0.017857142857142794,-0.015306122448979553,0.12436057773309328,7800.0,75429.70762864912,995,17892759,8275074,1130252,866991,4922949,2762854,3083147,1111133,2407092,2172321,1251792,951105,1030854,0,856830,410670,3209843,0
102,000521,2018-01-29,-0.011605415860734936,-0.011605415860734936,0.21566366468607587,5698.0,87037.16830552234,574,11658259,4943202,470581,499851,2107476,1487474,2137286,1117208,2563824,932713,1464656,221965,648492,0,0,0,2265944,683991
103,000523,2018-01-29,-0.012269938650306678,-0.013496932515337567,0.3501531605801992,12059.0,62972.552680430264,541,11354169,4908289,500144,642081,2568135,2542663,1709830,1010828,2660827,507967,961819,204750,316382,0,861073,0,1775959,0
104,000524,2018-01-29,-0.017574692442882345,-0.017574692442882345,0.42079237964143734,6804.0,37896.25485867226,731,7314955,3522396,591801,635732,2996143,2276479,1644077,396025,713219,214160,221520,0,347395,0,0,0,800800,0
105,000525,2018-01-29,0.01810954063604231,0.01810954063604231,0.572613580307364,23130.0,128055.36137714385,1564,40787025,57056533,935972,1043763,7528103,8403583,7940550,6505445,9244936,10243284,4098076,4345531,3180196,5257067,3674546,5829314,4184646,15428546
106,000526,2018-01-29,0.010050251256281229,0.004690117252931225,1.568142062619103,12040.0,46623.804946763026,362,4239395,4685424,317188,359326,1405965,1655414,697084,950689,803242,1326371,1015916,0,0,393624,0,0,0,0
107,000528,2018-01-29,0.0068728522336767295,-0.003436426116838587,0.16339100531285403,22724.0,157573.63598534963,2860,102861159,86647692,2394238,1583637,16736889,9324078,17104757,9856765,18901594,16832108,14419390,16724780,6367580,5207148,4780139,5768921,22156572,21350255
108,000529,2018-01-29,-0.012658227848101333,-0.0042194092827004814,0.3301774365474926,9912.0,56300.17450518984,463,6639329,5331415,430608,377637,2503468,1196136,1554966,1908974,1211053,667369,280764,425100,0,0,0,0,658470,756199
109,000530,2018-01-29,-0.023679417122040025,-0.021857923497267784,0.16787331011436973,9738.0,50745.082170701484,1070,19155578,7270564,3150183,721082,4075415,2456747,2746806,2105519,2748942,1767616,3824863,219600,968599,0,910150,0,730620,0
110,000531,2018-01-29,-0.012547051442910906,-0.006273525721455453,0.26997763964747146,7980.0,44822.148785757745,871,13951708,5424471,1371545,767984,4054738,2032059,2843769,828480,3291812,600572,647335,1195376,771231,0,458354,0,512924,0
111,000532,2018-01-29,0.0114135206321333,0.0114135206321333,0.3025380960873681,16142.0,81980.13138758694,1419,25245797,30608672,1003212,965500,6723652,6689122,6000586,6604888,5204038,5859727,2084491,4555714,1367067,977051,825161,1354485,2037590,3602185
112,000533,2018-01-29,0.006269592476489061,0.006269592476489061,0.4146626097474316,9620.0,92906.06764534756,532,12643403,9737094,811430,346437,2316940,1519170,1485124,1763850,1285375,1369002,2927774,1795022,384400,1352811,1354941,907072,2077419,683730
113,000536,2018-01-29,-0.023454157782516027,-0.006396588486140775,0.14592000687630424,5148.0,50145.292799694704,1034,10167725,8707278,1203419,1748360,2835237,2415259,1381185,1225252,2399572,1529630,658560,457379,378350,307850,445816,417172,865586,606376
114,000537,2018-01-29,-0.039999999999999925,-0.03314285714285703,0.33104827302882905,64010.0,612980.6915527801,2803,289475281,297031445,1056404,883568,10835508,9916702,15018475,15429327,28023052,26599228,28258948,20074638,20813740,20368829,24996798,16888601,160472356,186870552
115,000538,2018-01-29,-0.02934559327007724,-0.02768267631810617,1.959337420582157,40698.0,498296.0494319613,2723,238025093,143146957,854409,994517,11072891,17118546,16345926,18434328,25634777,21841930,16453117,13686881,13728406,9850765,9677993,5426028,144257574,55793962
116,000539,2018-01-29,-0.008064516129032251,-0.004032258064516014,0.19447228792100626,3972.0,31287.33106384271,650,4345553,3947268,387531,883428,1867643,1880877,797769,635572,311835,206336,490725,0,0,341055,490050,0,0,0
117,000541,2018-01-29,-0.018769551616266922,-0.019812304483837306,0.20565600001253267,14340.0,150185.86353772567,2176,70116000,40065261,2343871,1878096,11941572,7322067,12867075,7591043,9809542,5780090,5978622,3273529,2764614,1957287,3153784,2756547,21256920,9506602
118,000543,2018-01-29,-0.009578544061302652,-0.0019157088122604415,0.15114960432529628,10197.0,95515.86973842971,1194,22029772,23373730,1007400,1412414,3633499,4661921,3275562,3237482,2869413,4516861,2067154,3041822,0,1734844,2251249,1657518,6925495,3110868
119,000544,2018-01-29,-0.0227116311080523,-0.0227116311080523,0.6174186048737135,11360.0,43738.360497808535,553,9379266,4604404,448152,580613,2955517,2075498,2009237,631299,2659544,642944,975956,0,330860,674050,0,0,0,0
120,000545,2018-01-29,-0.0039525691699603405,-0.011857707509881354,0.15090711721019442,11154.0,120041.52613172837,1125,21414924,22149965,712531,1058890,3951590,4876640,3616688,4252690,3993027,4530606,1156386,2356497,1088268,366912,400800,1342629,6495634,3365101
121,000546,2018-01-29,-0.010738255033557076,0.0013422818791946067,0.4117172270708677,22455.0,73883.6231340656,1312,19923388,31991806,580465,710307,5367937,11519921,3906894,4168023,4463445,11305864,1981413,2373402,1277208,0,496635,449755,1849391,1464534
122,000548,2018-01-29,-0.024285714285714244,-0.024285714285714244,0.1655302428530134,13680.0,175181.02291646984,1792,44502032,33526822,1528520,1548018,8110020,7936224,7839208,5453685,9598121,5283328,3393106,2914178,3440284,696454,1719125,493920,8873648,9201015
123,000550,2018-01-29,-0.016597510373444035,-0.011929460580912932,0.48354187179846814,17419.5,144240.62519017738,1590,50339032,23790744,1482197,1494355,8541741,6944069,7477103,4968257,8025032,4995332,5994101,2262433,3834997,1060448,1334092,902216,13649769,1163634
124,000551,2018-01-29,-0.011111111111111072,-0.012345679012345623,0.3296952309264322,7281.0,108110.09396819593,603,14364591,5800855,357659,629215,2168763,1721495,2421139,1425270,2376012,1578051,1001125,446824,1065819,0,1428755,0,3545319,0
125,000552,2018-01-29,0.005464480874316946,0.005464480874316946,0.07817840612712977,7011.0,77440.59429597286,2205,27819812,41612015,2169223,2647202,7409136,7268201,3761117,7031928,5070470,7867436,3276843,5034786,1478406,2346590,2608881,1724155,2045736,7691717
126,000553,2018-01-29,-0.035260115606936426,-0.03410404624277452,0.36278786404196606,25560.0,112523.4900438991,2276,76831166,59984260,908002,1424711,11741981,12239076,13606982,11284498,16095073,13879707,8890593,6738465,9309016,3395903,1260458,3191875,15019061,7830025
127,000554,2018-01-29,-0.00987654320987652,-0.00864197530864197,0.24666473662620916,14553.0,76309.9876208034,1078,21827299,20061867,973446,1253854,5255685,4705812,4396252,3656910,3747212,4346847,2856214,1701348,1335433,1403006,414284,1775190,2848773,1218900
128,000555,2018-01-29,-0.005046257359125339,0.000841042893187538,0.3346898050863338,11930.0,76033.78524003364,1262,20086681,21213061,1342663,928817,6828448,5077369,4905873,4338002,3701842,3504873,2009265,1743622,709590,1633658,0,0,589000,3986720
129,000557,2018-01-29,-0.016460905349794275,-0.016460905349794275,0.11827737218745017,4870.0,54714.993735205,1692,25732091,9609252,2536145,1356427,6680823,3228692,4476627,1851663,4321922,2161190,3034325,0,2027181,0,448949,478000,2206119,533280
130,000558,2018-01-29,-0.023483365949119372,-0.017612524461839696,0.14158576748783977,10060.0,65594.47060315155,1304,24927170,13802883,1013743,1392743,5266735,4706204,3970903,3458461,4426547,2284365,3741018,867537,2301153,613662,846762,479911,3360309,0
131,000559,2018-01-29,-0.028213166144200552,-0.017763845350052265,0.22890107083681058,12207.0,151084.35355269042,1749,46704429,28354878,1314535,1963637,7219286,8246210,6872957,5751135,6614557,4909907,3258017,1892410,3539236,1028152,1450782,474635,16435059,4088792
132,000560,2018-01-29,-0.006521739130434634,-0.0021739130434782483,0.32065168188583953,13815.0,99040.85403319288,823,22812238,13231824,1095419,549468,5035950,2134290,4838765,2788002,4254686,1499555,1011879,2473332,1026897,1418840,857412,1351937,4691230,1016400
133,000561,2018-01-29,-0.018270401948842885,-0.018270401948842885,0.25781040794182364,4075.0,29551.75077738023,1014,11478837,4527404,990743,926232,3687324,2208313,3477251,735398,2677188,404244,646331,253217,0,0,0,0,0,0
134,000563,2018-01-29,-0.0066079295154185536,-0.00440528634361248,0.09680106950243779,11723.0,106748.31288103834,2208,50933532,47419001,2407896,1314710,9031760,8598600,9094094,7949304,8548226,9264844,5942230,5859723,3524451,3005662,3662598,4519378,8722277,6906780
135,000565,2018-01-29,-0.024590163934426257,-0.02732240437158473,0.34867732365764464,7909.0,81985.416543758,440,10205519,3489074,498461,454253,1893293,1257386,1772813,791884,1414698,255051,1410778,206468,0,0,867089,0,2348387,524032
136,000567,2018-01-29,-0.011832061068702271,-0.011450381679389388,0.679753368278124,26405.0,249579.45541630543,1488,55193046,59051936,605191,832259,7466783,7698148,6692795,5926881,13639394,7922512,12180112,6819154,4424985,4085170,4030416,890784,6153370,24877028
137,000568,2018-01-29,-0.046238585302217694,-0.03768662124945632,1.1808058960893186,139954.5,567791.9404134285,3418,544331441,433565690,413096,232727,11212394,7765333,16797081,21480101,33660449,46573510,58106852,48282635,44387090,46466128,32083138,36286699,347671341,226478557
138,000570,2018-01-29,-0.010830324909747224,-0.0036101083032491488,0.32652980270086246,5570.0,35479.60406550023,287,4613538,1451914,190123,173863,1679978,649332,826330,269188,1689148,139356,227959,220175,0,0,0,0,0,0
139,000571,2018-01-29,0.02238805970149249,0.03171641791044766,0.14263009527893922,11060.0,69689.37163308432,1417,18929040,23070453,1089732,1121452,6017732,6096824,4342780,4451998,3966287,4169467,442485,3292032,699444,351592,411040,841156,1959540,2745932
140,000572,2018-01-29,-0.03211009174311941,-0.022935779816513846,0.09326559152794396,17000.0,182282.40369126972,2197,74030457,69131324,1576183,1942377,8845430,9545093,7511712,9982318,11101853,12691603,8704154,7694762,5482947,2746256,4875145,6186398,25933033,18342517
141,000573,2018-01-29,-0.04844961240310075,-0.04263565891472865,0.1482324593606362,13824.0,101796.36168189516,1213,30956693,11240293,995651,1089148,8607016,3773516,5276820,2989398,4544033,966931,1957746,1062364,1398307,0,1319440,417822,6857680,941114
142,000576,2018-01-29,0.002949852507374784,0.0035398230088496963,0.9492118966562563,17070.0,221284.89036612428,318,6812508,23662209,244052,226506,1316995,938125,635525,1660067,1223816,1844626,969004,3093159,0,2323526,438699,918000,1984417,12658200
143,000581,2018-01-29,-0.004903809883063048,-0.015088645794040012,0.48397210525252915,47628.0,302180.11161551485,3003,228918846,131276490,1394914,735291,17298270,9181299,23729367,16286704,37514989,24819276,25225568,15584875,18128364,12871220,8077722,9025633,97549652,42772192
144,000582,2018-01-29,-0.014836795252225365,-0.015825914935707286,0.3146792499880226,11022.0,62450.736358121394,1032,20832737,10474704,832689,917925,5166481,4074477,4725771,1870695,4459030,1578032,2159744,429522,953727,607200,909799,494379,1625496,502474
145,000584,2018-01-29,0.002734107997265811,0.006835269993164639,0.3573462261108997,17700.0,94238.61528684199,1676,34191779,46582806,1716286,441072,13320119,4270877,7443298,4388352,7237391,11335563,1394712,7530990,1036350,5316564,853145,4919311,1190478,8380077
146,000585,2018-01-29,0.0176322418136019,0.02015113350125941,0.08426672331068344,9042.0,162424.58479050183,2238,42432887,36003669,2288091,1764642,9521642,7813083,8114425,5946742,8698647,5432524,4610998,2372902,4270721,1353808,932284,412459,3996079,10907509
147,000586,2018-01-29,0.023781902552204137,0.013341067285382868,1.7082169179356856,10530.0,41539.78166775559,101,1247009,1140769,59375,85393,495725,340544,300689,329169,164825,118319,226395,267344,0,0,0,0,0,0
148,000587,2018-01-29,0.015089163237311354,0.008230452674897082,0.1431438462680996,44280.0,301852.9427965884,2611,112854336,164833734,1093691,944918,13625368,10351614,25151307,13453562,22004911,31175779,6103340,11239478,2783726,5016883,2201742,2136411,39890251,90515089
149,000589,2018-01-29,-0.013015184381778844,-0.010845986984815759,0.20016298449792996,4135.5,57514.672439502174,530,7303064,4045833,550834,539870,1422671,1181867,1270091,617685,808479,649128,1181461,539784,1049192,0,459000,0,561336,517499
150,000590,2018-01-29,-0.02824040550325857,-0.028964518464880573,0.8171678180422624,10848.0,70982.22917799343,285,6603961,1562064,197654,292037,1418332,677155,1063407,592872,705143,0,1566540,0,334685,0,0,0,1318200,0
151,000591,2018-01-29,-0.010791366906474753,-0.008992805755395628,0.14243805943539023,6623.0,104702.06486431533,1526,34941537,17146811,1474595,1165907,5904271,4256679,4406436,1824914,5572694,2947332,3710722,1598311,2787091,378537,907127,887930,10178601,4087201
152,000592,2018-01-29,-0.0491228070175439,-0.0368421052631579,0.11084175893028712,43165.5,404501.72767884017,2688,154894647,185951179,769910,1854192,7683998,11675858,13202809,18621758,18816415,26742293,15563338,19295636,14619885,16968774,8549337,13363634,75688955,77429034
153,000593,2018-01-29,-0.04086265607264483,-0.049943246311010325,0.27190131446803517,11296.5,115286.0083286064,1058,26786578,13974444,816755,1259536,4353790,4618127,4347605,2517734,3057286,2187027,2421504,902937,989244,1028849,0,880354,10800394,579880
154,000595,2018-01-29,-0.013384321223709472,-0.007648183556405397,0.2216982109111037,7315.0,46484.69679690516,556,8562759,4876282,548720,456266,2299422,1607405,1627186,1311504,2513366,1008882,707240,492225,313200,0,0,0,553625,0
155,000596,2018-01-29,-0.05386192754613828,-0.07026657552973348,1.4173971834612813,41040.0,356364.39359105896,2667,195859864,122178490,899376,1572802,13189511,14336813,19598305,15706838,20490804,19422991,16706191,10452552,14754080,10601649,7224679,4024850,102996918,46059995
156,000597,2018-01-29,-0.016304347826086918,-0.014492753623188248,0.31093821668705246,6540.0,77540.01481115294,1261,26496734,9873020,1100926,972754,4506079,3024135,6297746,2194320,4987001,1573330,2873920,1789545,1347168,318936,401488,0,4982406,0
157,000598,2018-01-29,0.0,0.0018621973929235924,0.14479439784836917,9163.0,136417.45332340823,1377,28768013,22006266,1571241,969438,5068133,4467371,3733467,3768925,3500003,3943548,2256321,2834813,1415781,358974,1366975,850485,9856092,4812712
158,000599,2018-01-29,0.012461059190031154,-0.004672897196261738,0.23167903107870813,6500.0,73961.46976564005,768,12663419,10756463,767472,626863,3130331,2362480,1695915,1452456,2211178,2589346,2037382,1000271,687800,314760,854661,906187,1278680,1504100
159,000600,2018-01-29,-0.038694074969770176,-0.02055622732769047,0.19790378891781032,14652.0,100546.09660829845,1747,48944232,27682584,1966855,1769367,8601616,7487075,7016645,5980758,9692571,4605911,4956127,3244472,2390162,1079565,4816058,2554626,9504198,960810
160,000601,2018-01-29,-0.011111111111111072,-0.002777777777777879,0.31652820938583387,7260.0,101713.18159235994,517,14411544,7439227,351929,1012638,1352242,1895618,966876,1275414,1066338,1296533,2051761,913480,2902612,1045544,1744280,0,3975506,0
161,000603,2018-01-29,0.00454545454545463,0.017424242424242564,0.30032371363677457,26800.0,140490.9729975292,1934,65185887,70442959,1264208,858873,10907902,8321178,11723701,9209507,14048768,11135355,9415996,9683523,3095426,6596927,2697925,4068986,12031961,20568610
162,000605,2018-01-29,-0.018262313226342086,-0.017155506364139428,0.6160000711160081,14500.0,48349.2053901874,860,16225257,8730575,805883,839324,4957662,3244843,4162107,1748044,2906060,2427365,1437856,470999,1422889,0,0,0,532800,0
163,000606,2018-01-29,-0.0012360939431396156,-0.014833127317676165,0.3209014042899564,15890.0,86747.75285256107,636,13745178,10668284,420885,667720,2774153,3964917,2211888,1801680,1972609,1934126,709295,1509360,961565,334143,923362,456338,3771421,0
164,000607,2018-01-29,-0.017799352750809017,-0.014563106796116498,0.24656119805925122,6831.0,54316.52202296842,628,10317388,5524644,446592,622550,2258463,2448797,1872279,919803,2564940,481611,1094387,751457,932645,300426,0,0,1148082,0
165,000608,2018-01-29,-0.04180790960451963,-0.04180790960451963,0.1637414924438348,37496.0,541163.6470995147,2936,206828043,298618753,727851,3103237,6695510,14001276,12694856,15785611,16735907,27541787,16612382,22724307,14468122,15289713,12659522,23683131,126233893,176489691
166,000609,2018-01-29,-0.04206836108676604,-0.04382120946538126,0.3841823598336269,14729.0,63090.854307051595,882,22633719,8286113,591957,756620,4724023,2706464,6601943,2761769,4972519,1721600,2391580,0,740689,339660,403992,0,2207016,0
167,000610,2018-01-29,-0.009442060085837034,-0.006008583690987113,0.715712875948797,5780.0,38108.485802183226,264,3448640,1457826,303844,220369,904352,630740,851493,386317,807851,0,232200,220400,348900,0,0,0,0,0
168,000611,2018-01-29,0.023845007451564815,0.02980625931445613,0.3529355869249287,9688.0,57010.20182131777,361,4769676,4750537,260413,353130,1274060,1527772,1387265,761045,1057581,603888,479200,425500,311157,356535,0,0,0,722667
169,000612,2018-01-29,0.0,0.004662004662004504,0.19787185195685736,5178.0,68850.46195201742,1884,21331652,18539942,2423404,1961382,4597562,4730710,2135594,3910645,2964759,4097945,1685188,1452719,1405789,972278,2597865,862999,3521491,551264
170,000613,2018-01-29,-0.01834862385321101,-0.01834862385321101,0.36439129683815813,11219.0,104086.98250961144,573,11280315,11403752,634581,481361,2939589,2291929,1526551,1120106,1902213,1747691,750668,801630,1062896,0,428000,2110768,2035817,2850267
171,000615,2018-01-29,-0.028546712802768215,-0.01730103806228378,0.21941411942483235,32535.0,122043.64635781402,2779,117290066,77056334,1351399,1309361,15886130,13134274,19787328,13115160,28272107,21215499,18130596,9910728,11091192,5926103,6353384,2782115,16417930,9663094
172,000617,2018-01-29,-0.015312916111850927,-0.007989347536617841,0.5382541521120348,13590.0,62873.55262356978,778,15927815,8210034,610624,672593,4453365,2931692,3362437,2395819,2712615,2009600,515016,200330,1414556,0,1409424,0,1449778,0
173,000619,2018-01-29,0.0,0.0037926675094817064,0.3370815258084049,10656.5,58940.76742003891,550,7458285,10142846,365308,619021,2933676,1414599,766840,1914410,1320235,2658318,1372406,2753680,699820,324618,0,458200,0,0
174,000620,2018-01-29,-0.05239520958083832,-0.03892215568862267,0.20785022801595476,5805.0,52550.10454039093,1035,15108572,7729854,552783,1310126,3835479,2700026,2600977,1684175,3946191,946920,488082,769017,635877,319590,1396683,0,1652500,0
175,000622,2018-01-29,-0.023404255319149025,-0.017021276595744705,0.26044060254810747,6915.0,60302.04635150788,325,4649824,2487781,297648,249465,1657537,756899,849771,683699,244108,797718,233500,0,0,0,0,0,1367260,0
176,000623,2018-01-29,-0.01369276850663248,-0.00855798031664523,0.487608301527728,32718.0,231886.9603458187,2297,122089718,103203629,1384838,976588,12642017,9495850,13878595,10960043,18964017,15861928,16570953,13218823,10918833,5916476,12319777,10682737,35410688,36091184
177,000625,2018-01-29,0.0,0.0007598784194529085,0.2508276201269213,26280.0,204154.67305329462,2754,118635606,108518104,2415238,1415934,11860295,13080806,13804834,14907041,17700011,17510098,11245598,10614706,11579265,8847556,5806177,4700975,44224188,37440988
178,000626,2018-01-29,-0.02967121090617486,-0.02245388933440262,0.4769893015549977,12200.0,69439.42967224702,683,15181886,6819409,511499,677619,3513915,2441291,2540238,1077019,2582501,949056,1672108,1299916,2066658,374508,886681,0,1408286,0
179,000627,2018-01-29,-0.04117647058823526,-0.034117647058823475,0.17131937073801998,15713.0,127281.2317997995,2465,85920866,41680844,1782350,1928303,13482669,10173753,9971070,8235453,10620362,9467492,10053509,2685888,5794372,1472961,7202457,3084940,27014077,4632054
180,000628,2018-01-29,-0.016607354685646558,-0.015421115065243018,0.344532059493116,9245.5,38320.42553032742,598,9751208,4241350,710881,682975,3310672,1879964,2163960,1025215,2448497,653196,655175,0,0,0,462023,0,0,0
181,000630,2018-01-29,-0.0034602076124568004,-0.0034602076124568004,0.053315494543342626,10220.0,249894.545269629,2981,120513513,78871554,2701384,1848906,13817916,9346695,9266696,8275680,10465002,6673864,6705313,4984713,8579848,3125469,4837426,2563866,64139928,42052361
182,000631,2018-01-29,0.0,0.00222717149220486,0.11657808982641396,9120.0,75660.74303701005,1488,23552536,24799187,1286485,1392979,5199408,7437963,4427111,4380748,3490445,3788323,2190906,2452090,1977524,2621307,1271781,1322819,3708876,1402958
183,000632,2018-01-29,-0.02310231023102305,-0.02310231023102305,0.2836917644840481,6020.0,50267.251401620066,456,7969806,3223498,232313,464750,1626605,927383,2081774,592957,2819027,393763,742259,510325,0,334320,467828,0,0,0
184,000633,2018-01-29,-0.02200000000000002,-0.010999999999999899,0.385357097963111,10901.0,98809.40580602546,673,16299793,11289603,582803,436108,3026298,2763965,1878167,1406839,3493601,2063768,1469519,406232,2475303,763249,2715575,1943182,658527,1506260
185,000635,2018-01-29,0.0034482758620690834,0.012413793103448256,0.572891620285853,11788.0,52994.19115163092,640,8382905,7596001,612905,537539,3609444,2248266,2060870,1710904,910908,1708452,495028,476751,693750,384839,0,0,0,529250
186,000636,2018-01-29,-0.040740740740740855,-0.03981481481481497,0.1988849700225544,41067.0,329972.20512056386,2955,208031185,192130489,1034279,1451524,10541074,13119897,12850212,17654224,25645246,29438483,26512649,20985300,15768382,14778158,15726029,9764931,99953314,84937972
187,000637,2018-01-29,-0.008547008547008517,-0.01025641025641022,0.24707443765462045,11600.0,57452.91023291865,560,10767701,5022320,479332,614684,2844855,1830966,2791507,1407962,1648462,637096,1202002,221676,0,309936,0,0,1801543,0
188,000638,2018-01-29,-0.0037453183520598232,-0.0018726591760299671,0.2801336204627867,14952.0,82963.75841289763,1455,30501957,23367352,1170552,1108720,7346010,6862721,5167658,5493059,6184060,5104781,3097534,878789,2110547,1021250,868652,0,4556944,2898032
189,000639,2018-01-29,-0.00864055299539157,-0.005184331797234987,0.4618998447075414,17550.0,76383.92623244628,1413,28232161,23380728,881893,1031831,9543045,6062263,5205458,5082565,4662033,3026849,2468409,3051006,1337793,2158000,1365910,850490,2767620,2117724
190,000650,2018-01-29,-0.011194029850746356,-0.005597014925373234,0.20458336959694598,6396.0,130867.60021312235,686,16101496,6218561,705189,288911,3321428,1338645,2290722,1728899,2061193,328949,864554,979354,2409553,643200,0,0,4448857,910603
191,000651,2018-01-29,-0.021403508771929758,-0.028421052631578902,0.9502587404902443,556248.0,1679389.9635696264,3599,1772635558,1549614346,0,11208,626209,1032054,4398981,2719013,28148623,27098790,36144547,41294757,57876207,68087638,68496868,64150589,1576944123,1345220297
192,000652,2018-01-29,-0.01927194860813697,-0.014989293361884481,0.1444020370544621,6496.0,42888.97107292917,1047,12913186,5649741,1353531,1236119,4352760,1940327,2397412,1460226,2391049,363401,452340,223704,385019,0,863453,425964,717622,0
193,000655,2018-01-29,-0.006546644844517169,-0.0016366612111293755,0.15864608719977888,12280.0,99154.18997439987,1485,34085349,22428323,1175592,1620589,7037915,5806882,5434303,4123339,6563625,3936432,3650412,1072011,1627973,2007865,2237545,819468,6357984,3041737
194,000656,2018-01-29,-0.00956022944550683,-0.01147227533460815,0.12888073102012895,13112.5,208198.3801773648,1650,73736460,39978716,1479423,1157487,6253328,4728538,8138917,5500804,11304466,6241162,6225329,4561682,4218431,4140475,3121744,2235247,32994822,11413321
195,000657,2018-01-29,-0.008474576271186529,-0.02003081664098616,0.30021115233983037,12940.0,104430.9393518241,1871,38939379,26296841,1913636,1059401,8947134,7709524,8038201,5992379,5487868,5370670,2375421,2671089,2401470,1830226,0,433920,9775649,1229632
196,000659,2018-01-29,0.04155844155844157,0.025974025974025983,0.14713379693692485,14364.0,123279.31095723865,685,16002432,18135198,460186,708552,3330541,2733922,3128370,2239537,2458892,3207263,939958,2289374,398000,1480500,2342148,476400,2944337,4999650
197,000661,2018-01-29,0.006350672593961049,-0.009410542116505938,3.4372049616694547,85500.0,326205.3964994834,2551,228695510,232241768,7521,7985,12222760,5300481,26757990,15302183,33928225,25826305,20367575,26437860,20824286,25027414,10914001,19748400,103673152,114591140
198,000663,2018-01-29,-0.008317929759704246,0.002310536044362266,0.7262656250966211,15211.0,57878.08279590544,889,23451086,11373422,551167,514340,4304357,2556825,10836729,2325349,4279626,3157831,1176051,1787477,1752230,0,0,437600,550926,594000
199,000665,2018-01-29,-0.013384321223709472,-0.01147227533460815,0.35250903437810194,10340.0,53495.56181685566,880,13348354,10021497,497922,1140316,3007342,3467938,2711531,2005193,3041289,1636116,1231405,1427534,1411265,344400,428892,0,1018708,0
200,000666,2018-01-29,-0.030408773678963108,-0.024925224327018936,0.5114630329025905,19715.0,119913.4004454112,1538,49645587,28547899,1070942,1550433,7525290,6853818,7670247,6276414,10003954,6659188,5843471,3070094,2817618,1056241,1741390,485451,12972675,2596260
201,000667,2018-01-29,-0.01812688821752273,-0.012084592145015116,0.07947494249819714,9268.0,198679.732999476,1744,58450167,26356629,1573784,1670593,7097257,6277451,4465683,3450590,4441549,4740497,4149641,2008870,3134408,966242,811721,1394883,32776124,5847503
202,000668,2018-01-29,-0.02044854881266489,-0.008575197889182151,1.1634503070888884,15040.0,44394.528957659095,169,3076741,1295869,95267,158810,797090,499212,845713,287128,732359,350719,244944,0,361368,0,0,0,0,0
203,000669,2018-01-29,-0.008064516129032362,-0.014662756598240567,0.4485794184836517,9471.0,56443.30083303148,924,17235670,7267347,1080879,802790,4084611,2992669,3653560,1893319,3622027,1082114,2346393,496455,355365,0,0,0,2092835,0
204,000670,2018-01-29,-0.0233722871452422,-0.02003338898163609,0.13488085591474033,11153.0,50110.68209547134,1976,32769597,20013217,1765686,1838581,9588840,7236327,7813462,4585186,6748193,3987200,3511647,1171918,992465,752270,856852,441735,1492452,0
205,000671,2018-01-29,0.014734774066797574,0.009823182711198308,0.1749925472066851,88315.0,453729.3223371102,3399,345176195,455985410,748097,739639,9881896,12437871,20545037,24007745,37401585,45971059,31456248,34947851,25829383,34253438,19072976,25896889,200240973,277730918
206,000672,2018-01-29,0.053586150041220026,0.053586150041220026,0.2075824908148731,100651.5,508831.956188142,3430,362526257,417277227,642937,605311,11459280,10879746,21459512,19854374,46383130,39686390,40321570,39743486,34527607,35825524,31791446,33245148,175940775,237437248
207,000673,2018-01-29,-0.008148148148148127,-0.0007407407407407085,0.540674533041887,14877.5,299071.64870517934,624,16883622,34804333,346882,510762,2304247,2856494,2716409,2333824,1960823,4162025,706428,2831412,301719,735988,926654,1832390,7620460,19541438
208,000676,2018-01-29,-0.02543859649122815,-0.021052631578947434,0.36020051938563413,9068.0,45756.925129987845,1002,14489698,7549072,827688,599313,4379058,2977002,3531513,1304200,2715750,1153757,1396597,680561,1079092,311220,0,0,560000,523019
209,000677,2018-01-29,-0.010230179028132946,-0.007672634271099765,0.2001501217367943,4644.0,54966.01573458506,381,5447327,2726096,415813,312065,1534514,875084,1107109,208255,846455,158692,689486,0,391950,1172000,462000,0,0,0
210,000678,2018-01-29,-0.027063599458727938,-0.020297699594045926,0.28003101058859,7320.0,35882.385584571166,696,9109269,4012296,766319,845987,3459367,1965892,2044258,628712,1279355,571705,436500,0,702990,0,420480,0,0,0
211,000679,2018-01-29,-0.028288543140028266,-0.021216407355021283,0.35274690701419625,7020.0,70958.92410117626,401,7921148,2976380,283642,496821,1272894,1213050,1773102,624995,599134,0,1044905,249864,747209,391650,486500,0,1713762,0
212,000680,2018-01-29,-0.027999999999999914,-0.016000000000000014,0.12874947040267756,7014.0,88535.14730000883,1511,30951542,20850605,1244590,1694579,5086110,4779229,3908186,4504352,3790333,3425292,4487208,3892030,1594579,671968,2710092,0,8130444,1883155
213,000681,2018-01-29,0.0023551577955722713,-0.017428167687235097,0.4958286383764209,23441.0,129797.6290984498,1840,50711410,50005155,1038015,1331517,8110002,10789203,9781840,6586419,11718882,8241678,4633520,5436398,2777875,3423150,4336353,3564259,8314923,10632531
214,000683,2018-01-29,-0.006756756756756799,-0.010135135135135087,0.08076275642763037,9702.0,176035.85976664387,1350,45693911,18698576,1252562,1077349,6734173,3466743,6090844,2168332,3955645,2754705,4517194,2313517,3477320,1019861,864335,489584,18801838,5408485
215,000685,2018-01-29,-0.008419083255378879,-0.002806361085126219,0.28320330025743085,10720.0,94026.10531232669,1425,25570465,27828251,1152468,1211884,5189815,4702225,4379341,4123958,4719030,4752485,3368689,2925703,2405962,2949844,974883,1754106,3380277,5408046
216,000686,2018-01-29,-0.010799136069114423,-0.0075593952483801186,0.20455719975441322,24867.0,179791.75152668997,2051,99209035,72259429,1634328,1211303,9108220,7664043,12147240,9002119,14998132,13280307,13783491,9708852,10127027,7434458,4021432,4016337,33389165,19942010
217,000687,2018-01-29,0.001872659176029856,-0.011235955056179692,0.33003500764156635,12660.0,61366.176459211645,1047,21683951,12138011,870396,806970,5718333,4240043,4135655,2407947,5585674,2636149,709230,1136678,1396772,0,897870,910224,2370021,0
218,000690,2018-01-29,-0.0055126791620728754,-0.0022050716648290836,0.2412273799259641,18280.0,195388.04465227365,1414,58289796,41967720,1099871,931659,7103551,4927978,8689810,5186799,9352483,6783510,5178642,3506879,4616506,1983445,5421349,3058831,16827584,15588619
219,000691,2018-01-29,-0.008141112618724633,-0.01899592944369055,0.4180881128844442,10920.0,50928.97496952828,310,6196748,1675820,279145,246632,2198285,561593,553596,243104,1283247,624491,798155,0,1084320,0,0,0,0,0
220,000692,2018-01-29,-0.019736842105263164,-0.019736842105263164,0.2431955725189183,5927.0,68294.70485800688,351,6373144,2623775,303213,408958,1109892,1118084,869310,61962,1053811,268235,1420640,0,0,330486,908654,436050,707624,0
221,000695,2018-01-29,-0.036706349206349076,-0.02876984126984139,0.5067989807190572,9920.0,46091.31386211101,395,5906362,2699593,487805,330330,2463160,1130385,749340,548022,1006089,377068,294000,0,0,313788,905968,0,0,0
222,000697,2018-01-29,-0.024953789279112737,-0.032809611829944574,0.6181021231577675,18868.5,103233.77525477472,1226,33381042,24389651,601512,1057022,4946333,6066522,5180970,5167443,6427441,4367749,6706751,2171628,2446440,701430,1329802,863465,5741793,3994392
223,000698,2018-01-29,-0.01976935749588138,-0.014827018121911006,0.2320545116232249,10191.5,77688.11832085006,684,14257599,7652819,503312,751527,3173475,2042364,2399628,1298996,2443104,1265175,1624755,510095,2494660,625210,420665,0,1198000,1159452
224,000700,2018-01-29,-0.01415929203539823,-0.01415929203539823,0.19864482254549923,6226.0,148595.6702823297,809,23377409,4863750,1060584,423832,4059324,1276512,2254141,1201968,3339795,823354,1744038,0,383474,648249,464774,489835,10071279,0
225,000701,2018-01-29,-0.020812685827551913,-0.01783944499504453,0.27457093518783837,2991.0,37324.56693398117,1351,12323432,7777354,1029675,1470467,3209934,2707335,2627824,1148764,2633004,1431754,2050795,200400,772200,393786,0,424848,0,0
226,000702,2018-01-29,0.04052287581699332,0.05620915032679741,0.1493790705532918,26249.5,261640.47452724908,2646,93205443,112975431,1215474,2144221,9002943,13970596,12048723,14845311,16115668,26476867,13142004,14598872,8011642,12196667,3954037,4683958,29714952,24058939
227,000705,2018-01-29,0.004848484848484658,0.0036363636363636598,0.3169232908906736,8400.0,51503.10379582204,677,9095403,9477948,828929,548616,3627331,2278462,2822465,1709013,1055808,2278762,455250,1159446,305620,783209,0,0,0,720440
228,000707,2018-01-29,-0.024822695035460973,-0.014184397163120588,0.24577118828523745,10706.5,56461.62947075932,526,11538501,5209009,427897,502998,2209465,1381254,2092217,1895138,3495034,677354,971234,440415,2342654,311850,0,0,0,0
229,000708,2018-01-29,0.008417508417508435,0.008417508417508435,0.3076842195030841,23820.0,140502.69867823215,1491,41377365,52857351,812340,1157390,6097475,6924579,7483184,8105697,7414857,9466896,8505712,8206912,3347521,4775492,1348291,2341531,6367985,11878854
230,000709,2018-01-29,0.007263922518159882,0.007263922518159882,0.07261031835953712,33511.0,548126.440233193,3259,236936830,357985668,2320782,1423148,15270460,12415787,15502524,17028827,23805871,24482954,16254048,16933294,9756790,16873608,12629576,18168897,141396779,250659153
231,000710,2018-01-29,-0.030815322062914596,-0.03680719024181467,1.2179908287301515,22500.0,92936.79439838631,1473,39036836,28704182,1111194,1655304,7575160,8411240,7728541,6331864,6230039,4115333,4488763,3586115,2588610,1800966,2971427,1716960,6343102,1086400
232,000711,2018-01-29,-0.004313443565780006,-0.00790797987059666,0.4371555314504049,13690.0,57293.916007604465,1012,17801728,14351013,900476,664856,5848878,4055140,4127488,3151258,2990140,2402589,976044,1395121,2024289,1394320,415110,1287729,519303,0
233,000712,2018-01-29,-0.02542874039030163,-0.01714961561206385,0.430867068625425,16620.0,105215.16930605337,1541,46157167,27590778,1194699,1302695,6427020,6743566,6308761,5223678,8640764,6059350,5556790,3018734,5678431,1059155,2239171,449008,10111531,3734592
234,000713,2018-01-29,-0.013313609467455634,-0.013313609467455634,0.29942149684476926,10752.0,48943.00790191427,509,10112125,4289992,507551,434315,2395330,1947527,2181406,973076,3089610,732874,783750,202200,666606,0,487872,0,0,0
235,000715,2018-01-29,0.027600849256900206,0.013800424628450214,0.42482427546627777,4705.0,64904.84145004513,491,5959478,9128624,386448,414568,1446615,1332079,589640,1727240,1877403,2348747,629357,1315259,1030015,1449246,0,0,0,541485
236,000716,2018-01-29,-0.02025782688766109,-0.018416206261510082,0.1771334325939288,5962.0,44912.59743239318,940,12520673,6715021,974995,943141,3473527,2486507,2880946,1733897,1435809,1279976,1534135,271500,720861,0,426400,0,1074000,0
237,000717,2018-01-29,-0.0024125452352231624,0.008443908323281013,0.14787611011241691,60120.0,377062.0923040356,3148,251031885,287468750,1063489,1224354,13399314,13029412,22802642,18217433,39239427,33205172,25891026,21702107,23152633,22160923,20212076,17436765,105271278,160492584
238,000718,2018-01-29,0.006185567010309256,-0.006185567010309145,0.10046932913227706,12740.0,99363.01911779214,2339,58017652,46559455,2908312,1396933,12308343,7431778,8645568,7594534,9582927,9089103,6713131,7370316,3590935,4462886,2254806,2290291,12013630,6923614
239,000719,2018-01-29,-0.0010504201680672232,0.004201680672269115,0.3221172638213202,6646.5,36730.7283674972,874,8090401,7971289,626906,949853,2543108,3803696,1635609,1632449,1622354,1585291,569400,0,631750,0,461274,0,0,0
240,000720,2018-01-29,0.09954751131221728,0.09954751131221728,0.09856151734151183,23900.0,326627.57823209994,2017,128100954,61665850,1673551,1360539,9710713,7185921,12965681,6949316,16656062,9565493,11778573,6729502,7475273,4514235,5834435,3551509,62006666,21809335
241,000721,2018-01-29,-0.014519056261342977,-0.01814882032667875,0.23547685260876206,6564.0,37707.87535450275,547,8323306,2925692,681169,500434,2065396,1206509,2123971,811847,1985167,406902,1102579,0,365024,0,0,0,0,0
242,000722,2018-01-29,0.006472491909385258,-0.0010787486515642097,0.3519774402645971,12025.0,58551.59641670029,693,11465679,7569095,863576,607931,4215100,2626313,2772790,1725334,1772488,1058127,463117,222270,368676,324544,0,415296,1009932,589280
243,000723,2018-01-29,-0.010542168674698704,-0.010542168674698704,0.18352808237112309,7282.0,74128.6633465958,1310,22587602,17166055,1032934,1465301,3291040,4985312,5334894,3386534,3979292,2456456,2179628,968459,2823907,2185055,471069,892432,3474838,826506
244,000725,2018-01-29,-0.006578947368421018,-0.009868421052631637,0.10153180268102434,845787.0,6336403.249656106,3598,2941444482,4474322758,4249,0,266297,628519,1817912,2846816,13204779,26195976,26051006,46861303,26220226,69344524,35226017,81421408,2838653996,4247024212
245,000726,2018-01-29,-0.008144796380090469,-0.0063348416289592535,0.3626095045303052,11020.0,103304.31281779033,928,20111574,16039914,408526,1198075,3143940,3933972,1943121,1894440,3692879,3179663,2567839,1647121,1376974,713004,1727655,0,5250640,3473639
246,000727,2018-01-29,0.0,0.008163265306122547,0.05501453777277712,4693.0,83484.16924291571,2010,21521929,28074994,1842663,1511429,5380252,5509674,3306071,3722614,4321772,5514884,1837384,1878597,1008436,1980040,906161,2254865,2919190,5702891
247,000728,2018-01-29,-0.019213973799126594,-0.013100436681222627,0.22850418299875946,28450.0,208695.06857920293,2513,119168655,107421964,1418096,1119141,10898495,11305767,14353012,12159534,19718068,17533423,14752120,15735575,11908283,9108425,10379514,4553266,35741067,35906833
248,000729,2018-01-29,-0.04562737642585546,-0.04562737642585546,0.15442770206505613,22800.0,193291.0834760399,2618,123849278,80871518,1612762,2178389,9758578,13081688,14531442,11723004,20768895,15555346,10114813,10866592,8303129,6095336,5652249,4883387,53107410,16487776
249,000731,2018-01-29,0.009079118028534339,0.0025940337224383825,0.2470074528828214,15410.0,71050.81159228872,974,20936417,18198964,956372,761688,4722349,3996972,4112449,3797707,4356513,4325056,3452330,1876330,2714912,726656,0,447552,621492,2267003
250,000732,2018-01-29,0.04209078404401656,0.029436038514442986,0.6318364503629542,108126.5,1176713.8549634374,3320,483665549,519877478,660525,532558,11749745,10525190,19305373,13572717,38196471,30741167,39746489,31588525,33616756,32441463,26410250,30630617,313979940,369845241
251,000733,2018-01-29,-0.027220630372492893,-0.025787965616045905,0.3740095528216738,13680.0,69784.97154239654,1393,34001181,15488475,1022544,1097340,5572052,6147712,4926795,3154404,8994616,3407161,5445398,970888,2950050,710970,2924518,0,2165208,0
252,000735,2018-01-29,0.012500000000000178,0.01041666666666674,0.16870050596271416,78243.0,549474.2779124111,3252,329083105,409850147,941652,1181303,10140533,13753948,17674624,20629920,30967694,37580449,32672563,30643226,25504015,27670265,23755544,27279803,187426480,251111233
253,000736,2018-01-29,0.00738636363636358,0.00738636363636358,0.6619676967737435,17900.0,78917.15082441366,707,17510289,10899350,571178,588012,3827677,3213846,2995138,3070477,4119753,1614594,1695719,239579,1735700,957703,422400,0,2142724,1215139
254,000738,2018-01-29,-0.02999318336741641,-0.027948193592365334,0.3537601791214938,9996.0,71114.93511140508,1720,34457404,18008413,1564094,1406258,7791116,6848423,6497175,3154878,7019134,3914981,2039882,1023642,2247144,0,410984,421008,6887875,1239223
255,000739,2018-01-29,-0.026016260162601612,-0.02276422764227648,0.15062732459881764,9135.0,73970.54349992331,1669,30807763,11488187,6446983,951778,5828690,4090239,3163980,2992379,3290349,1992202,1606217,689274,1298320,310545,2579664,461770,6593560,0
256,000750,2018-01-29,-0.01724137931034475,-0.013409961685823646,0.1168816468698144,12384.0,145738.14672142992,2000,65877950,40167039,1636585,1315897,8302373,6380099,7304698,7186417,9368943,7557181,8633360,2458932,6598593,3851082,3972010,2574314,20061388,8843117
257,000751,2018-01-29,-0.0108108108108107,-0.01621621621621616,0.10615005282673533,31900.0,323469.64318885765,2744,141609796,128297639,1629051,1220378,15022429,10189640,17700593,11307254,26231315,19448415,13181372,17313869,11919435,9372465,9394901,8417887,46530700,51027731
258,000752,2018-01-29,-0.010835913312693513,-0.009287925696594312,0.6585885581217524,7698.0,44076.93661230497,384,6224698,2494145,349130,391867,1932893,972217,1229426,188754,926888,666750,1464830,274557,321531,0,0,0,0,0
259,000753,2018-01-29,0.023376623376623273,0.0,0.14872581637438181,7760.0,73481.00409217256,670,14355514,4903107,614928,368395,4135796,1649633,2412395,643915,3002349,1263426,583277,248584,716550,729154,423885,0,2466334,0
260,000755,2018-01-29,-0.019169329073482455,-0.012779552715655007,0.28290017508734167,7982.0,56785.87224284791,489,8604560,3891829,327384,651338,1757645,1731181,1790613,673396,1759376,447834,1229211,0,623105,388080,499844,0,617382,0
261,000758,2018-01-29,-0.007518796992481258,-0.007518796992481258,0.16161445962674836,13320.0,157258.5862412035,1695,44843806,40482174,1647780,1295259,8211852,6290099,7616331,5353556,9231104,5688484,3524534,3475956,2327940,2502041,1306692,1313993,10977573,14562786
262,000759,2018-01-29,-0.02752293577981657,-0.01834862385321101,0.21163350848766543,10272.0,95883.21811958383,1699,37845550,19868489,1607955,2010903,7423166,6027975,7020408,5224106,5822776,3781869,3307571,1406070,3101501,0,1855638,859454,7706535,558112
263,000760,2018-01-29,-0.02083333333333337,-0.0190972222222221,0.2098716050980395,6226.0,36434.91187574888,753,8700627,5793525,740533,788176,2610476,2601925,1954083,808469,2006929,1284221,710006,0,678600,310734,0,0,0,0
264,000761,2018-01-29,0.07439446366781999,0.04844290657439432,0.10622502881867633,41400.0,388086.14303075656,2976,209178604,259566059,1320526,1399209,12180537,11792611,14962711,13995154,27480148,25639607,21317626,23801373,17787921,20823628,11084279,13969401,103044856,148145076
265,000762,2018-01-29,0.018617021276595924,-0.012632978723404187,0.3446682304173751,15030.0,83255.02305178165,1905,45153763,35330763,1422221,1670180,8100396,8749075,8536192,9117507,10229019,7583879,6641415,3235171,2743417,681364,2691159,1292492,4789944,3001095
266,000767,2018-01-29,0.006688963210702115,0.006688963210702115,0.10926798778945074,4816.0,59539.47756377366,750,4857371,11884364,495925,847402,1750372,2483718,1317005,2086308,865299,2208637,428770,950862,0,904000,0,902050,0,1501387
267,000768,2018-01-29,-0.011571254567600553,-0.015225334957369108,0.3355763815049785,17743.0,137984.3406034873,2396,85114731,52985680,1758433,1718672,13424846,10001945,10569659,8248853,17628557,11686534,6967748,5449623,4730452,5195044,3907964,3523687,26127072,7161322
268,000776,2018-01-29,-0.019105077928607272,-0.002513826043237799,0.3415431819958084,135592.0,520138.4445135076,3394,513504129,480780021,861748,487159,9892592,8982648,17144042,16318052,47496072,40759843,57158369,45309285,46505156,31359519,44857585,31647660,289588565,305915855
269,000777,2018-01-29,-0.027405602923264327,-0.023142509135201106,0.4044111857080655,16224.5,103860.12049291182,1650,49841680,23261393,1395205,1657360,6739050,7574949,7304656,5794243,10226111,4494542,6464922,1207559,5431734,1040243,2281850,482700,9998152,1009797
270,000778,2018-01-29,0.0036429872495444826,0.007285974499089187,0.11320215990869296,16620.0,184151.31394519092,2358,78451304,84444229,1653929,1683429,11196976,8084768,11215057,7774805,10469899,12662082,8323018,10229550,3779358,5532039,4864487,7317579,26948580,31159977
271,000779,2018-01-29,0.003541076487252104,-0.0021246458923512845,0.6542436457951731,12789.0,48321.73842642369,465,6371476,5549829,452275,336378,2637752,1736889,771376,1710763,1282897,1467599,518952,298200,0,0,0,0,708224,0
272,000780,2018-01-29,-0.018761726078799223,-0.022514071294559068,0.16039917342964344,10400.0,200549.46301133494,1107,40242124,19342654,585659,1270585,3055871,5157160,2316952,3376486,3398375,3214693,2541054,2398777,675912,0,3050369,1382543,24617932,2542410
273,000782,2018-01-29,-0.017426273458445052,-0.01608579088471851,0.4120124505016395,8096.0,53209.79797717334,327,6100794,1472824,308974,358660,2017744,615113,1473236,365835,1043462,133216,471600,0,0,0,0,0,785778,0
274,000783,2018-01-29,-0.01904761904761909,-0.017857142857142905,0.16725816329531346,17682.0,257099.33634546117,2527,127293627,84989058,1524088,2154793,9785917,11843621,9728063,10800155,15383960,11339595,8390479,7100236,9402816,3748281,19571026,7976753,53507278,30025624
275,000785,2018-01-29,-0.02192564346997139,-0.0162059103908484,0.30620344092509977,10380.0,50500.33452098581,1174,17660561,9466523,1159419,855958,5787956,4004176,3367915,3408216,3517293,966923,1725553,231250,309900,0,0,0,1792525,0
276,000786,2018-01-29,-0.016009371339320566,-0.019133151112846525,0.4393611192481607,93168.0,355598.691992168,3403,334217241,306871601,630130,489188,11984662,9958474,21926625,19093855,44878178,42290490,55673744,39322142,37565619,30726295,26633135,17657091,134925148,147334066
277,000788,2018-01-29,-0.016568047337278013,-0.014201183431952535,0.390679185767631,9284.0,86542.59681728718,467,9686476,3526878,524202,461991,2427170,1768848,1422373,498477,1246667,571680,722627,225882,1065338,0,0,0,2278099,0
278,000789,2018-01-29,0.0,0.01654846335697413,0.21776121354239614,101120.0,485651.50328190636,3407,394631126,379885106,644045,584775,10524982,10944131,20749846,20933175,44012532,45259216,37992208,35778449,37155606,31668747,25146364,23556585,218405543,211160028
279,000790,2018-01-29,-0.02588555858310615,-0.0095367847411445,0.33410885584327193,10927.5,44068.269719030846,482,8037621,4908219,505232,249535,2714591,1236461,2333355,1465553,1774999,815523,709444,723122,0,0,0,418025,0,0
280,000791,2018-01-29,0.010178117048346147,0.012722646310432628,0.1817030619693178,16810.5,128792.65796209029,1874,54442507,63038254,1515005,1386950,9300049,8107149,7104632,6830437,10770970,9323489,6217340,9577158,5714127,7089486,4783823,4522733,9036561,16200852
281,000792,2018-01-29,-0.038334434897554504,-0.032385988103106444,0.26392009372883507,74500.0,574792.9503469839,3290,384399910,295757710,826541,948439,12989013,11636655,20317478,19856108,44050197,34685467,38527226,25937110,28702869,28959019,26529755,21820249,212456831,151914663
282,000793,2018-01-29,0.0010427528675702735,-0.0010427528675703845,0.25693471117506655,14355.0,389969.6603222282,1393,70530347,49312651,1669655,1261986,6101748,5558550,5237015,4237968,8561790,3445761,9636585,2763354,2996245,1743330,4503269,3106021,31824040,27195681
283,000795,2018-01-29,-0.014950166112956742,-0.011627906976744096,0.171137748072429,9528.0,63825.82208166097,1238,21812369,11522578,1259176,1194270,6034668,4284367,3927765,2500199,2209592,1106314,2823689,1696541,983887,740887,1802677,0,2770915,0
284,000797,2018-01-29,-0.03828623518687324,-0.037374658158614404,0.30488828896524944,11946.0,251581.84899885414,1301,66920925,24318704,1049645,795114,4966300,4925007,4112056,4074994,4453531,6729401,2871770,3552986,1721399,2179896,2190288,871200,45555936,1190106
285,000798,2018-01-29,-0.008888888888888946,-0.0022222222222221255,0.37869461434652546,8935.0,30131.268096836226,564,4424802,5168632,640759,594921,2206603,2085886,953280,1288582,624160,546013,0,240664,0,0,0,412566,0,0
286,000799,2018-01-29,-0.05574778931180324,-0.05690119184928877,0.47267927864068726,33033.0,148774.62579928405,3029,142179176,86654435,985245,1867015,14144420,15332579,21069092,18017308,31091951,21708544,15514327,10106317,11640411,5992617,8850811,2724562,38882919,10905493
287,000800,2018-01-29,-0.03284072249589498,-0.021346469622331665,0.2391646247085284,34626.0,245162.64987455533,2596,147967194,108667073,1038486,1441964,12530349,11702900,14976899,15330724,24076562,22316744,14726043,10979234,14673444,9456567,11135989,5713397,54809422,31725543
288,000801,2018-01-29,0.010719754977029039,-0.009188361408882129,0.1349065540197567,14789.0,119668.26915779407,2349,64864925,40321804,2216812,1564021,11055657,9298030,11164667,8023917,13979868,9074143,6499342,4884576,4060922,1049345,3607897,1763198,12279760,4664574
289,000802,2018-01-29,-0.034782608695652195,-0.02826086956521745,0.39096289709362286,13550.0,96335.05470735993,1246,29819509,15991804,960270,1237012,5781889,5479019,5945932,2477818,5824894,3293146,3585767,534364,756698,0,1248924,879660,5715135,2090785
290,000803,2018-01-29,0.022101939557961137,0.018944519621109546,1.30341754616212,11105.0,79177.19579121402,290,4421471,4166215,175750,357276,1060145,1375263,585733,614724,365629,412763,684792,971040,0,0,0,435149,1549422,0
291,000806,2018-01-29,-0.0032715376226826187,0.0010905125408942062,0.18926005358243192,23906.5,433540.9741837545,2356,123432197,169855880,1313847,1871611,12517428,10769328,10337883,9960208,12103542,9743495,9277003,5591533,7873197,3103760,10642210,9791795,59367087,119024150
292,000809,2018-01-29,-0.010899182561307952,-0.010899182561307952,0.19038464929770635,14520.0,101079.40365906458,371,10648016,8310496,211464,333701,1667616,1349591,1763528,1037716,1832925,2136393,1222229,989835,1078519,315864,465972,498126,2405763,1649270
293,000810,2018-01-29,-0.020689655172413834,-0.0193103448275862,0.2300649926579715,9954.0,58964.233686235,993,19029553,7798501,1126226,911847,5107325,3214284,3414681,2120440,3354557,1551930,2218670,0,715787,0,410696,0,2681611,0
294,000811,2018-01-29,-0.006157635467980205,-0.003694581280788145,0.36033572731744257,10478.0,103249.1204543062,507,9357760,8835905,476632,576564,2583700,1663399,1297101,1193198,1559577,1497012,1036444,515871,328856,1016951,0,441727,2075450,1931183
295,000813,2018-01-29,-0.02050113895216399,-0.01480637813211838,0.3064371587545229,15295.0,89566.66052500959,821,22602176,12617051,944649,685709,3967049,4055381,3052199,2331917,5529758,2082149,2798605,1302192,988735,608307,846516,854596,4474665,696800
296,000815,2018-01-29,-0.056097560975609695,-0.045121951219512124,0.5139020019316802,20637.5,67544.38055880142,1020,27561950,11032970,652816,864509,9852200,3067997,4099859,2407490,5276380,3209165,2119340,716465,991534,332920,849106,434424,3720715,0
297,000816,2018-01-29,-0.013651877133105783,-0.010238907849829393,0.07692708500313952,5840.0,93350.98162149699,1459,27208190,15425284,1445942,1505495,4948644,4060353,3743842,2744390,4916553,1959045,1493007,1232345,1410068,750270,873268,869465,8376866,2303921
298,000818,2018-01-29,-0.018400000000000083,-0.022399999999999975,0.3573982709165741,13684.0,66600.16150909664,1223,26722196,14815494,984419,851397,7102691,4804670,5272348,4058254,5120882,3090389,1444886,1013544,3271011,997240,1779414,0,1746545,0
299,000819,2018-01-29,-0.016725352112676006,-0.01936619718309851,0.45753173832566835,7980.0,32153.876255592288,616,7140113,4631382,433605,784951,2296772,2214131,2057597,992129,1118384,640171,897755,0,336000,0,0,0,0,0
300,000820,2018-01-29,-0.035019455252918275,-0.020566981656475636,0.35671796328146615,35420.0,210247.682191506,2545,124569049,96809455,1339075,1220614,12228086,11052827,16071576,13586347,23951231,20840173,17795485,10869006,12986005,10671373,12346888,7488152,27850703,21080963
301,000821,2018-01-29,-0.01834862385321101,-0.01334445371142623,0.32726886464958643,14268.0,77158.86498347773,1343,22197234,27640242,919551,1084468,5604451,7269652,5092956,6834419,4147822,4478621,2412605,1950898,1421849,2403283,451620,889875,2146380,2729026
302,000822,2018-01-29,-0.040084388185654074,-0.03691983122362863,0.175426841670776,26639.5,290769.0333162461,2926,157616053,125310245,2038401,2313012,9633589,13965317,15296905,18101014,18542034,22945159,13610472,16547039,12549851,9219227,12368352,5907996,73576449,36311481
303,000823,2018-01-29,-0.039074960127591596,-0.05263157894736825,0.28566010579976236,20374.5,289641.0516941286,1930,101851016,62244801,836333,1793043,6810731,10877168,6188793,8979756,10763032,10478567,6160478,5831616,6132201,2552944,3639231,2688721,61320217,19042986
304,000825,2018-01-29,0.0,0.0,0.11944267836159912,17580.0,1625642.711194195,2406,287569125,0,3486293,0,19993234,0,19779695,0,29047012,0,14617184,0,12212240,0,11107630,0,177325837,0
305,000826,2018-01-29,-0.0019193857965451588,0.0028790786948176272,0.7960251982773219,15675.0,116196.94677769038,1542,35085232,40470308,1654522,1442609,7006297,5697702,5648503,6571359,4958776,8587769,3208121,3356793,4441880,4587685,932616,1394397,7234517,8831994
306,000828,2018-01-29,-0.019691780821917804,-0.020547945205479423,0.4199305276119263,11580.0,86414.02147778776,773,18192312,10410396,546040,558489,3477771,3396073,2895947,1684227,2857423,1311610,3719348,905057,1051844,607560,1730134,483303,1913805,1464077
307,000829,2018-01-29,-0.007658643326039383,-0.004376367614879806,0.2993527195432523,6391.0,61008.70059504813,933,12643902,7700672,1532863,1049233,3042163,2001173,2352320,1541330,2014576,452236,1003514,0,1013397,0,0,1835000,1685069,821700
308,000830,2018-01-29,-0.01751152073732709,-0.0013824884792625891,0.37239035166845313,105120.0,880145.6992949253,3401,470695011,544428495,453899,773557,10645661,11100416,19221081,19273074,38669361,36138822,46532574,35502709,31312996,29833371,29850204,24480548,294009235,387325998
309,000831,2018-01-29,0.0008591065292096189,0.004295532646048095,0.29406367826983887,18912.0,107695.01583952837,1567,46052104,41075891,1076823,1143996,8009368,7032018,8130798,4459817,7997258,8808753,5919594,8808285,4245386,2548730,2660991,2675688,8011886,5598604
310,000833,2018-01-29,-0.011428571428571455,-0.005714285714285672,0.2842059849099616,10440.0,33160.89684891819,606,7091323,5029105,595396,607063,3400091,1993656,1217590,1495340,1222172,469584,0,463462,656074,0,0,0,0,0
311,000835,2018-01-29,0.0012224938875304847,-0.003667481662591565,0.33155249958157684,8205.0,51621.597707216235,608,9966845,6366564,752307,651906,2773445,1872013,1972300,1976292,2130706,1136884,1703362,216150,0,0,0,0,634725,513319
312,000836,2018-01-29,0.007797270955165692,0.013645224171540127,0.10205639220777488,26500.0,103979.00566865937,2537,79720360,88064412,1394452,1617793,12234167,11560862,12789775,13872476,17359439,21392806,11730939,18111394,10129924,10588242,2656427,3984954,11425237,6935885
313,000837,2018-01-29,-0.016420361247947435,-0.016420361247947435,0.22944576858773766,12000.0,48337.270675137835,704,12856707,5824412,661972,587608,4126146,2369094,1864716,1753733,3636489,871774,494880,242203,639464,0,880692,0,552348,0
314,000838,2018-01-29,-0.02941176470588236,-0.013071895424836666,0.16711547606142318,12260.0,81074.60659170231,1342,29978053,16321067,1308208,1042449,7389656,4655601,6333731,3080696,4530211,4078051,2314633,979612,1637075,922961,917252,951308,5547287,610389
315,000839,2018-01-29,-0.003386004514672636,-0.007900677200902928,0.16287870142448513,31428.0,206394.7746305986,2963,152982365,119450851,1987355,1519142,15102299,12382014,20904574,14435860,25861357,20402799,11388392,14626019,12019182,10803278,12345927,10439183,53373279,34842556
316,000848,2018-01-29,-0.014548981571290032,-0.012609117361784716,0.2551549046847581,9207.0,91025.74369382639,1634,30228818,16323331,1115812,1697861,6378815,6136803,4488087,2604184,4570823,2450591,4185503,788592,2013348,949590,1271774,472259,6204656,1223451
317,000850,2018-01-29,-0.010775862068965525,-0.004310344827586077,0.21855977061969417,8155.0,54558.52520193294,450,6130626,4962420,238111,571043,1899171,2209998,1499922,978940,1268037,411474,764385,0,0,0,461000,0,0,790965
318,000851,2018-01-29,-0.011415525114155223,-0.011415525114155223,0.26428567027004735,17480.0,125363.08970479859,1099,37557246,22229437,885762,1031119,5914721,4681905,4125343,3665665,7166614,3581071,2577771,882856,3097930,2083749,3316770,456579,10472335,5846493
319,000852,2018-01-29,0.02106318956870612,0.008024072216650024,0.25052966088265655,15240.0,78031.07208442726,1584,31121625,32048980,1259673,1064445,8231485,6694208,6470635,7008709,7269174,7342121,2153655,2598885,1327913,2608311,1326193,1241021,3082897,3491280
320,000856,2018-01-29,-0.048458149779735615,-0.03524229074889873,0.4175293198940007,41629.0,141192.59096427358,2960,148428067,99507423,1145600,1109462,14592285,14592187,20767160,16176305,35682012,25646219,24116205,19060892,13739910,6377547,6289077,4976586,32095818,11568225
321,000858,2018-01-29,-0.052193995381062286,-0.052540415704387944,1.4436338796904329,596258.0,1527523.8059580224,3599,1976326378,1603964093,8361,16772,926378,900478,4656341,4543526,23189187,28706742,41045971,53871437,47861664,56680475,54284132,51939784,1804354344,1407304879
322,000859,2018-01-29,-0.014184397163120699,-0.009456264775413725,0.20672832969499413,8380.0,38640.7991484771,418,6283334,2406678,454771,331387,2299607,1035588,1574518,557286,806525,230417,412725,252000,735188,0,0,0,0,0
323,000860,2018-01-29,-0.020098039215686314,-0.019607843137254832,0.4573759518097849,12090.0,103139.80529601398,1990,52662834,32371035,1303535,2398191,7297258,7476063,7801494,6084924,9748559,7168832,6686630,3392388,3549964,739951,3813798,2551850,12461596,2558836
324,000861,2018-01-29,-0.012861736334405127,-0.009646302250803762,0.11855462165805615,3399.0,50396.37456985494,689,9312770,4214636,846863,513940,2566309,946771,1223546,1172611,1364960,1105354,1929742,475960,623565,0,0,0,757785,0
325,000862,2018-01-29,-0.04946236559139794,-0.03655913978494618,0.14805071948836326,13559.0,62586.08442562971,989,14125830,8112623,519285,981786,5547347,2773737,1691375,1321728,1693452,1264365,999557,0,940712,644984,457000,439575,2277102,686448
326,000863,2018-01-29,-0.03231939163498099,-0.026615969581748944,0.18862751954347187,6240.0,112503.30147879693,778,18073950,9391077,584273,662981,2385334,2396071,2189432,1933596,2829197,1898429,1904002,1284342,395752,0,844314,481792,6941646,733866
327,000868,2018-01-29,-0.026378896882494063,-0.027577937649880147,0.15543850341086216,27258.0,128496.14256688039,2884,106345820,89506513,1725063,2104548,13219827,14200727,18725064,15604392,28854207,17001338,14556792,9943150,5602858,6641060,7032622,6465739,16629387,17545559
328,000869,2018-01-29,-0.0005211047420532466,-0.003387180823345548,0.9630544057413667,27044.5,133696.75836654703,1588,55570645,49188531,1042347,782872,9980416,6922557,8950851,7861595,10350468,10103229,7305030,6315901,2815883,6332583,3591683,2099412,11533967,8770382
329,000875,2018-01-29,-0.010899182561307952,-0.013623978201634857,0.10567973278643328,14842.0,67762.76785849065,1209,19971077,12206417,687101,820409,7815666,4030492,2901679,2240168,2352937,2304373,1525752,574155,676734,341677,970206,459484,3041002,1435659
330,000876,2018-01-29,0.004739336492891155,-0.007109004739336289,0.14833452303429298,36765.0,265120.99695141043,3245,204118745,190500075,1955753,1425210,16840774,12196375,19023574,15524883,28209869,22389261,22356457,16788534,13862759,18340071,13858077,16456286,88011482,87379455
331,000877,2018-01-29,-0.023993144815766865,-0.007712082262210762,0.22356371521571422,34710.0,144921.33507141337,2728,120238138,107459926,1285400,1366482,13104827,12884523,16601338,14776296,23554779,21468436,18777340,14110522,11310183,11090134,11165580,9810139,24438691,21953394
332,000880,2018-01-29,-0.023280423280423124,-0.016931216931216908,0.5081553545070834,9260.0,42718.859762711436,345,3949522,2762589,302459,274236,1747044,1532204,664464,540292,363225,415857,224130,0,0,0,0,0,648200,0
333,000881,2018-01-29,-0.00591715976331364,-0.013313609467455634,0.32635395731687106,17602.0,81252.08057833488,1717,42741542,30270157,1331616,1412748,8323077,7987369,10278135,7414984,10217614,5389144,4461367,2485990,3827089,692578,491865,906690,3810779,3980654
334,000882,2018-01-29,-0.019480519480519543,-0.019480519480519543,0.10097076849102982,7344.0,158325.60440306543,933,24856213,8305923,792292,1202808,3700710,2879866,2667147,854740,3478376,757662,2472834,473310,1435976,920625,499182,0,9809696,1216912
335,000883,2018-01-29,-0.0062893081761005165,-0.002096436058700135,0.11955506491750886,2380.0,112083.23196144858,1595,24768604,22906246,1567984,1338664,3325561,2832238,2757584,1753765,3492541,3198684,1448039,4156946,1371618,1047312,1390813,2313986,9414464,6264651
336,000885,2018-01-29,-0.0063583815028901425,0.001734104046242635,0.34374651631651665,35400.0,147554.12129748202,2535,103899307,96955204,1154326,1447645,11422464,12681085,16710143,16613130,22142917,21346466,13923364,11493616,9654603,11450949,8145684,3569049,20745806,18353264
337,000887,2018-01-29,-0.005780346820809301,-0.006936416184971206,0.4836886157573181,10380.0,88869.28409816664,1279,28561122,17939625,1237302,1006362,5943140,4350260,4981780,2913793,5697046,3774463,3648155,952151,1726917,648425,0,436716,5326782,3857455
338,000888,2018-01-29,-0.015238095238095273,-0.012380952380952492,0.3361953121953715,10370.0,93027.65857455612,975,19184277,7396845,437527,1308711,3925846,2615265,2601394,1187911,3213649,1035513,1768328,917319,1377598,332126,458754,0,5401181,0
339,000889,2018-01-29,0.010220125786163381,-0.0007861635220125507,0.5033379117643398,7647.0,63462.26284041171,638,9733688,6402816,794429,586713,2690929,1493250,1537038,1121258,1518895,1295792,965649,510999,0,770100,478674,0,1748074,624704
340,000890,2018-01-29,-0.017069701280227556,-0.008534850640113834,0.1657356506289324,14868.0,134006.2790594616,1803,42388209,49757265,826714,2276098,6828371,8300024,6918951,6913455,8849121,10916181,7880678,4720957,2381729,2791964,1338931,906044,7363714,12932542
341,000892,2018-01-29,0.0096735187424426,0.0096735187424426,0.2943733689901687,12585.0,55969.19731218368,789,14562450,11006707,916609,531066,4025067,2911146,3190395,3193198,3393700,1714129,1220475,1610458,343990,1046710,882814,0,589400,0
342,000893,2018-01-29,-0.020969855832241202,-0.00917431192660556,0.26597968486496,10612.0,160892.50494833037,824,11818389,22022815,653762,784831,5155202,2722960,2308684,1382743,1842471,1212441,287280,2089061,1108610,3423799,462380,465885,0,9941095
343,000895,2018-01-29,-0.02896503002472628,-0.02401978099611446,0.5003150162629375,38871.0,221392.45775986492,3204,200922156,121279141,1352349,864391,17846987,14602761,23065888,17324469,31578458,28877362,16177347,18500981,12798280,7363025,15825051,4002448,82277796,29743704
344,000897,2018-01-29,-0.024523160762942697,-0.019073569482288777,0.10670708402595264,5856.0,53584.50333112779,1186,16952989,6894497,1854457,973512,4967845,2239679,2388897,1049878,2182808,1944433,1453351,686995,625494,0,933298,0,2546839,0
345,000898,2018-01-29,0.01388888888888884,0.02083333333333326,0.13151192104501666,45787.0,415856.056722612,3006,228642823,285902089,1360290,1310399,12350802,10592368,17032309,14137125,26413271,30054939,18520313,22489771,21507001,27196934,12652435,18262747,118806402,161857806
346,000899,2018-01-29,-0.017421602787456525,-0.015679442508710784,0.16086267409102586,3438.0,63959.49657143085,1274,16013070,6224422,2989671,499269,1845848,1701596,1803195,1384943,2481043,888870,1131803,454644,1616308,317975,491288,411125,3653914,566000
347,000901,2018-01-29,-0.024890829694323213,-0.024454148471615644,0.5473939369896795,17912.0,89932.13709442496,1750,47823202,24406359,1312230,1287801,9344232,8481544,6883310,5145796,9833495,3994033,5397728,2402836,3740419,1333550,2215820,456983,9095968,1303816
348,000902,2018-01-29,-0.011258955987717423,-0.004094165813715356,0.25648578407845946,5844.0,57368.2441004206,1453,14179043,14528880,1127077,1847101,3057987,4644471,1661968,3181798,2249971,1949480,2623272,1166590,399903,747824,488000,0,2570865,991616
349,000903,2018-01-29,-0.01449275362318847,-0.011594202898550732,0.12670523503460496,7728.0,70974.30171121044,742,12980058,7262609,521148,682882,2793646,3667382,1533831,791572,2340743,957147,2137374,674382,737750,0,0,489244,2915566,0
350,000905,2018-01-29,-0.01839926402943881,-0.014719411223550916,0.34181230485119946,14966.0,90620.41506917412,1011,26906287,14854999,692989,789667,6112071,3911666,3660201,2823847,5457801,2633409,3435404,1518311,1817416,393816,1845745,0,3884660,2784283
351,000906,2018-01-29,-0.02280912364945975,-0.025210084033613578,0.24310839123079772,14597.0,74394.36658695672,1175,24941055,15192242,1077006,1041950,6043338,5288903,4570853,3528176,4503300,2576614,2292026,1586471,2086775,661310,946543,0,3421214,508818
352,000908,2018-01-29,-0.01830282861896826,-0.01331114808652245,0.2143335755427298,4172.0,44327.687390018764,786,9626121,5128259,321117,816728,2791076,2670677,2232150,680356,2274931,740593,300000,219905,702105,0,419300,0,585442,0
353,000909,2018-01-29,-0.016488845780795347,-0.01357904946653743,0.4521978334702483,10180.0,34085.00701126067,519,8302778,2869071,353615,518575,2764723,1410070,1581464,512315,2684231,428111,918745,0,0,0,0,0,0,0
354,000910,2018-01-29,-0.014423076923076872,-0.006009615384615419,0.6256025478935777,12460.0,65345.451840693284,1595,19911203,30090161,503302,2627044,4066976,10205728,4602902,5652949,4208214,4357182,3429523,2935817,1811144,686998,419838,1403848,869304,2220595
355,000911,2018-01-29,-0.01207464324917662,-0.013172338090010838,0.3039181768632567,6829.0,72006.83728452011,898,16361903,5776946,915869,879800,3268169,2799415,2214781,1323597,2993727,195605,1255496,269700,1855802,308829,0,0,3858059,0
356,000913,2018-01-29,-0.018774157923798995,-0.017669795692987322,0.8667359669026663,17865.0,83655.80391596703,436,10690402,6623259,408417,347575,2604946,1722932,2108514,1687081,1549562,1659179,524944,0,986549,0,923552,0,1583918,1206492
357,000915,2018-01-29,-0.043349388662467514,-0.03853278992219333,0.5133855133108176,23355.0,233430.2934939327,2765,133569996,69825223,2773952,929918,16500253,9773805,15403489,11409853,18330101,14866114,12420277,6728311,8648703,4364174,5329884,4396476,54163337,17356572
358,000917,2018-01-29,-0.023728813559321882,-0.019209039548022555,0.22504254821079472,17400.0,113224.14365677172,1547,49677897,27497275,1651789,1130096,8550767,5049885,8719234,5241300,10575408,6016258,5168289,2766412,3063148,3413697,3087010,953025,8862252,2926602
359,000918,2018-01-29,-0.0134228187919464,-0.0013422818791946067,0.193260654437445,11265.0,70458.47897403744,1487,30145322,23049838,1288185,1293179,6815277,5344433,5441099,4619859,6032915,5260371,4624570,2879344,3346547,3225333,839005,427319,1757724,0
360,000919,2018-01-29,-0.016429353778751432,-0.017524644030668113,0.37788453354709955,9130.0,72028.76161123524,583,12586579,5831798,549715,951881,3028918,1881921,1757441,1369537,2374139,940996,1705884,236062,993782,0,453500,451401,1723200,0
361,000920,2018-01-29,0.0020703933747412417,0.005175983436852993,0.4216859303756929,14048.5,53928.87652690404,524,8975440,7986798,625822,487791,3358968,1940650,1691103,1790534,1951201,1849538,909271,1061215,0,369570,439075,487500,0,0
362,000921,2018-01-29,-0.0013003901170351995,0.0019505851755525772,0.2882837902116316,34298.0,235851.06751095116,2851,134084712,153644201,1189699,1496301,12705544,15644294,15999683,15447726,25149837,22804519,16359646,15303653,12146072,12723801,8052084,13542643,42482147,56681264
363,000922,2018-01-29,-0.03571428571428581,-0.03708791208791218,0.22442335781110737,11296.0,55179.24395417798,1053,18580865,14456346,767092,1304011,4585560,4064788,4254079,2891952,5195071,3492615,1437049,2018272,695614,684708,0,0,1646400,0
364,000923,2018-01-29,-0.04127883447996761,-0.028328611898016942,0.5817297519107234,22167.0,88187.65919623047,1810,52855470,29918256,1487868,1452346,10152016,8615195,12208386,6764867,15104778,4987869,4846726,2121660,1660940,1355161,1240798,1810359,6153958,2810799
365,000925,2018-01-29,-0.0014184397163120588,-0.014184397163120477,0.6092711438706319,11320.0,69998.31560927654,535,12097021,5848941,406619,714313,2882268,1625955,1873957,718489,3366489,1340560,969103,616878,705612,0,0,832746,1892973,0
366,000926,2018-01-29,0.008169934640522847,0.005718954248365993,0.25018492379173735,37380.0,231435.89830751377,2395,136508359,138509836,1263080,784152,10040441,13164551,12875995,12615659,24606666,18937641,17003301,16784727,12265051,13738304,8939409,7201099,49514416,55283703
367,000927,2018-01-29,-0.018018018018018056,-0.013513513513513598,0.14419203554360863,8880.0,101754.09222063945,949,20333065,10882155,825656,948962,4309275,3572095,3517000,2472964,2909901,1379435,3112461,290469,673626,0,1278840,0,3706306,2218230
368,000928,2018-01-29,-0.019726858877086473,-0.006069802731411222,0.18625442393515887,17820.0,100548.59877935876,1253,34325921,24500267,959416,931637,5689642,6058137,5911733,5280104,7212666,4238290,5257155,1694003,4475440,1601014,1808490,0,3011379,4697082
369,000929,2018-01-29,0.004389815627743543,-0.015803336259877065,0.7190795327361222,9060.0,42405.58111186422,250,3830139,1498247,212714,228658,1492719,492825,759772,327254,888840,0,476094,0,0,0,0,449510,0,0
370,000931,2018-01-29,-0.01594202898550734,-0.01594202898550734,0.2666578428631228,9590.0,59388.83800284546,669,12260866,6751151,567030,783101,3042439,2141012,1982149,1544651,2680510,985144,2500358,433497,698771,343000,0,0,789609,520746
371,000932,2018-01-29,0.03687635574837311,0.03579175704989157,0.17563406896284386,46400.0,435889.3106331902,2761,213119474,225790444,1963550,1026919,13433556,10634440,15905480,13343590,26076297,22719413,21744494,18804732,14823464,14379712,17440131,15822457,101732502,129059181
372,000933,2018-01-29,-0.004032258064516014,0.00504032258064524,0.1767669059942898,61762.0,244266.87105645385,3154,215965760,219916469,1050548,939497,12932426,12665869,24274447,22662509,35597107,36985614,26566094,30986808,23260338,20020124,14147197,17117837,78137603,78538211
373,000935,2018-01-29,-0.004354136429608246,0.015481373971939938,0.3604660124227435,64201.0,231285.54534276293,3294,222935072,184917704,781780,745863,14208897,13716319,23977797,23077958,42830706,36461404,35856941,27368398,19337561,17192585,19678037,13533217,66263353,52821960
374,000936,2018-01-29,-0.02298850574712641,-0.017241379310344862,0.20266435302861982,12687.5,73269.69560594729,1180,25328527,15374260,1171114,988271,5542644,4386122,4421980,3253537,5322248,2174082,3146577,1654736,0,1792912,1727334,438600,3996630,686000
375,000937,2018-01-29,0.013223140495867813,0.009917355371900971,0.1178457961768649,29890.0,216921.9498322471,2645,110020854,139158089,1535537,1587814,10333232,11962432,13045975,14703690,18222577,25741035,10114630,19260708,12413116,14964672,4456732,8078217,39899055,42859521
376,000938,2018-01-29,-0.028307692307692367,-0.03076923076923077,1.313387581323773,50400.0,226164.85076784113,2450,166446247,105980315,679843,1116762,9694513,11242692,16403795,16676352,28188548,21299902,17384268,14836065,20486341,8091867,11716500,5518794,61892439,27197881
377,000948,2018-01-29,-0.02710551790900284,-0.02613746369796699,0.3998906718372413,7063.0,65303.63610040739,667,13026586,5097078,396072,730921,1766768,2222264,1530677,1175507,3297225,616943,2362651,0,2260228,351443,0,0,1412965,0
378,000949,2018-01-29,-0.030516431924882625,-0.016431924882629012,0.24441456339255827,8360.0,38553.27970460242,303,5553160,1179035,415555,151991,1770382,668154,967259,358890,1276858,0,1123106,0,0,0,0,0,0,0
379,000951,2018-01-29,0.022917831190609306,0.015092230296254838,0.36377023244143986,21312.0,145888.8207155637,2421,70609128,77789522,1888567,1216380,13039117,9613124,14843585,10723726,14798097,13718811,5583352,6933851,3246261,8164482,4059948,4994516,13150201,22424632
380,000952,2018-01-29,0.0,-0.0035561877667141806,0.5266395289019166,13990.0,75037.2437206176,712,18809386,7319339,796514,468934,4217276,2757134,2863231,2359727,2724663,1031744,3169287,280000,640988,0,1734233,421800,2663194,0
381,000953,2018-01-29,-0.024611398963730546,-0.01943005181347146,0.25557172233874526,10584.0,63565.13510228773,913,17236304,9229199,908060,887865,4151524,3471174,3423893,2237946,3305134,1029516,1930171,234980,1136122,738538,926590,0,1454810,629180
382,000955,2018-01-29,0.04920405209840806,0.04920405209840806,0.15935142339419153,22134.0,144110.88031093907,1883,42177593,82566656,818892,1882012,6867675,10373770,7436517,10997976,12192341,14885360,3773425,10581176,3606650,8803611,973736,3101699,6508357,21941052
383,000957,2018-01-29,-0.007575757575757569,-0.007575757575757569,0.3238120757887412,10500.0,73940.34053016822,1063,23122246,12080524,1054572,811847,4981641,3081134,4106159,2912788,5227704,2112710,3199682,1595305,1681788,691238,1355550,875502,1515150,0
384,000958,2018-01-29,-0.007677543186180413,-0.0038387715930900956,0.15469956033443885,10460.0,57311.0854735971,1135,18755075,11572614,1011404,939728,5362480,4036672,3514557,2256892,3213279,3228184,1228491,732371,1349469,378767,472290,0,2603105,0
385,000959,2018-01-29,0.012779552715654896,0.009584664536741228,0.134653271057521,6985.0,115200.28784171281,2167,33822255,36425529,1619881,2896853,6923160,7343818,5891511,4569666,5393198,5043177,3166845,2472712,2326153,1067689,899480,4804164,7602027,8227450
386,000960,2018-01-29,0.009809932556713585,0.010423053341508393,0.27852597398001727,136661.0,946051.4428449759,3437,567623438,674647930,571511,726205,9393647,9288688,17082759,17208717,40643815,41083760,42848522,42675473,37150252,34356570,30556399,30734878,389376533,498573639
387,000961,2018-01-29,0.023653088042049797,0.03153745072273306,0.1401160909839434,50765.0,413161.89030595875,2961,211258482,253645197,1365869,1078152,11212840,10292187,16523189,17128754,26895988,27940201,21583413,27616563,19409781,22676883,15677191,18922020,98590211,127990437
388,000962,2018-01-29,0.0011560693641619046,0.0023121387283235872,0.2123609080026028,15714.0,78880.93565567411,1662,30334968,28315252,1734266,1402711,9243333,8302734,6379328,5007364,7874970,5993230,1688817,1870736,2360544,331360,0,1277084,1053710,4130033
389,000963,2018-01-29,-0.00908760450745183,-0.00036350418029817977,1.1127124228596736,27792.5,185959.1803635031,2458,92673979,92525070,494476,1418846,8548370,16883333,11833018,16137123,12628287,15970117,15521080,12357879,5275016,6148094,7671411,2615991,30702321,20993687
390,000965,2018-01-29,-0.01607717041800638,-0.014469453376205754,0.1598236848588248,13640.0,89127.63481402406,1516,39771709,23861995,1463672,1173382,7498794,5533778,8602116,4891182,7204478,6217467,5174919,2360184,3010237,1536848,425253,900618,6392240,1248536
391,000966,2018-01-29,-0.007999999999999896,-0.005333333333333301,0.12793040535958533,9387.5,114652.13625141412,860,17292099,14073204,594032,975339,3747044,3615890,1859706,2501203,2407472,1898268,923074,632538,1453627,1115211,0,417760,6307144,2916995
392,000967,2018-01-29,-0.004540295119182858,-0.0034052213393871433,0.3469509996269273,8860.0,58544.564357332856,644,9646091,7754415,670983,810782,3171342,2187455,1746484,2051396,1736337,1220210,869836,0,660769,0,0,861192,790340,623380
393,000968,2018-01-29,0.003541076487252104,0.0014164305949009304,0.3768601993435686,11212.0,58511.37856447004,1406,22439100,16805359,1251630,1723488,5442396,5157887,5418576,6907468,4779428,2136508,1265660,880008,1356518,0,841590,0,2083302,0
394,000969,2018-01-29,-0.010663507109004766,-0.0035545023696681444,0.2511240372593499,8515.0,75057.2706733773,1130,15846664,12593323,1118768,937448,3651604,5402666,3095747,2668491,2223682,2309036,1687708,454524,971835,335858,441208,485300,2656112,0
395,000970,2018-01-29,-0.014525993883792054,-0.016055045871559703,0.27667074413352793,20608.0,139181.77287654285,2236,73561987,51840645,1217338,1626642,10693259,11398882,10711769,10335962,12164337,13781451,9814000,4482232,3340031,3476741,6966290,3142515,18654963,3596220
396,000971,2018-01-29,0.027083333333333348,0.01041666666666674,0.3812564450018492,16115.0,126866.16746815543,1428,35532801,28424303,1212081,1085037,6350267,7526799,5407903,5836654,8133555,5551439,4061697,2686489,2232128,623706,1316126,1305699,6819044,3808480
