,code,date,pchange_whole,pchange,change_std,amount_median,amount_std,length,sumsell,sumbuy,sell_vol_0,buy_vol_0,sell_vol_1,buy_vol_1,sell_vol_2,buy_vol_2,sell_vol_3,buy_vol_3,sell_vol_4,buy_vol_4,sell_vol_5,buy_vol_5,sell_vol_6,buy_vol_6,sell_vol_7,buy_vol_7
0,000001,2017-12-07,-0.01685823754789273,-0.013026819923371624,0.22148722983427158,112316.0,833877.7751946521,3475,690118775,505897483,790481,319567,12726634,7364527,25633629,17765176,52907756,37060368,45504552,32198708,40528351,26004851,26994893,23746102,485032479,361438184
1,000002,2017-12-07,-0.020281321557082177,-0.01341184167484466,0.5137505207069007,209712.0,569235.6597320171,3544,703767219,640079212,200582,252686,5121564,5444002,16415314,18429968,48439989,55583428,65578957,60245679,45229983,55661902,43348852,45675933,479431978,398785614
2,000004,2017-12-07,0.018360949395432202,0.0076130765785940024,0.8005044368966838,11240.0,66066.58384153488,779,10587357,9978477,646885,688779,4536212,3473494,1572413,1354561,1203789,2277409,1347408,516930,330750,323640,401820,0,548080,1343664
3,000005,2017-12-07,0.010000000000000009,0.012499999999999956,0.1324192886981505,8080.0,37735.9682894538,913,7109727,8765857,537314,3042863,1770349,2457472,1364125,1152031,1540904,1428501,694926,684990,729429,0,472680,0,0,0
4,000008,2017-12-07,-0.015421115065243018,-0.008303677342823335,0.27138791065805423,5813.5,85056.09921766137,966,15554341,12803919,1017343,885689,2883390,2506823,1960182,2409902,2375386,2346031,2210187,1281546,379681,1034696,1750232,1261707,2977940,1077525
5,000009,2017-12-07,-0.006802721088435382,0.0054421768707482165,0.15078603593791307,14890.0,135415.0077036795,2382,58028419,63883162,1875440,1701328,13565005,8036852,8470352,6965080,10081483,9172103,5086608,5564745,5202510,3562474,4452108,5227351,9294913,23653229
6,000010,2017-12-07,0.009765625,0.00390625,0.16366466403835217,5140.0,55394.02252853709,979,11445178,8693314,1285258,725398,3045173,2031524,2326508,1370972,1941232,988370,1358913,1652946,357700,343040,423299,405305,707095,1175759
7,000011,2017-12-07,0.0029940119760478723,0.007185628742514938,0.5199764918401124,13384.0,55998.13971626726,1031,13208553,17171226,690979,914196,4143029,5507137,2891022,4551708,1867069,4063328,785082,1179233,699064,364824,847890,0,1284418,590800
8,000012,2017-12-07,-0.02033898305084747,-0.007909604519774072,0.19560417789996243,20171.0,174704.74737710535,2049,74158163,54676575,1543916,1567457,10463593,9072920,10062519,10195514,15173080,11264077,8080916,6150063,4056944,2088329,5379320,2694083,19397875,11644132
9,000014,2017-12-07,0.008368200836820217,0.015062761506276168,0.5158480751885801,8522.5,38845.7710111824,536,5804407,5855565,476821,595042,2020931,1999943,1179463,1190503,1213458,1070378,913734,682371,0,317328,0,0,0,0
10,000016,2017-12-07,-0.0033277870216305017,0.004991680532445919,0.17496270212951903,9680.0,89516.83109493965,1181,21324755,22813403,885930,1264869,3675207,5329522,2396325,3895245,4384423,4887157,2654145,2170555,1252102,1669351,1342164,432684,4734459,3164020
11,000017,2017-12-07,0.007575757575757791,0.01060606060606073,0.3399842708245533,4623.5,38071.67677868342,376,2502185,3391463,369041,368394,852076,1076878,390473,1067015,590709,403582,299886,0,0,0,0,475594,0,0
12,000018,2017-12-07,-0.007112375533428139,-0.008534850640113834,0.2586777725337281,7010.0,90462.99764952346,738,9585431,14499990,596137,875909,2275840,2629996,2033985,3498812,908759,3897674,463319,2835778,692727,348500,0,413321,2614664,0
13,000020,2017-12-07,0.012442698100851413,0.012442698100851413,0.5733339168428297,15460.0,391621.5773502299,710,46413318,9675899,1372584,10362,5911398,180766,3079193,822934,5532380,617278,3039697,762715,3390694,322830,2192228,480858,21895144,6478156
14,000021,2017-12-07,-0.007692307692307776,0.00219780219780219,0.22326824567652057,11778.0,108358.42489942946,1662,33512604,34048017,1414256,1641873,6189665,7161909,7410135,5556429,7634281,6968441,2796144,2502287,2888422,1995255,914028,405372,4265673,7816451
15,000023,2017-12-07,-0.0017785682525566227,0.002223210315695834,1.0458718283860207,4522.0,25270.944312301697,462,3381389,2229210,734887,397721,1142056,912381,927202,598608,577244,320500,0,0,0,0,0,0,0,0
16,000025,2017-12-07,0.01992337164750957,0.020434227330779153,1.020792777214587,19610.0,86225.9792607037,1471,30876569,34607988,1235148,1210288,6660359,7838432,5034324,6617613,6430986,5929166,4429837,5077547,1738493,2898388,1829582,2784694,3517840,2251860
17,000026,2017-12-07,-0.0009478672985783199,0.0037914691943126133,0.5008231238622737,7420.0,40896.08683288081,443,4506367,4036999,523711,323794,1632690,1408564,1018429,868133,469146,523137,440391,232320,0,681051,422000,0,0,0
18,000027,2017-12-07,0.003355704697986628,0.005033557046979942,0.20021377760206815,1794.0,36161.17546012139,886,4484595,6440881,628651,1023787,1429043,1612078,895017,782478,1231500,1306045,0,499428,300384,746850,0,470215,0,0
19,000028,2017-12-07,-0.02491525423728813,-0.021186440677966156,1.4080785987088906,11580.0,93230.73830907443,1757,40912723,21484232,3320374,776652,7531532,4548569,6575882,6253361,8153577,3861046,2764388,2290164,2350260,708048,1359640,411800,8857070,2634592
20,000030,2017-12-07,0.0,0.005115089514066584,0.27104974368069656,3132.0,29458.60185799489,832,4963124,4926857,724725,928768,1634556,1885950,492325,1161994,1276512,674695,444006,275450,391000,0,0,0,0,0
21,000032,2017-12-07,0.03498293515358353,0.03412969283276435,0.3269265976134461,14447.0,77644.9974113843,1285,18655073,28300326,1108257,969255,6401369,6766706,3985985,5458330,3271348,5376907,1713458,2565427,609921,2008587,403340,1305881,1161395,3849233
22,000036,2017-12-07,-0.0022675736961450532,0.00340136054421758,0.25973862819020127,8820.0,79617.8532729924,1153,19379319,17543111,1416274,1130201,4256794,4575046,3392602,3024226,5448497,3135873,2800452,2146415,347902,1359178,0,489182,1716798,1682990
23,000037,2017-12-07,-0.028785982478097716,-0.016270337922402955,0.4525026932057805,7880.0,61600.71807436593,311,4212500,3947375,244487,410909,1116791,1207593,928652,207864,958100,609370,503680,209595,0,674044,460790,0,0,628000
24,000038,2017-12-07,0.11536573392243477,0.11536573392243477,0.6778262562830045,22720.0,198319.09685020486,904,49935469,20023949,1113538,115592,6544504,1328212,6367347,1218439,8521538,2536398,7306621,3741373,1795258,2998686,5278161,1784024,13008502,6301225
25,000039,2017-12-07,0.008238928939237722,0.012358393408856694,0.392002202826985,19630.0,224552.02611190316,2455,78480663,89843622,2769930,1786884,10317804,9279387,10747534,10191504,15247258,13248929,8998264,10079441,5156880,8043981,3516145,5258898,21726848,31954598
26,000040,2017-12-07,0.00615858352578913,0.010777521170130866,0.44546456928845585,10464.0,70105.44824603508,850,12379889,14804455,736187,815956,3026408,3872931,1828645,3091799,2531007,2510298,502389,1020245,2029443,1403626,433260,407880,1292550,1681720
27,000042,2017-12-07,-0.005810200129115595,-0.010329244673983218,1.049856934904423,3076.0,19577.417655226836,217,1273949,798890,134751,281278,394811,412960,744387,104652,0,0,0,0,0,0,0,0,0,0
28,000043,2017-12-07,-0.0029644268774703386,-0.0029644268774703386,0.5418522617191783,10065.0,50739.2178613691,348,3467282,6280686,278689,270870,964379,1511292,569078,1111209,1028079,1800856,267915,869359,359142,303000,0,414100,0,0
29,000045,2017-12-07,-0.011650485436893288,-0.004854368932038944,0.3861846493097715,11286.0,92065.64031712117,711,16910907,10223640,411804,610033,2417622,3545746,1649992,2592136,2127767,1757627,2722676,1085668,1696945,632430,1318376,0,4565725,0
30,000046,2017-12-07,0.006711409395973034,0.0,0.30687224423300313,3715.0,65879.3688686702,589,6443851,5420203,678970,482223,2108629,813403,1145372,524131,724222,328545,686772,478092,674720,0,425166,1899809,0,894000
31,000048,2017-12-07,-0.00692340977931627,-0.0060579835569017915,2.3002875711527895,6904.5,51951.08571916858,100,1065859,824192,99034,101476,379953,175426,73344,147264,282828,0,230700,0,0,0,0,400026,0,0
32,000049,2017-12-07,0.0002445585717778531,0.003912937148446982,1.0503411164759584,20465.0,104982.36847182746,1516,44472830,30314653,1109384,1325419,7412385,7234260,12586507,6275970,8415963,5482525,3006399,2737969,1370247,2033970,2737698,1739958,7834247,3484582
33,000050,2017-12-07,-0.023755139333028752,-0.0022841480127913094,0.39471627259997966,55796.0,590761.5768503854,3083,277372757,369505681,883717,950353,9916922,17104598,11241135,20051809,22751520,31821651,19160717,29636021,14506635,24310186,16651017,19428689,182261094,226202374
34,000055,2017-12-07,-0.004807692307692402,0.0016025641025640969,0.22440885795832208,9345.0,52364.08938353193,773,12334506,7617653,795589,573425,3601449,2827120,2069769,1785434,1950945,2431674,985565,0,1339755,0,462768,0,1128666,0
35,000058,2017-12-07,-0.022598870056497078,0.00790960451977396,0.2435125994941904,11648.0,47973.30239108019,1321,18685889,18774602,1683900,1364621,5993801,6396150,3955687,4649909,4566702,3556251,729729,1244781,682120,1086339,478998,476551,594952,0
36,000059,2017-12-07,0.005133470225872516,0.010266940451745254,0.259852250631304,14917.0,132302.56442863055,1405,37207276,41077792,1267237,1586557,6007722,6150422,5128909,5956984,6921148,6942314,5565896,5332106,1711080,3871984,3734195,3594762,6871089,7642663
37,000060,2017-12-07,0.0,0.012512030798844886,0.216346759407661,10460.0,102114.93602566535,2309,50303042,47755150,2003654,2599506,7367468,8540487,7306576,6769636,8067914,8241727,6808538,6631885,6499945,2311117,1816713,4023226,10432234,8637566
38,000061,2017-12-07,-0.008010680907877266,0.004005340453938411,0.3395101807968937,3730.0,44363.75741879462,486,5024166,2597305,499045,555596,1154503,1262784,848836,487239,484169,291686,718057,0,713879,0,0,0,605677,0
39,000062,2017-12-07,-0.016009852216748777,-0.003694581280788145,0.7995695004616437,14594.5,61329.88132491143,928,18051139,14000610,946985,617368,5002066,4217922,3058496,2368083,4161126,3918070,2176315,1504950,1453715,1374217,0,0,1252436,0
40,000063,2017-12-07,-0.014838521966831442,-0.0037823683444863088,0.5814759858389722,211234.0,889457.1328042209,3495,791713744,721308465,167421,153587,5849812,6720725,17647047,18659396,40107371,43532120,45476281,47793923,52513161,45427443,52647603,46005838,577305048,513015433
41,000065,2017-12-07,0.007113821138211351,0.010162601626016121,0.5543754800128755,17761.5,72782.5368306636,1260,23141385,25568607,1471538,1134990,6148735,6524177,4397554,4993434,4657942,5257176,3175851,4632135,1434364,1706678,407262,0,1448139,1320017
42,000066,2017-12-07,0.007256894049346929,0.0159651669085632,0.14869761622450142,20053.5,142619.3864814876,2150,79064844,71577008,1884298,1416875,8939637,8797933,8141705,9820832,12897341,11834054,11221617,8781015,9939376,9241953,9969852,4862592,16071018,16821754
43,000068,2017-12-07,-0.0074906367041198685,-0.0018726591760299671,0.23336502922110527,4256.0,40142.13936385336,523,4902579,4692680,331414,431766,1395296,1581866,933487,832539,832082,1342291,1091100,504218,319200,0,0,0,0,0
44,000069,2017-12-07,-0.0058004640371228655,0.0058004640371229765,0.16429960467019175,11245.0,151718.90919774442,2758,82808010,84662633,1969407,3494832,9235503,10049633,7438582,10640221,10038992,12897442,5202686,8823722,6000319,6203202,15036003,10005201,27886518,22548380
45,000070,2017-12-07,0.004166666666666874,0.01041666666666674,0.2770609051685308,5820.0,37898.56910593601,1201,11214047,10114316,2170246,1068591,3345285,4191991,2790889,2890171,1705514,984746,515130,0,0,0,0,978817,686983,0
46,000078,2017-12-07,-0.014851485148514865,-0.01650165016501648,0.14386420931859473,4808.0,91660.61574171862,1777,37467921,16844409,2651699,1069553,4791667,3811327,3866419,3910669,6801491,3278297,6346146,1538613,2704158,1726722,1322779,898800,8983562,610428
47,000088,2017-12-07,-0.007832898172323799,-0.005221932114882533,0.23762563691899533,6867.0,63534.28825305883,1039,12969552,10981183,674289,1442036,3419075,3509603,1629830,2105597,2684215,1770725,1493908,474852,1715381,776670,0,901700,1352854,0
48,000089,2017-12-07,-0.008045977011494121,-0.0034482758620688614,0.2507031098756699,4385.0,46022.03387209658,1204,16772360,6212782,2037699,569647,6251664,1854845,2660277,1424094,1745454,1312732,2558804,240625,691093,349740,0,461099,827369,0
49,000090,2017-12-07,-0.003960396039603853,0.003960396039603964,0.27680286470155624,11121.0,43360.95274247307,1332,11369840,17256479,853234,978946,4630888,7659080,1455464,2858637,2490235,2764170,414100,1893143,343728,699912,0,402591,1182191,0
50,000096,2017-12-07,-0.0007396449704142327,0.002958579881656931,1.0137873446811043,5476.0,18471.40066763767,177,1552888,492457,232693,195520,783631,296937,266720,0,269844,0,0,0,0,0,0,0,0,0
51,000099,2017-12-07,0.012127894156560126,0.019845644983461863,0.24994567712054203,4610.0,44201.70094321413,1317,6972578,14011635,1024880,2237051,3105640,4244814,1519925,2957697,575830,2098230,266747,568710,0,355935,479556,456518,0,1092680
52,000100,2017-12-07,-0.01941747572815533,-0.009708737864077666,0.07470658116920524,17996.0,240780.02667849397,3066,127673538,98471364,2595519,2386235,16807713,11551125,12781492,9210593,15896335,11095249,10335851,8210492,8880601,4589199,7909545,8601236,52466482,42827235
53,000150,2017-12-07,0.00825852782764791,-0.010053859964093359,1.6360495284830678,11032.0,42721.918474865546,289,3989049,2484609,436765,102412,1614302,507455,1003102,596202,658880,873234,276000,0,0,0,0,405306,0,0
54,000151,2017-12-07,0.013754045307443397,0.025889967637540368,0.39994586212951627,12500.0,40312.57696275206,955,9134477,13505467,1007890,520693,3562299,5563346,1968884,3263574,1790973,1925551,498785,1499674,305646,732629,0,0,0,0
55,000153,2017-12-07,0.0025542784163472554,0.008939974457215838,0.27977845126201556,3895.0,26542.391657273914,783,3159604,5289613,786330,1156856,1612705,1631255,470929,1479235,289640,276632,0,236700,0,0,0,0,0,508935
56,000156,2017-12-07,0.0023255813953488857,-0.004618937644341847,0.013357075373920262,7789.5,107179.9964217733,1450,18509822,25257497,1588650,900811,5285319,4098348,1750557,4814334,3153046,2630518,2481013,2271318,315526,1152387,881439,434200,3054272,8955581
57,000157,2017-12-07,0.0,0.004705882352941115,0.09017538451384063,5317.5,152161.98978788694,2232,27951962,38842164,2305123,2356953,5266055,7222142,3861325,6181779,3380142,3587275,2976346,2789050,1363240,649650,1295642,1742829,7504089,14312486
58,000158,2017-12-07,0.06826801517066983,0.01896333754740831,0.24285641403835984,8070.0,34231.88079100067,1061,8954118,15225637,777133,1376030,3018655,5005517,3147689,5016220,1084424,3335275,926217,492595,0,0,0,0,0,0
59,000159,2017-12-07,0.00569259962049351,0.007590132827324458,0.25101891432965695,7950.0,41774.959142295396,440,5374304,4943430,412768,281011,1508292,1332426,1332464,1315842,1458502,1051653,238278,962498,0,0,424000,0,0,0
60,000166,2017-12-07,-0.005424954792043413,-0.003616636528029016,0.12525561091827903,5510.0,120522.16915950557,1953,36470575,15590066,2550615,1085867,6416674,4406393,5913112,3164427,4878694,3215083,2235476,2327808,1730305,722016,1322356,0,11423343,668472
61,000333,2017-12-07,-0.034584397720573756,-0.02161524857535868,0.8628308799558223,184334.0,657883.1622855597,3479,675638198,621604931,572773,328991,7650673,6541246,17145520,17266993,49115081,42840616,55346249,42998948,44680652,48969874,31711870,41132116,469415380,421526147
62,000338,2017-12-07,-0.009138381201044377,-0.0013054830287205776,0.13573844943573973,30560.0,195459.7925394312,3192,127293856,147034694,1549786,2073593,15384438,17290413,17200156,19101382,16807022,24207770,12395605,13675239,10806791,9013583,11129093,8484575,42020965,53188139
63,000400,2017-12-07,-0.0036443148688046767,-0.0036443148688046767,0.387723596924275,13675.0,59841.84958953971,1252,18736454,11543348,819187,1558907,8471503,4375070,2224771,2291883,3533940,921517,789417,698767,1080190,309394,497310,0,1320136,1387810
64,000402,2017-12-07,0.0017889087656528524,0.0062611806797854275,0.2324082385737543,10116.0,74009.4030973255,2318,37986837,42818790,2007583,1971953,7256148,10023074,5760234,8151906,6712066,5559443,10469530,6306653,1594129,3700850,1831806,2285302,2355341,4819609
65,000404,2017-12-07,0.006106870229007688,0.004580152671755711,0.26816038422377386,7216.0,120730.2493737278,596,14230898,9279410,599138,602281,1779666,1769651,1439798,1474090,2229381,2587382,1026239,1551678,1751692,0,822655,469260,4582329,825068
66,000407,2017-12-07,-0.01986754966887405,-0.01986754966887405,0.3093614089086429,12597.0,67672.9516558309,595,12775115,6064251,602073,596345,3274567,2144806,3084571,1727438,1204128,635826,1015219,519536,388584,0,1803773,440300,1402200,0
67,000408,2017-12-07,-0.009039548022598876,-0.0028248587570621764,0.48546975715421753,14119.0,88267.05641753496,1329,28147401,31043089,2339462,903409,4824757,4986760,5744346,7098650,5638840,6274982,3833280,2821611,2463139,4680292,426480,414305,2877097,3863080
68,000409,2017-12-07,-0.013008130081300862,-0.004878048780487809,0.23128759407554556,9004.0,57643.520867138315,707,10342870,8129139,640369,692036,2714780,2751046,2162054,1291365,2247388,2164837,544095,204350,671021,0,1363163,413580,0,611925
69,000410,2017-12-07,-0.017222820236813652,-0.007534983853605848,0.21639235204790858,17613.0,214731.0882691904,1846,58325668,50234235,1647130,1507310,7986335,7982571,8950903,7113109,10859696,8710557,7960482,5455508,3571668,3754078,4018595,2121173,13330859,13589929
70,000411,2017-12-07,-0.004826254826254761,-0.005791505791505669,1.2707549999299315,4122.0,25593.05967348339,265,2174042,1488577,389302,76163,632664,769694,602366,642720,549710,0,0,0,0,0,0,0,0,0
71,000413,2017-12-07,0.004259850905218299,0.009584664536741228,0.1776830470363552,33180.0,225066.1318656401,2796,138185843,155016270,1377493,1496848,11429993,16760768,12603495,16871973,20086825,26475491,15701106,15583239,11282335,10559227,7603184,10215241,58101412,57053483
72,000415,2017-12-07,-0.024778761061946986,-0.02831858407079646,0.12332599589619557,14170.0,227484.97513460426,2106,90607408,55825618,1199127,1654794,7007320,9191144,7869433,9666432,6024331,9000659,7652794,7187573,4144969,3135077,1819811,1816198,54889623,14173741
73,000416,2017-12-07,0.00402684563758382,0.006711409395973034,0.33561456409630297,7840.5,43042.09927287346,492,5875859,6274823,582941,514030,1323024,1905287,1983543,1495429,1293275,952834,693076,776436,0,630807,0,0,0,0
74,000417,2017-12-07,0.0,0.002557544757033181,0.23347109090835927,3132.0,69821.3022307318,1122,12763978,7772052,2338293,629504,1494394,1513962,1081678,1309201,1611657,1239351,1183300,473220,1003454,312437,441612,458447,3609590,1835930
75,000418,2017-12-07,-0.026961631524369256,-0.0241963359834082,1.4832279086576607,17388.0,82944.92316230574,1523,37828685,26229395,1449544,749413,8813884,6575238,7912246,3881207,7138932,6075686,3927112,2663404,1692859,1790615,2634660,410040,4259448,4083792
76,000419,2017-12-07,-0.001712328767123239,0.001712328767123239,0.322518965787521,3498.0,32143.23422816811,327,3537510,1369706,386956,221773,1474260,444907,638788,586026,233946,117000,483460,0,320100,0,0,0,0,0
77,000420,2017-12-07,-0.009740259740259827,-0.012987012987012991,0.10727988119085746,5795.0,58645.025742626734,826,11513395,5491526,947918,663511,3224218,2100525,2030355,1029712,1291937,563642,1202210,254752,688560,349904,0,0,2128197,529480
78,000421,2017-12-07,-0.0032679738562092497,0.0016339869281045694,0.2925267171606995,4263.0,19472.46067304249,437,2235232,1853112,860702,313864,477135,849855,343550,566593,553845,122800,0,0,0,0,0,0,0,0
79,000422,2017-12-07,0.004854368932038833,0.0,0.16170721178344818,8240.0,68872.85795058488,649,10946633,7728263,574654,578737,2388247,2647080,1781531,1852022,2009654,1329237,1748111,0,725045,0,906844,459256,812547,861931
80,000423,2017-12-07,-0.008433934182239144,-0.0016537125847527756,1.3356536684499989,18075.0,113224.62878355355,2049,63714136,37380057,1970340,1262970,12297481,10949454,10288816,5507928,11518259,6533206,5070146,4151794,6228577,1733419,4433487,1697635,11907030,5543651
81,000425,2017-12-07,-0.005405405405405461,-0.002702702702702786,0.07497125201190646,7380.0,99404.64458498979,2453,47612742,22735636,2725431,1848069,14145404,4382552,5430454,3924315,7557244,3795214,2856095,1586817,2508887,2504478,964067,893180,11425160,3801011
82,000426,2017-12-07,0.0010101010101009056,-0.002020202020201922,0.21594847120413152,20100.0,155327.49686663697,2105,76462604,71349067,1203815,1361339,7172567,8751865,11491861,9350557,13011906,14361554,10471363,8523811,6328943,5234035,5279762,5396165,21502387,18369741
83,000428,2017-12-07,0.005025125628140614,0.002512562814070307,0.22505037924917443,7354.5,54791.29394692144,312,4382456,3340254,286369,363790,1433255,1041992,569675,581447,727569,202867,1365588,218350,0,330701,0,0,0,601107
84,000429,2017-12-07,0.006501950585175553,0.00910273081924573,0.2662588232574708,3837.5,42680.261085932376,834,8413384,8511633,929271,449971,2028008,1377738,2518186,3689388,1745361,2145119,548546,207615,644012,0,0,0,0,641802
85,000430,2017-12-07,-0.008244994110718551,-0.004711425206124997,0.3560512884730357,4245.0,43106.663321337146,568,4881200,3177307,842629,575536,1533743,1535014,838819,789519,480809,277238,0,0,339200,0,0,0,846000,0
86,000488,2017-12-07,-0.01931200965600488,-0.00784550392275185,0.34310172887906126,24585.0,179207.97196064374,2333,104727492,80885283,1676365,1667665,10600078,11283188,10680405,11599621,16247903,15853571,13480006,8436914,11300985,9145723,4843358,4120899,35898392,18777702
87,000498,2017-12-07,-0.009188361408882129,-0.004594180704441064,0.1744775459381564,4536.0,34904.006068897674,1402,13570018,7242052,2381129,752686,4519207,1902727,2685916,1717999,2544618,1241088,474066,521547,965082,1106005,0,0,0,0
88,000501,2017-12-07,-0.015792798483891368,-0.013265950726468745,0.38569895098791,7810.0,65392.06795356657,1685,29772739,12125715,1968653,1670270,8728540,3299724,6131151,2500885,4700023,1764263,1405879,1185125,2588304,714300,0,473892,4250189,517256
89,000502,2017-12-07,-0.010289990645462987,-0.012160898035547096,0.48745516653806475,10480.0,67249.62348552924,482,7259051,6270686,563663,379564,1662372,1821704,1159992,1392052,1043230,1754206,469500,449310,0,0,0,473850,2360294,0
90,000503,2017-12-07,0.08935483870967742,0.08935483870967742,0.6826051646918214,75624.0,1532611.333646974,2066,366484332,388740498,1677439,170183,8400321,2611448,8869971,6357096,19032958,15699798,18513981,15535523,22413842,14934830,18098190,18899960,269477630,314531660
91,000505,2017-12-07,-0.02584269662921357,-0.028089887640449396,0.3263720667775596,17480.0,106460.91767671276,744,21101704,8371915,366261,911863,4069780,3395882,5918427,1661592,2592214,1275834,1789592,1126744,721700,0,2223556,0,3420174,0
92,000506,2017-12-07,-0.0012853470437018677,0.0,0.3574523223458905,7770.0,66062.23235608859,473,7761680,5346388,521530,541159,1614529,1249234,779579,802064,1203966,1326919,1656686,744475,314650,682537,465600,0,1205140,0
93,000507,2017-12-07,-0.021604938271605034,-0.011316872427983626,0.22727445959560114,11568.0,79554.37087474775,1830,36556890,24552645,1822337,2149321,8289935,7782238,7353591,4928571,7652253,4390025,4832215,2403406,696733,1404967,968303,485856,4941523,1008261
94,000510,2017-12-07,-0.010062893081761004,0.005031446540880502,0.321199208520356,8778.0,44765.54409014103,612,7762128,8094033,699857,594571,2547555,2408916,1256726,2123315,2321786,1639863,280000,959402,656204,367966,0,0,0,0
95,000513,2017-12-07,-0.01838578996572149,-0.0066999065129325075,1.2867947658579009,31545.0,148793.60978600124,2488,103280134,72924790,1087119,2245391,10141434,11246541,14823145,15037103,26091385,13426045,11814769,8425749,11652473,5180948,3571301,5330328,24098508,12032685
96,000514,2017-12-07,0.004709576138147709,0.01098901098901095,0.26904838916872503,6380.0,22626.52511481326,560,3362347,4246986,640071,641736,1926185,1352052,653546,1417697,142545,835501,0,0,0,0,0,0,0,0
97,000516,2017-12-07,-0.0022172949002217113,-0.0022172949002217113,0.006246392571747322,9040.0,66036.0454058318,774,14124406,10068873,703247,686084,4008135,2995808,2446168,1634613,2613511,1522644,1619313,1400762,690319,601866,867648,458244,1176065,768852
98,000517,2017-12-07,0.0,0.0,0.11274196586122912,2952.0,30899.344968608457,1062,5930585,5420264,1473088,705573,1652902,1798217,1301694,995337,588032,1395495,0,525642,354889,0,0,0,559980,0
99,000518,2017-12-07,0.004580152671755711,0.003053435114503955,0.34869591647756665,6490.0,38780.16262778854,352,3381346,3096379,468837,332472,1115902,531592,849256,915564,947351,858906,0,0,0,0,0,457845,0,0
100,000519,2017-12-07,0.10336239103362388,0.10336239103362388,0.17820704803549695,17720.0,311918.53351240896,2035,115771721,36353488,3202596,619095,14549658,3376254,12184127,3845117,13971178,5939220,8730356,3773811,6043517,4052929,6359353,870293,50730936,13876769
101,000520,2017-12-07,0.0,0.007444168734491052,0.13388201885550427,4059.0,107712.24599080347,907,8240303,13990231,575813,977100,2123409,3286076,1342881,1995025,830722,975602,1208955,679044,327235,364905,481032,465349,1350256,5247130
102,000521,2017-12-07,0.007889546351084853,0.011834319526627057,0.2395961623995467,5110.0,61401.15367516912,447,3963140,6558960,435409,282893,1725814,721338,562425,1544482,569830,1083054,669662,637782,0,998235,0,0,0,1291176
103,000523,2017-12-07,-0.00815850815850816,-0.00815850815850816,0.36103941644347337,4250.0,32547.476196934764,564,4324289,2948612,1263750,286079,1169154,865539,1000801,477371,890584,820244,0,0,0,0,0,499379,0,0
104,000524,2017-12-07,-0.019639934533551617,-0.005728314238952592,0.3627086501124366,4904.0,32311.857585026122,1135,9766576,7792683,736253,1839096,4344400,2514204,1808707,1815156,1258202,1113072,500360,511155,712424,0,406230,0,0,0
105,000525,2017-12-07,-0.006982543640897787,-0.0004987531172070403,0.5513367567958647,8059.0,56824.240662966055,1323,17449596,17949493,1042015,1649338,4987606,5112245,3823863,3013009,3513688,3584621,1217654,1907801,656928,355415,480960,1823064,1726882,504000
106,000528,2017-12-07,-0.012642225031605614,-0.0037926675094817064,0.19723749289192352,7860.0,61609.48838419908,1610,18936199,18771609,1140198,1596941,7643731,5073873,3598831,3311958,3724887,1044829,886647,1315586,1151905,2794728,0,451113,790000,3182581
107,000529,2017-12-07,0.0,0.0014184397163119478,0.3521583131206759,2820.0,36920.599365769966,400,3674539,2530162,373667,303581,1277555,971427,779742,232466,281400,657266,962175,0,0,365422,0,0,0,0
108,000530,2017-12-07,0.0,0.007259528130671544,0.20614970779020098,11020.0,92027.02350245675,714,9960477,13268688,440662,568954,2517800,3189540,3643309,1849095,1621307,2156271,505362,979944,671981,331800,0,890004,560056,3303080
109,000531,2017-12-07,-0.003671970624234966,0.001223990208078396,0.4927718196888936,8170.0,54237.73979257809,274,3459102,3367314,353720,249268,1311754,899304,539744,442962,970294,585530,283590,288050,0,326800,0,0,0,575400
110,000532,2017-12-07,-0.008287292817679592,-0.0055248618784529135,0.5227208256810311,8616.0,45358.62298886193,431,5599561,2878336,475964,348386,1798098,1276103,578984,443604,991175,433993,953805,0,318860,376250,482675,0,0,0
111,000533,2017-12-07,0.008866995073891548,-0.0009852216748768017,0.5228348047175061,8144.0,39126.9311261385,376,3601971,4677130,334971,319042,1308011,1429765,943957,1033127,665872,1151637,0,417799,349160,325760,0,0,0,0
112,000534,2017-12-07,0.0,0.005706134094151327,0.851866505510034,11176.0,161828.68969652551,270,5559630,7668361,407605,137663,1532262,358986,815504,962238,954498,1557477,515920,748448,359009,625488,407632,0,567200,3278061
113,000536,2017-12-07,-0.004264392324093924,-0.0106609808102347,0.14840980560596392,7439.5,81447.52854482183,1000,19417433,14462786,1018746,658875,3208501,3685607,2960498,2455599,3138937,2733943,2793473,1623333,1993234,1015300,437998,947879,3866046,1342250
114,000537,2017-12-07,-0.0035739814152967453,-0.005003573981415266,0.362343729621087,18083.0,80128.39803920362,1493,39502557,26907581,620103,883700,9487006,5779634,11644343,4464302,5086671,6579777,4933549,3614753,2760234,656386,452488,1770153,4518163,3158876
115,000538,2017-12-07,-0.02171643349342245,-0.01670494884109408,2.1638442108125684,28278.0,142119.01144235602,1959,81890085,36506868,2950908,1681195,14869889,8212473,9929602,6613025,15248486,6445195,6660754,3812344,6737318,3254654,4024262,2301858,21468866,4186124
116,000539,2017-12-07,-0.004149377593361092,-0.004149377593361092,0.22755087455381065,3363.0,38329.06533850171,448,3735433,2448738,481334,238491,2084636,651619,257173,379702,385390,553147,0,240499,0,385280,0,0,526900,0
117,000541,2017-12-07,-0.012931034482758563,-0.0021551724137930384,0.23932305206573096,14800.0,71789.77333547857,1504,35831839,21812725,1246981,1558300,7347515,6489998,7231889,5486027,9839326,4700716,2314187,1616951,1692656,692060,2607800,0,3551485,1268673
118,000543,2017-12-07,0.006012024048096087,0.008016032064128265,0.20620730834325918,5010.0,54996.635416366385,585,6110332,7847234,594461,397283,1449394,1437990,1465517,1293962,1125016,2009829,743633,1358472,315630,0,416681,1349698,0,0
119,000544,2017-12-07,0.011992005329780175,0.0066622251832111345,0.6310575584698798,16136.0,75564.58468653711,565,11807646,10430673,385528,379400,3032782,2775015,2132115,2381536,2056961,2443762,926549,733597,303000,1225228,915066,492135,2055645,0
120,000545,2017-12-07,-0.003960396039603853,0.001980198019801982,0.14936292225441591,6065.5,65512.44013171665,1144,16273663,14690181,1049512,643754,4016517,3198499,4097061,2017606,2748297,2912727,1711252,1610275,1372510,1077639,0,849665,1278514,2380016
121,000546,2017-12-07,0.00457815565729236,0.01046435578809679,0.5003680977711832,12560.0,98486.54938974387,934,23321046,21023339,637957,844263,3466935,3271827,2943757,3269817,5808231,3892426,2528426,3170544,2223463,4033158,1353232,401005,4359045,2140299
122,000548,2017-12-07,-0.0032467532467532756,0.0016233766233766378,0.30808523876275357,6150.0,40296.17135864959,399,3874930,4348664,379516,428046,1230227,1570326,911014,878257,622063,1040752,732110,0,0,0,0,431283,0,0
123,000550,2017-12-07,-0.008626001232285962,-0.001848428835489857,0.7854847246940156,12289.0,44433.375405390885,426,7032821,4122561,503972,336836,1906897,1869607,1329579,1137511,1568765,778607,1339476,0,384132,0,0,0,0,0
124,000551,2017-12-07,-0.010000000000000009,-0.0012499999999999734,0.38768601000415426,6392.0,40969.628930844585,425,5471242,3905904,442374,263573,1368323,1460891,1499707,827129,1147970,875204,1012868,479107,0,0,0,0,0,0
125,000552,2017-12-07,-0.014204545454545414,-0.0028409090909091717,0.10587089736988012,3500.0,53171.28124470588,1108,9356125,6578626,1781825,688100,2272715,1400710,1666213,1375757,1463531,1026959,266338,0,754343,0,477432,472500,673728,1614600
126,000553,2017-12-07,-0.006301197227473243,0.010081915563957322,0.38701457988374255,16170.0,74993.15932440625,1683,31102696,44522460,1264254,1947993,7648751,7275403,6419909,6565463,6556121,17629898,3771920,3291142,3311517,3318543,976271,924560,1153953,3569458
127,000554,2017-12-07,0.010430247718383301,0.016949152542372836,0.2562049137476561,10075.0,71698.77705335848,896,11888872,17936277,978351,913716,3003553,4234680,2566102,3118783,2674751,3624783,1187374,2410438,394910,0,483210,1224080,600621,2409797
128,000558,2017-12-07,0.007936507936507908,0.011904761904761862,0.16062250067937833,5110.0,47995.823041819065,985,11748879,10665209,981719,735789,3402244,2944964,1916916,2719678,2380836,2160925,1681066,1074428,1386098,1029425,0,0,0,0
129,000559,2017-12-07,-0.01848049281314168,-0.012320328542094527,0.24830453956922605,9650.0,57409.7944063517,1539,29453002,14029473,1683554,1674880,6052548,4365197,7853983,3561028,6119681,3178295,3506723,931930,638907,318143,1407470,0,2190136,0
130,000560,2017-12-07,-0.017297297297297343,-0.010810810810810811,0.29741269759559935,9150.0,82834.95929777311,967,12462998,12482905,1252476,919755,4586402,2965228,3223539,2066572,2013381,2159473,1012050,221719,375150,622200,0,1372708,0,2155250
131,000561,2017-12-07,0.008888888888888946,0.020000000000000018,0.20783370528114598,9040.0,56770.74345253971,1878,21294922,23121467,2016340,1847826,7495232,6839013,5541224,4554923,3680144,3012635,1761108,2835545,351118,355120,449756,843167,0,2833238
132,000563,2017-12-07,0.0022522522522521182,-0.0022522522522524513,0.12708587845591643,4400.0,87345.00567905011,1223,21385913,13474961,1218150,1200263,3411152,2419014,2504228,2058572,3853913,2275701,2729038,649016,2606856,305302,1809000,1378796,3253576,3188297
133,000565,2017-12-07,-0.012448132780083054,-0.011065006915629283,0.3710322623115109,7160.0,45681.501001586665,379,5480266,3258051,348747,369724,1579773,1320003,659190,766503,878533,801821,1551351,0,0,0,462672,0,0,0
134,000567,2017-12-07,0.0004533091568450498,0.0027198549410698547,0.847148197832552,15351.0,101230.70576078456,678,12461210,13213694,510376,495649,3450305,2612793,3267401,3247839,1896965,2147296,293265,514097,0,393202,817356,854264,2225542,2948554
135,000568,2017-12-07,-0.03045186640471509,-0.023084479371316302,1.0807955293887754,65044.5,368162.81151398754,3196,278273627,225092878,697381,1037782,10938651,14728712,20642382,23796793,35345602,35353118,24362029,28028022,22359013,19280379,7597027,15746975,156331542,87121097
136,000570,2017-12-07,0.001831501831501825,0.005494505494505475,0.2923285946216214,6617.5,43648.59604902089,348,3892929,3828397,350175,362329,1061290,1258782,538384,1271088,933422,936198,217200,0,352458,0,440000,0,0,0
137,000571,2017-12-07,-0.012152777777777679,-0.0017361111111110494,0.2362175252495011,6281.0,45972.56631540391,594,7514149,5385407,518353,665111,1885453,2313562,975029,1325861,1824223,879930,993098,200943,0,0,1317993,0,0,0
138,000572,2017-12-07,0.006696428571428381,0.01116071428571419,0.1414581888045167,6802.5,67723.57992825958,1004,10040031,17910753,994274,746930,3179520,3983337,1999442,3353971,1384584,4293841,1172880,1835630,329784,983242,451999,863871,527548,1849931
139,000573,2017-12-07,0.030000000000000027,0.020000000000000018,0.19170347046476569,7620.0,44307.24518052973,680,7225604,8547694,752788,498271,2095791,2392577,1679869,1740385,1677287,2216952,1019869,1015419,0,684090,0,0,0,0
140,000576,2017-12-07,0.0,-0.0017740981667653255,1.0550051373541978,8420.0,35026.86928271297,256,2971039,1826384,264719,229734,1249906,583037,984605,302084,471809,136809,0,200872,0,373848,0,0,0,0
141,000581,2017-12-07,-0.023275145469659142,-0.0008312551953449931,0.5490982186573171,21555.0,142134.25430665078,1920,58024003,54719353,1347539,1518493,8379066,11377726,9212506,7479512,11205103,7162768,6628352,7262331,3079805,2766454,2706112,2724250,15465520,14427819
142,000582,2017-12-07,-0.0031185031185030354,0.005197505197505281,0.33704421257501554,9590.0,35468.18970546589,814,6161544,10110718,917790,858691,2549044,4098198,1363217,2642835,646221,1054790,685272,441789,0,1014415,0,0,0,0
143,000584,2017-12-07,-0.007382550335570559,-0.012080536912751683,0.4907889189855034,16291.0,105583.36179507156,921,28761842,18653462,973219,433392,5312289,3261822,5531378,3256607,5362240,2964008,2422836,2432069,1673941,1699032,1754501,2192691,5731438,2413841
144,000586,2017-12-07,0.03781979977753047,0.043937708565072287,1.1880188192687802,17980.0,133914.88176420468,229,4286274,11228782,162166,162096,402001,672985,593048,1205768,368432,3161708,220424,1098417,2540203,3400989,0,447119,0,1079700
145,000587,2017-12-07,0.04828660436137078,0.04361370716510904,0.1491847175157448,32895.0,223104.63552134638,1859,63796480,122857587,917962,914888,8118875,8908217,9582879,12069291,13720282,15635218,7915605,10410565,7437656,8719283,4349867,6370112,11753354,59830013
146,000589,2017-12-07,0.0,0.0021551724137931494,0.24226629283183332,7655.0,78113.47949367834,366,3341944,4409266,371187,500946,1239849,1289640,690344,624198,811379,391826,229185,210656,0,0,0,0,0,1392000
147,000590,2017-12-07,0.013758146270818283,0.015930485155684293,1.0099287092677454,9726.5,56154.79024768914,186,1140097,4310743,244792,135721,670275,752751,225030,615248,0,1189866,0,1288855,0,328302,0,0,0,0
148,000591,2017-12-07,-0.006908462867012077,-0.003454231433506094,0.15633043922936582,11540.0,68746.95623772936,1374,24680827,24599617,994338,1299484,4462384,5945686,5839474,5282571,6220405,4273380,3779995,2458851,2405789,666944,435987,2253758,542455,2418943
149,000593,2017-12-07,0.0,0.0011627906976743319,0.34077970223925896,12138.0,57850.839394804636,637,10614003,9106822,597943,601566,3399722,2130804,2340247,1867518,2218906,1912010,740934,1004412,384451,706992,426000,883520,505800,0
150,000595,2017-12-07,-0.0059880239520956335,-0.001996007984031878,0.17484898418842423,6525.0,35808.572810541235,821,8243697,6603063,714962,904637,2686388,2976407,1603360,2115404,1010942,332021,1454299,274594,773746,0,0,0,0,0
151,000596,2017-12-07,-0.02873000326477304,-0.018119490695396645,1.4652771102320237,24064.0,133847.63215198537,1748,50537719,40914915,634899,1857598,7256920,10490736,14290987,6297547,9093308,8140283,3935302,3571165,1954144,2272009,2240280,3079436,11131879,5206141
152,000597,2017-12-07,-0.028915662650602414,-0.002409638554216831,0.3413222894081803,18450.0,128963.99177635177,1331,43967815,26934265,895131,1059393,6644030,6057310,5609237,4254735,7776916,5000737,4789985,4134449,4528586,1476040,1816867,1327609,11907063,3623992
153,000598,2017-12-07,-0.0018867924528301883,0.0,0.1548979418028239,7406.0,102852.06745525055,1172,17808515,12658806,1131185,1218375,6685422,2153080,2081005,1320462,2672064,1594171,1205968,765930,1395011,706004,453882,424000,2183978,4476784
154,000599,2017-12-07,0.01760563380281699,0.02464788732394374,0.2028175118737463,9096.0,52037.66452144077,784,6974110,13512696,731177,530499,2577555,3018722,2012688,2709882,1132592,3080700,520098,2372110,0,672184,0,461599,0,667000
155,000600,2017-12-07,0.006369426751592355,0.01273885350318471,0.21809028852693083,13404.5,101945.08192557449,1296,22551072,35851896,1120840,1046530,5954903,4834574,4595047,5453239,4654054,6082597,2827524,4883846,723326,2480728,487772,1791259,2187606,9279123
156,000601,2017-12-07,0.008174386920980936,0.004087193460490468,0.41695349539333937,7380.0,73508.1896319386,309,6671785,2951803,456591,248807,1120539,571956,690704,464940,783035,640606,1649774,449356,1039458,0,422464,0,509220,576138
157,000603,2017-12-07,0.0,0.008673026886383495,0.5252250297329759,11560.0,38406.280933626134,481,5731626,5646109,404164,460969,1837031,2083670,1578338,1774176,1478627,870629,0,456665,0,0,433466,0,0,0
158,000605,2017-12-07,-0.0021739130434782483,0.004891304347826031,0.6743266092851437,11106.0,40387.24907335194,744,7915976,11279144,724430,831951,3000312,3591528,2279732,2771148,896230,2934079,1015272,737888,0,0,0,412550,0,0
159,000606,2017-12-07,-0.001097694840834218,-0.009879253567508184,0.5117534092066626,8543.0,34781.1948099564,316,3842314,1806971,458189,389889,1013354,1033782,974760,383300,753111,0,269400,0,373500,0,0,0,0,0
160,000607,2017-12-07,-0.011093502377178988,-0.007923930269413626,0.2603550219500619,9465.0,43070.78447902519,587,8023778,4323702,778237,390282,2490537,1933743,1287016,1194904,1347176,804773,929928,0,622984,0,0,0,567900,0
161,000609,2017-12-07,-0.008653846153846123,-0.0019230769230769162,0.4634347443484642,11297.0,82693.997845591,503,6942155,10427896,362410,395600,2069470,2239481,1422280,1448422,754385,1717166,202860,1725646,0,1744806,432212,0,1698538,1156775
162,000610,2017-12-07,-0.01726726726726735,-0.011261261261261257,0.8261769728413717,10552.0,138920.18183123873,259,4774287,5038642,299050,170495,968055,661607,1588121,529172,1238824,333678,680237,296590,0,0,0,0,0,3047100
163,000611,2017-12-07,0.011034482758620623,0.0027586206896550447,0.40791499665351233,5768.0,50229.41211766878,315,4023139,2867375,257451,272976,712007,1131482,1133011,738146,477992,453331,272501,271440,728640,0,441537,0,0,0
164,000612,2017-12-07,0.002169197396963085,0.010845986984815648,0.2834524185221582,4660.0,36104.225541173626,1058,7445288,10749833,1125680,1053985,2622520,4082746,1342080,2972944,1385728,1839043,506780,0,0,312988,462500,488127,0,0
165,000613,2017-12-07,-0.017341040462427793,0.004335260115607031,0.21996719130007555,11670.5,179474.72120563046,990,14816177,34503982,476106,1295616,2668501,4754545,2187646,4282896,3039439,3677755,2070988,3679226,651668,2381671,480786,2547110,3241043,11885163
166,000615,2017-12-07,0.010000000000000009,0.006000000000000005,0.21752611820911233,19960.0,95028.9520196138,2115,53674229,47983181,1778271,1439411,10569855,9520556,12546659,7972717,11142990,9915436,6400032,6536907,3362988,2095004,1735963,3162914,6137471,7340236
167,000616,2017-12-07,0.0,0.002915451895043608,0.10737712044782903,5130.0,46414.75044380103,1023,8369552,9127854,1764150,710943,1285869,3186086,1198353,1439538,1036305,1380672,1636389,411600,1030420,1012389,418066,415188,0,571438
168,000617,2017-12-07,-0.016925246826516194,-0.011988716502115637,0.5859663338270367,6990.0,33039.34769364102,585,6445150,2658958,801164,495352,3025510,1384090,608290,371409,1444986,408107,0,0,0,0,0,0,565200,0
169,000619,2017-12-07,-0.00244798041615657,-0.003671970624234966,0.4206709466306098,8200.0,83265.61785810966,377,6343821,5593623,320778,385258,1857914,1191938,878202,954953,794757,752175,989401,244800,692208,0,0,1247499,810561,817000
170,000620,2017-12-07,0.008880994671403242,-0.010657193605683735,0.17026847511809756,6127.0,20099.468033462934,1094,8067717,3329259,2009277,593870,3590931,1942132,1099244,398642,824926,394615,235339,0,308000,0,0,0,0,0
171,000622,2017-12-07,0.016563146997929712,0.020703933747411973,0.23889965165615576,9640.0,82245.65311340148,409,6465166,6669126,324026,421664,1062161,1986361,896478,868306,772600,1106674,742296,1164521,672516,0,497987,487200,1497102,634400
172,000623,2017-12-07,-0.013513513513513598,-0.0047951176983436206,0.5203984431157108,18655.0,241510.43485943912,1943,92065152,56838833,1483363,1374672,9301798,9106022,7126059,6559706,10364810,9247091,6588221,8890837,5734257,1258537,2778119,2892601,48688525,17509367
173,000625,2017-12-07,-0.0038022813688213253,-0.003041825095057127,0.29338666238161293,11808.0,90937.53437424621,2009,40392233,31450242,1863776,1464172,8695071,8159084,9254938,6258361,7764065,5441745,3253781,3149267,2403791,1000787,1432817,496490,5723994,5480336
174,000626,2017-12-07,0.03238546603475512,0.04739336492891,0.32752788597035004,17270.5,104268.46770070882,1498,29238259,42919775,999378,1221423,6170620,7894815,5642009,6623375,7592251,8156432,3739517,5038769,1084229,4116774,857850,4388527,3152405,5479660
175,000627,2017-12-07,-0.014590347923681302,-0.006734006734006814,0.18478167705782636,12312.5,123809.71925451214,2328,68177748,41872598,2067577,1894831,9959274,8342111,9902114,9712419,13108608,8244233,6429680,4384960,5937030,2353099,2597750,2119496,18175715,4821449
176,000628,2017-12-07,-0.008284023668638896,0.0,0.42635004890020767,8375.0,71710.21500544116,392,4256686,5025255,471375,402800,1296483,1065175,1388474,1480062,884474,563924,215880,238854,0,0,0,0,0,1274440
177,000630,2017-12-07,0.0037037037037035425,0.007407407407407307,0.057548037066332235,3264.0,125909.73350628832,2232,29729381,38534302,2312087,1701765,5550213,5025051,3114844,3121812,4756249,3986332,2897862,4571493,1753051,329664,2236881,464576,7108194,19333609
178,000631,2017-12-07,-0.01207729468599028,0.0024154589371983004,0.11981386494984196,5588.0,25819.815347652897,1198,5699789,8345842,573297,1881848,2116861,3907048,798136,1190162,1378631,744785,206999,621999,625865,0,0,0,0,0
179,000632,2017-12-07,0.005059021922428464,0.008431703204047292,0.3349605361370544,4179.0,31389.606428078452,313,1426026,2434962,206357,518987,455227,541862,349793,700013,414649,290100,0,0,0,384000,0,0,0,0
180,000633,2017-12-07,0.0,0.01687289088863886,0.3520621213072725,8037.0,25785.086061370035,637,5075854,5446909,872109,787378,1874455,2833871,1498596,899645,600184,708125,230510,217890,0,0,0,0,0,0
181,000635,2017-12-07,0.002779708130646208,0.010423905489923557,0.5324036925817177,10171.0,58840.88647043026,730,9764896,8074993,614436,570992,2663294,3445813,1877134,1927581,1787998,1696789,521885,433818,702438,0,434511,0,1163200,0
182,000636,2017-12-07,-0.0690457719162142,-0.03491078355314203,0.22227585997725963,91250.0,550702.792369524,3373,429476461,390546986,554378,583447,13267944,11279219,19766107,21565219,37872287,41215872,37846447,34920328,29864396,30774622,26726862,25451245,263578040,224757034
183,000637,2017-12-07,0.007054673721340388,0.012345679012345734,0.25728105216342095,5710.0,45087.446942339506,485,4020496,5680164,565316,372306,1279313,1347797,645974,1505556,1008570,853477,521323,775632,0,316316,0,0,0,509080
184,000639,2017-12-07,0.029771398192451004,0.028708133971292016,0.50433371706041,7664.0,101702.28099063173,1391,20398353,33298690,2518005,730600,5211992,3502976,3417507,3265619,4555243,5144900,2554497,3803773,1691419,4599925,449690,2675817,0,9575080
185,000650,2017-12-07,-0.0019047619047618536,0.0019047619047618536,0.1841210913370205,3682.0,29888.42934267087,813,5049202,6301027,345275,1231739,2352329,1955446,1059844,1200012,707058,1520080,256760,0,327936,393750,0,0,0,0
186,000651,2017-12-07,-0.023456199138343847,-0.012685495452369633,0.702641164881005,253973.5,1120874.7917132166,3536,832217934,908381101,37102,140144,2885291,5198068,12570390,20647471,38873781,61004069,47877466,67607798,54385115,67231443,53998524,57038776,621590265,629513332
187,000652,2017-12-07,0.006637168141592875,0.008849557522123908,0.15155610969892414,4550.0,52394.713458507074,890,9518125,8786152,1102742,844315,2337904,2590957,1142713,1219026,2066680,1743540,570060,1450132,1389026,332502,909000,0,0,605680
188,000655,2017-12-07,-0.013315579227696328,0.005326231691078487,0.2696988724296086,11250.0,49153.567117771076,775,11268616,10057957,685463,634825,3236623,3954001,2480968,1268788,2307598,1692553,1831243,1230599,726721,1277191,0,0,0,0
189,000656,2017-12-07,-0.00877192982456143,-0.0065789473684209065,0.13987176404048998,4530.0,126427.22175654212,1064,20206071,8986311,1241625,868882,3050359,2595122,1492933,1650441,2445856,985908,5481296,1122041,708446,364455,1362091,496127,4423465,903335
190,000657,2017-12-07,-0.0025210084033614466,-0.005042016806722782,0.4197704889985401,5760.5,72240.1429635408,804,8439542,10071649,840757,747603,2363368,1822529,1076307,1628761,1218540,1517635,1157346,1604593,0,1069452,455040,482391,1328184,1198685
191,000659,2017-12-07,0.03217821782178221,0.03712871287128716,0.12828962442509853,10868.0,93008.28401251114,993,16411944,25718064,921789,754155,4167946,3734218,3112619,3698800,3666643,4054381,1962671,5696581,717016,3554020,430539,0,1432721,4225909
192,000661,2017-12-07,-0.016091954022988575,-0.013218390804597746,4.2109955285180485,51120.0,230923.25937611304,1710,98853440,89506810,11234,0,9907081,5879157,11969902,6974707,18551441,29656942,9490695,9305305,7654466,5752404,3782981,1764875,37485640,30173420
193,000662,2017-12-07,0.016096579476861272,0.012743125419181656,0.5507946456768003,10566.5,75480.84924669922,732,10035577,15457866,590506,823069,3043486,3402950,2147122,2169249,1563385,2804482,937285,1320364,1270688,989960,483105,1322483,0,2625309
194,000663,2017-12-07,0.028484848484848335,0.022424242424242458,0.8304791990459901,8425.0,62752.477788749704,395,3894477,5171517,486981,205804,1230703,1484553,1033719,1064470,505650,818346,296384,206668,341040,0,0,406300,0,985376
195,000665,2017-12-07,-0.0029850746268658135,0.0019900497512437276,0.49219762833572467,6030.0,53929.32641851089,416,4790843,4002004,384627,316478,1310976,1018164,892012,1163952,1069793,692565,0,447679,328635,363166,0,0,804800,0
196,000666,2017-12-07,0.021695257315842653,0.026740665993945534,0.48865942709489657,16308.0,160648.3050673809,1646,43554554,42999486,1402751,984265,6966327,7313395,6168425,5394789,7938573,8665251,8284975,4991031,2433727,3352595,2202086,3490362,8157690,8807798
197,000667,2017-12-07,0.0032894736842103978,0.0032894736842103978,0.10438703932595633,3811.0,99164.76048740698,850,9813099,14559992,888267,711807,2007425,2035575,1300941,1170176,1344848,1258150,719606,477415,1627064,3041292,878369,0,1046579,5865577
198,000668,2017-12-07,0.0055632823365785455,0.004172461752433909,1.17865854901424,5772.0,48228.66229452435,148,1503307,1940762,145567,122308,296606,472961,292770,324622,430876,600671,0,420200,337488,0,0,0,0,0
199,000669,2017-12-07,0.008888888888888724,0.004444444444444473,0.4653301835402247,10752.0,60585.48823146937,841,11389755,14108979,509156,985356,3129997,3404280,1838946,2352636,2734991,3650337,789928,1721453,0,1994917,1730253,0,656484,0
200,000670,2017-12-07,0.0014064697609001975,0.016877637130801704,0.12344913902676262,50410.0,1013507.6549089949,3331,297453816,417585082,1079481,1827299,11109106,15694601,14940260,21834754,24490569,31135528,17615392,27670760,22147173,23651999,20919741,27532337,185152094,268237804
201,000671,2017-12-07,0.007610350076103556,0.01522070015220689,0.1401596024804275,28982.0,210604.90697702425,2203,108577291,98454853,1300502,1092527,8931366,12100658,10505314,9139483,13381968,16825215,12263459,11751013,9452363,7310389,10781257,6573838,41961062,33661730
202,000672,2017-12-07,-0.02547770700636942,-0.0018198362147406888,0.19744177176913316,50692.0,377288.7617344225,3107,219640090,224643010,1341687,1144934,12119045,11901832,17812790,17090484,34390474,30180276,28997210,26558949,18928460,20051639,14918109,18260887,91132315,99454009
203,000673,2017-12-07,0.09009900990099018,0.08019801980198027,0.33060047618367794,20287.0,220265.11258624573,940,24409793,46774676,725990,378308,3897734,4123228,3923923,3344028,4405328,5310571,4307379,2766470,3344667,2600908,1356405,910740,2448367,27340423
204,000676,2017-12-07,0.009874326750448859,0.018850987432674993,0.37278144313573264,10287.0,39861.57387521345,893,9810311,11107350,720944,970317,3894562,3578151,2656568,1680205,1730664,3226657,493732,1000300,313841,651720,0,0,0,0
205,000677,2017-12-07,0.018604651162790642,0.013953488372093092,0.132123536705534,8600.0,50455.13746025356,1061,10828822,15571746,1149001,894625,3872301,3825616,2153043,3162161,2154635,3096320,671442,1951671,348800,1773037,479600,868316,0,0
206,000679,2017-12-07,-0.008333333333333415,-0.004166666666666652,0.3695003274564833,7250.0,58305.693352201524,379,6071659,3003805,326327,401243,1298134,1635242,865169,745050,1406406,222270,725646,0,313977,0,426000,0,710000,0
207,000680,2017-12-07,0.002132196162046851,0.006396588486140553,0.16300726740492208,4730.0,49698.84789889436,828,8529666,9911053,840847,933896,2411606,2505852,1750747,2347632,1673085,1958469,453584,1509432,690107,655772,0,0,709690,0
208,000681,2017-12-07,-0.014728288471305362,-0.002031488065007747,0.5150664323845887,11805.0,69534.34848372018,1462,25854175,22151210,1516222,1608323,6763641,5903808,4815208,4232702,5813941,5312093,1482547,2367982,1427352,1450313,891695,435149,3143569,840840
209,000682,2017-12-07,-0.0020366598778003286,0.010183299389002087,0.13486124813708628,8946.0,48594.81186861301,1328,16902360,15742446,1551606,1329880,4577790,5099418,3148607,3787803,3060296,3514036,1774426,1263025,1817578,748284,417285,0,554772,0
210,000683,2017-12-07,-0.01967213114754085,-0.006557377049180357,0.07549152257740312,9120.0,127125.08631776698,1642,43272594,22259833,1532253,1418543,6620043,6212359,4893393,3960435,6706472,4057373,3560259,2189421,4432423,1921324,1251384,0,14276367,2500378
211,000685,2017-12-07,0.000987166831194486,0.0039486673247777215,0.35253253731004597,5070.0,52849.35666982951,825,10062363,6703182,1064002,674007,1869820,2000540,1409888,1467568,2513975,1822474,885423,738593,0,0,0,0,2319255,0
212,000686,2017-12-07,-0.004333694474539684,0.0,0.2448457372714608,5894.0,109533.48034344605,1421,29268496,19726060,1536134,937110,5948402,2835129,4134956,2664138,5608702,2953270,3228230,3354552,2439424,712854,1446228,1392316,4926420,4876691
213,000687,2017-12-07,0.005244755244755206,0.013111888111888126,0.2839842169917842,22880.0,138277.4320584485,1624,39464841,35808307,826560,956768,10927251,7055049,9779524,6578235,9905156,7860595,3954898,4639055,2070573,1698363,1342529,896487,658350,6123755
214,000690,2017-12-07,0.0012987012987013546,0.003896103896103842,0.2510521973187135,10023.0,137887.6796622831,941,27806493,23634009,672526,771566,2523498,3419312,4654442,2778637,5063413,4710409,2296764,3345049,2861925,2463761,1750688,468000,7983237,5677275
215,000691,2017-12-07,-0.02250351617440227,-0.012658227848101333,0.3019923200824549,7793.5,40759.088906845274,554,7059219,3691864,607662,544373,2439107,2154501,1445878,217925,1034632,775065,0,0,1055170,0,476770,0,0,0
216,000692,2017-12-07,-0.020040080160320772,-0.01002004008016033,0.2647265794600994,3936.0,54489.541241505205,355,3366662,2184331,389206,424916,888649,514416,610929,457345,114660,145530,236610,220116,393108,0,0,422008,733500,0
217,000697,2017-12-07,0.06870983687592691,0.04399406821552154,0.47061241843547114,21220.0,126634.75679705842,1850,53159740,62951180,1270559,572763,10636835,7258576,8804588,7255515,11773721,12607982,6874677,8975832,1900512,4488557,2257955,5129495,9640893,16662460
218,000698,2017-12-07,-0.01211072664359869,-0.00692041522491349,0.23627015204501436,4011.0,43663.45229589538,598,5350227,4626444,422216,899967,1366941,1470305,2304706,847390,800364,423146,0,238136,0,0,456000,0,0,747500
219,000700,2017-12-07,0.0,0.0035460992907803135,0.251048741953595,7074.5,47556.23896876923,504,5647523,7113212,425465,451354,1929607,1832586,1113725,1184932,1082713,2240680,727157,668560,368856,735100,0,0,0,0
220,000701,2017-12-07,0.00990099009900991,0.007920792079207928,0.28504733393859416,3049.5,30162.3349331392,1256,7808933,7987429,1207108,1056658,2402376,3273892,1483244,1608369,1493826,1346624,898984,0,323395,701886,0,0,0,0
221,000702,2017-12-07,0.007112375533428139,0.009957325746799306,0.2684772109268168,3550.0,27622.683571038084,685,4412170,5153187,340791,1132164,1635299,2157748,1401353,948719,573402,669606,461325,244950,0,0,0,0,0,0
222,000703,2017-12-07,-0.0793562708102109,-0.035516093229744805,0.3448462847969094,48140.0,211590.42681322983,2735,153333079,166745484,746445,1596880,7849710,13337701,12574647,22147019,23316912,34970240,23475692,21476910,17698834,12723473,10903135,12286662,56767704,48206599
223,000705,2017-12-07,0.0035842293906811484,0.0035842293906811484,0.43768220450586587,5845.0,39343.21482836892,365,2991904,4294608,400304,312148,1131281,1037576,736952,803826,520462,1414758,202905,726300,0,0,0,0,0,0
224,000707,2017-12-07,-0.003478260869565153,-0.003478260869565153,0.35948734483390704,4032.0,49172.66551888263,255,2593472,2696522,256584,155753,453931,898810,391878,700321,749279,624238,228800,0,0,317400,0,0,513000,0
225,000708,2017-12-07,-0.006831767719897575,0.0034158838599487318,0.5017097763701059,11760.0,47799.06869025975,544,9972091,6051661,511937,429984,2363555,2016148,1932493,1923385,3345260,1346129,1111469,0,301312,336015,406065,0,0,0
226,000710,2017-12-07,0.010739436619718212,0.0012323943661971537,1.7028361999019068,22652.0,77425.01501475478,1112,25233102,24718771,550499,744471,6072224,5655479,6244631,5033920,4376590,4887725,3148517,3364665,2682082,1076731,493812,2319226,1664747,1636554
227,000711,2017-12-07,0.0007867820613689513,-0.014162077104642123,0.4496178369646054,12610.0,71771.0024087738,799,21293780,9849009,583761,664191,3381950,2874231,4669112,2100879,5491368,2474463,1264874,1280245,3185452,0,1256953,455000,1460310,0
228,000712,2017-12-07,-0.006002400960384291,0.0012004801920768582,0.4990612814574985,10043.0,55476.0346985108,1114,16254311,16165453,877818,961471,3867982,4941723,3864105,4337054,4023178,2615241,1900913,2190168,1098519,312272,0,0,621796,807524
229,000713,2017-12-07,-0.0027586206896551557,-0.0027586206896551557,0.4380460451144167,5784.0,15866.588334210546,273,1488461,1547976,369771,279283,836744,783253,281946,381765,0,103675,0,0,0,0,0,0,0,0
230,000715,2017-12-07,-0.035425101214575094,-0.020242914979757165,0.34369231206502976,4830.0,485157.7349233598,826,12102361,19941553,1136794,597284,2455597,2470931,2488756,1507441,1813653,834265,780003,204624,1099773,0,482500,477224,1845285,13849784
231,000716,2017-12-07,0.001945525291829009,0.001945525291829009,0.17230981842619977,5150.0,52860.13124199505,890,10579370,9040170,732433,939798,2370069,2302690,1653926,2146782,1516083,2445443,1957719,1205457,670300,0,0,0,1678840,0
232,000717,2017-12-07,-0.03936170212765966,-0.019148936170212738,0.16104288582984919,75667.0,362217.54634117434,3416,317239597,252318751,846454,649215,14651391,13380341,23909187,20231786,45837468,40743584,41926801,39205539,33326964,26263352,21241127,18849733,135500205,92995201
233,000718,2017-12-07,0.0042918454935620964,0.006437768240343367,0.11499407132232967,4221.0,31396.98389858176,1648,12912109,9601906,2596595,1890859,3518003,2657177,2231167,3146897,1771943,1404811,2115205,502162,679196,0,0,0,0,0
234,000719,2017-12-07,0.012154696132596676,0.012154696132596676,0.3103449457115739,7758.5,19189.885551671254,850,4517025,8097413,708641,679328,2728561,5866840,747363,700326,332460,850919,0,0,0,0,0,0,0,0
235,000720,2017-12-07,-0.004608294930875445,-0.00691244239631339,0.20224241359401518,4345.0,80598.53988153177,460,6338870,3033736,528477,468424,1419213,1206501,767170,334262,908518,807549,467220,217000,714597,0,0,0,1533675,0
236,000721,2017-12-07,-0.008361204013378032,-0.0016722408026756952,0.2473360501036939,5950.0,31138.19837119519,584,5656389,3826754,502721,634173,2141938,1837112,1253791,659519,735199,695950,662776,0,359964,0,0,0,0,0
237,000722,2017-12-07,-0.0032751091703056012,-0.0032751091703056012,0.4417875188621399,10860.0,29794.832919802724,429,5739138,3282668,392381,553207,2679708,1507476,1650471,579552,745078,427711,271500,214722,0,0,0,0,0,0
238,000723,2017-12-07,-0.012295081967213073,-0.015027322404371657,0.19648988361918515,11520.0,56823.38302960739,1390,17294976,17956641,522745,1896334,3385683,6852431,3416362,3145092,5597382,1931698,1369545,985884,615706,1803944,891593,1341258,1495960,0
239,000725,2017-12-07,-0.017605633802816878,-0.007042253521126751,0.09568311376162955,303456.0,1708483.7237420985,3540,1478803703,1339675806,80561,46249,3836680,3983810,15838677,13138744,54527163,41988992,61121033,51090381,60824543,46517540,45396199,38093492,1237178847,1144816598
240,000726,2017-12-07,-0.0018691588785045843,-0.0009345794392523477,0.28574175897448,6408.0,41002.88703654197,1402,17893458,8038625,3450606,576931,5727088,2793307,2403818,1937456,2510298,1307959,1474642,906932,1467558,0,859448,0,0,516040
241,000727,2017-12-07,-0.004065040650406471,0.0,0.06901580541067659,3660.0,113723.97828009284,1280,19494613,12608984,1131693,986536,3277026,3699533,1999614,1172292,1886332,2243935,1219204,974115,0,375028,976000,492450,9004744,2665095
242,000728,2017-12-07,-0.014084507042253502,-0.0057995028997515075,0.2725193046539379,13266.0,167368.7851748221,1962,53610447,45077845,1760317,1121240,9165604,7552408,8053732,6521476,10371451,7263230,8576589,3277679,3505167,1799481,1334548,3225836,10843039,14316495
243,000729,2017-12-07,-0.005154639175257825,0.0034364261168384758,0.1401827159257063,12243.0,67768.76330298017,1728,25194503,26211857,1056975,2653915,13327911,6777201,3037158,3913910,2202928,4423197,1568291,1256302,1637378,1076679,499356,2793923,1864506,3316730
244,000731,2017-12-07,0.006693440428380271,0.0013386880856760541,0.2667214846517689,8244.5,50609.880997737455,784,9286746,10553668,707284,906519,2534186,3531191,1716825,2220005,2132649,2632542,792876,522905,714908,740506,0,0,688018,0
245,000732,2017-12-07,0.0,-0.004857316332726014,0.5610423556524674,14769.0,78908.09190971653,861,20185183,13307671,929479,762838,3373786,3147555,8154647,2585540,2695146,2213781,900997,959622,703176,963295,975029,960790,2452923,1714250
246,000733,2017-12-07,0.005092297899427001,0.01145767027371103,0.30952547480713427,31840.0,264557.0913292182,2583,145171504,122788393,1156814,1741108,9248192,13349181,12528064,15963095,18786192,23302892,11805063,12804958,14377325,11472442,7596976,4864238,69672878,39290479
247,000735,2017-12-07,-0.006775067750677488,-0.0013550135501354532,0.20648067981573734,13239.0,87452.06279076272,1278,27270609,21710613,1393049,861747,5226150,5187001,4643378,3387836,6878293,4329632,4708744,3105222,621248,1413460,1375047,0,2424700,3425715
248,000736,2017-12-07,0.03215003348961831,0.030810448760884235,0.48181144637375606,15190.0,57044.358312467055,960,13263660,18303822,1017737,736422,4736741,4527576,3488102,4302561,2119147,3404588,1412906,2746337,0,1021110,489027,409228,0,1156000
249,000737,2017-12-07,0.00401606425702794,0.008032128514056103,0.21166279460312223,6012.0,34994.18705492115,553,5817528,4644086,552378,552743,2393813,1706085,1190958,1171818,597579,962940,733500,250500,349300,0,0,0,0,0
250,000738,2017-12-07,0.014348097317529618,0.017467248908296762,0.3763609534786878,12960.0,102916.23791064657,1815,37362236,45983471,1502556,2430349,6313788,7148187,6987378,5383588,8493083,8235555,4587813,5849590,3144564,4054716,3104328,3190603,3228726,9690883
251,000739,2017-12-07,-0.009599999999999942,-0.006399999999999961,0.2993834541783348,6853.0,33940.626989150915,435,3704485,2714779,1139621,273228,893405,977064,518917,193152,426420,913018,726122,0,0,358317,0,0,0,0
252,000750,2017-12-07,-0.011406844106463754,-0.0076045627376425395,0.12686878620090408,5240.0,124688.49067520413,1722,36573350,16807238,1916913,1015233,6299726,3291992,4244506,2598202,4311088,3863063,2899477,1355428,1346700,642246,825345,412508,14729595,3628566
253,000751,2017-12-07,-0.004081632653061273,0.004081632653061051,0.14254283549925706,9291.0,84053.61839473425,1183,15889623,17773297,1263057,1231401,5009223,4974320,3260847,2599619,2415153,1284161,2463541,1382328,997127,684284,480675,1400620,0,4216564
254,000752,2017-12-07,0.006875477463712754,0.014514896867837912,0.5838491735564759,7854.0,82857.62985024754,502,5553644,10054022,638036,377303,1943048,1228034,1162065,842904,887954,1449335,922541,1257109,0,325111,0,1322133,0,3252093
255,000753,2017-12-07,0.0,-0.0025974025974027093,0.006115928396627256,7630.0,37481.39026541373,524,5489494,5176050,495092,483700,2258009,1693663,1674291,1410480,675768,794066,0,453968,386334,340173,0,0,0,0
256,000756,2017-12-07,0.014255167498218091,0.002138275124732747,0.43728032125466093,5588.0,34785.8154285741,1029,9239318,5875954,2247315,536055,3339611,2157098,1337477,1038605,861248,1112398,729555,459198,724112,0,0,0,0,572600
257,000758,2017-12-07,-0.004694835680751019,0.0015649452269170805,0.1882154180974661,6410.0,53016.83055383748,1153,13714166,14402904,1360586,1244196,3746792,3502442,2960106,2775825,2755132,2196847,2024277,1899222,354473,1619034,0,0,512800,1165338
258,000760,2017-12-07,-0.0028169014084505895,0.0014084507042253502,0.3286603680866999,7070.0,47736.430453734014,466,4605339,5153848,632643,325192,1534255,1503032,867338,1184232,867723,1027100,279180,428840,0,685452,424200,0,0,0
259,000761,2017-12-07,-0.011152416356877248,0.0074349442379182396,0.11377568432978373,3808.0,109562.23019305026,2245,27949499,34613442,1846720,2995419,3854190,4058114,6927990,3863395,7033234,4804308,4074859,3411466,1756002,3521268,1374864,1330782,1081640,10628690
260,000762,2017-12-07,0.0006702412868633267,0.011394101876675666,0.3580809910009561,16533.0,84167.11429828516,1737,36156193,36077338,1181506,1370020,7667147,9257011,7583677,7907265,10115311,8751620,1771762,2930801,2246052,1539315,885840,1415022,4704898,2906284
261,000767,2017-12-07,0.0,0.0034129692832762792,0.14608573189514446,2930.0,23989.872754103453,402,2777798,1745050,348461,418254,1092689,828037,643931,244142,692717,0,0,254617,0,0,0,0,0,0
262,000768,2017-12-07,0.028037383177570208,0.030373831775700966,0.3182163379073506,41226.5,417217.48963813693,2898,170622234,249485281,1224108,1179088,12217136,13403987,14542940,15798966,27438307,27802965,15463275,18361991,17059043,16145912,13552217,11919099,69125208,144873273
263,000776,2017-12-07,-0.005698005698005826,-0.0017094017094018144,0.3451406692922099,21749.0,174499.1925007991,2586,112342903,90755764,2241885,1187207,14072758,8997943,12691334,8923141,20797290,15291790,15239400,12706873,10963512,6622544,4948401,3592198,31388323,33434068
264,000777,2017-12-07,0.02841677943166432,0.03382949932341006,0.40275247109471146,15340.0,122093.50380882325,1347,35613358,37827974,1457756,1008960,5612110,4849641,4604306,5502011,6509971,7038595,4112371,4225945,3829838,2527288,2696879,2195174,6790127,10480360
265,000778,2017-12-07,0.0,0.007339449541284404,0.11916080557957871,10940.0,159109.53659255255,2097,53534856,64872367,1770775,1193138,6905824,6717509,7831856,7332828,8441364,10137723,8772181,6200079,2995026,7822414,2280637,4621726,14537193,20846950
266,000779,2017-12-07,-0.005625879043600568,-0.0014064697609001975,0.7102670272510191,9999.5,65728.70633973298,400,7731533,3270829,366129,393375,1742697,1368839,1309987,840666,1800760,334014,781400,0,309560,333935,0,0,1421000,0
267,000780,2017-12-07,-0.004106776180698213,0.004106776180698102,0.2022942718635158,974.0,28155.787173800465,579,3206774,2871609,536408,246355,1293289,852389,516208,730502,646015,678667,214854,0,0,363696,0,0,0,0
268,000782,2017-12-07,-0.00603136308805774,-0.0024125452352231624,0.3355880097405816,12367.5,55535.77731742426,610,10202593,10429845,566978,595944,2654555,2526659,2646973,2375456,2039703,3783244,1014391,409624,738793,738918,0,0,541200,0
269,000783,2017-12-07,0.0,0.004602991944764101,0.19842400647200184,7857.0,122331.19762306022,1920,34948516,31444445,944694,4350255,3749968,6169397,7925286,4509705,7797569,5139440,5005651,851451,628335,2019245,953110,1308978,7943903,7095974
270,000785,2017-12-07,0.01333333333333342,0.011282051282051286,0.7500909147466642,9795.0,66748.70312873622,168,2099659,3359804,231872,120049,560765,483706,446948,784298,285010,1094516,0,533060,0,344175,0,0,575064,0
271,000786,2017-12-07,0.003740065451145247,0.01309022907900892,0.3919660133843166,38376.0,296423.1933941383,2980,165603719,191203245,1087510,1768718,9542761,13831441,13342040,16629474,27283458,30345129,19592699,20290216,9671323,13618624,9701614,12114381,75382314,82605262
272,000788,2017-12-07,0.0,0.0,0.4535121132510346,8005.5,35276.698460579275,386,4347826,3200800,407126,433740,1573644,1402248,1199693,515495,440844,343728,726519,200461,0,305128,0,0,0,0
273,000789,2017-12-07,-0.02995951417004039,0.004048582995951566,0.22479577920400748,38579.5,334506.9757176825,3032,198204363,182774639,2564837,1109144,11997956,12539856,15990016,13100365,30258658,27055269,24217009,23977717,13196815,15546336,11244823,15302699,88734249,74143253
274,000791,2017-12-07,-0.014248704663212375,-0.0012953367875647714,0.2244679092008403,8503.0,42607.37520152207,1183,15632726,13781879,1392997,1145393,4840587,4128055,4082825,3688545,2592408,3210467,1718306,890949,1005603,309600,0,408870,0,0
275,000792,2017-12-07,-0.014855355746677068,-0.0031274433150898506,0.2415599071114594,34668.0,215979.47525210792,2807,152409501,143273481,1363638,1187017,12626336,11329267,15184218,13648575,23044994,25530744,21899262,16350201,11465704,12506877,13538954,7968021,53286395,54752779
276,000793,2017-12-07,0.00694444444444442,-0.003968253968254065,0.25323884682341385,16047.0,75105.56001572976,1586,32694308,13453829,1740941,454888,14938266,3617177,4338819,1252380,3888486,1841181,689373,1352918,709853,1137003,470269,471744,5918301,3326538
277,000795,2017-12-07,0.025510204081632626,0.03231292517006801,0.12999460941553292,9712.0,66443.34356030115,2050,26865715,43066366,1790524,1626777,6696122,8059921,5870249,8345864,5621079,8188641,3407970,7759613,2158293,5509979,1321478,2218419,0,1357152
278,000796,2017-12-07,-0.009908536585365724,0.0007621951219514145,0.31099506900571544,6600.0,42586.796537031296,1782,18418387,16396450,1221106,3099750,5642073,5290628,2998818,2037926,5127395,4081938,868037,1008884,1642975,359100,406448,0,511535,518224
279,000797,2017-12-07,0.022413793103448265,0.024137931034482918,0.3297519482641427,17797.5,152015.75044690302,1238,40403018,36313027,971895,427414,5809929,4240147,4993470,5185602,8153733,8795115,4962991,4518677,3915010,4197010,403340,865774,11192650,8083288
280,000798,2017-12-07,0.004889975550122383,0.008557457212714059,0.3782523655047767,2466.0,18636.93461074496,467,1641426,3022136,455624,518005,867533,1183244,204428,994865,113841,326022,0,0,0,0,0,0,0,0
281,000799,2017-12-07,-0.009562339095255612,-0.010297903641044548,0.588408266501285,18886.0,86537.99005128903,2136,54116125,41862328,1193371,1790993,10813078,10747031,10646440,9277929,12747350,8821780,5532940,3447922,3555499,1391437,1817280,1436311,7810167,4948925
282,000800,2017-12-07,-0.00472589792060496,0.003780718336483746,0.2719596015733294,21140.0,136605.15598612156,1514,46018618,43923317,894514,858019,6439522,7262368,7457159,7625016,9269232,9048950,6476396,5902258,4020099,4397702,1346039,2340978,10115657,6488026
283,000801,2017-12-07,0.0032894736842103978,0.008223684210526327,0.1474743876289078,11959.0,71844.39858072311,1706,29011547,28824174,1622374,1430508,11148701,5093659,4717666,3398991,5264528,7250126,2134307,3798864,2085590,2192653,959011,1307612,1079370,4351761
284,000802,2017-12-07,0.009931245225363039,0.01680672268907557,0.390186539902375,13250.0,91703.36333050781,1125,19108721,23207944,1026062,857525,5279881,5150524,3769266,4250216,4055109,5198672,1062314,2105530,635812,1324897,446525,1811220,2833752,2509360
285,000807,2017-12-07,-0.009324009324009341,0.0,0.161946750096935,34300.0,261307.4113021885,2812,142799275,153444207,1124898,2340204,8812415,13713027,13452018,17248066,29404912,31418933,11551492,15814079,8722090,11504422,10317325,9690495,59414125,51714981
286,000809,2017-12-07,0.0219780219780219,0.008241758241758212,0.20890290340779424,7340.0,46208.04857805995,303,4130050,3133197,295217,244445,969448,1066891,1108680,600575,852309,684584,537403,536702,366993,0,0,0,0,0
287,000810,2017-12-07,-0.0036231884057970065,0.0012077294685990392,0.1950382102010598,4135.0,20161.014768383553,1805,11477440,5962688,4684439,726383,4783090,2015270,1001249,1173721,1008662,1250673,0,796641,0,0,0,0,0,0
288,000811,2017-12-07,-0.004854368932038944,0.003640776699028958,0.3783731865701677,8170.0,120427.04579796494,474,10596911,8833332,556149,510109,1519297,1517339,866613,1057179,1742872,1130100,0,806669,0,723875,864644,1292840,5047336,1795221
289,000813,2017-12-07,0.0354523227383865,0.03911980440097795,0.22198355895864091,11024.0,71523.70312333814,1359,21921315,25983063,1345234,1497565,6561309,5640541,3967086,3736163,4396650,5389086,2458040,3301900,677157,2648433,1338509,2674466,1177330,1094909
290,000815,2017-12-07,0.0036832412523022384,-0.0012277470841006721,0.5999320673267399,11319.0,135628.92847970352,737,18516888,12016118,510871,981597,2980383,3415830,2140627,1824096,1958814,1578245,1262698,456643,1706415,1036679,1340649,835660,6616431,1887368
291,000816,2017-12-07,0.029940119760479167,0.014970059880239583,0.0905614594263028,6460.0,117790.77516131959,1365,21410248,23541765,1294462,1091416,4765196,4869442,2788450,2907106,3190627,3025131,1731362,1858481,1028275,3107398,417648,884451,6194228,5798340
292,000818,2017-12-07,-0.008438818565400852,-0.010970464135021007,0.3305605500948197,15223.0,88141.34879671871,1285,27851220,26986511,1325616,817336,6500143,5624623,4603729,4756315,8078237,5126019,2028965,2440354,2038879,1700162,444980,846483,2830671,5675219
293,000819,2017-12-07,-0.003974562798092274,0.0015898251192367763,0.5766709696197789,7584.0,23140.13067642329,475,3918343,3821212,480808,454718,2067475,1953843,1370060,962882,0,240787,0,208982,0,0,0,0,0,0
294,000821,2017-12-07,-0.0008203445447088065,0.010664479081214262,0.3551370994593781,13607.0,36126.36685978538,1179,17353077,9399234,984111,896492,8678560,3682751,3172829,2359082,2389384,1713393,1392608,225862,735585,0,0,0,0,521654
295,000822,2017-12-07,-0.010752688172043112,0.0,0.21902279511237158,13934.0,76813.79500540957,1804,40355430,35979610,1231403,1968587,7124040,7489049,8115411,8774048,8740972,8461526,5207813,5465005,3397609,1015715,3126763,1440822,3411419,1364858
296,000823,2017-12-07,0.020156046814044037,0.021456436931079237,0.3215935521550522,51504.0,319535.6904837209,2290,143636653,184521202,837911,1040719,10305692,8548919,12468208,14604847,21197171,31724954,13312101,20785028,15150039,13362345,8143718,7567510,62221813,86886880
297,000825,2017-12-07,-0.010162601626016232,0.00203252032520318,0.10202845552461198,7365.0,158738.86632835027,2334,58983996,46761259,1610177,2151756,7698408,7717549,7219508,7559795,7566075,7310692,5713149,5506597,3537186,2798861,3250184,2176160,22389309,11539849
298,000826,2017-12-07,0.002373183031741277,0.00029664787896765965,0.996739836914185,16850.0,80022.43900882875,1143,29692691,15533021,995958,735702,6231298,3071588,7409320,2926911,7001540,3369729,2160077,1130688,2032646,1046626,488940,414510,3372912,2837267
299,000828,2017-12-07,-0.005474452554744547,-0.0045620437956205295,0.42009638018182033,7637.0,37445.647270082314,680,6920886,6197712,636089,682437,2116292,2787437,1378515,1548994,2067177,347706,273590,422730,0,0,449223,408408,0,0
300,000829,2017-12-07,-0.00766703176341732,-0.0032858707557503752,0.36856210677923407,5448.0,39178.88249388808,613,7415021,3130053,959175,494401,2137882,1295308,1506917,738463,1654879,136350,233100,465531,0,0,923068,0,0,0
301,000830,2017-12-07,-0.0006309148264984632,0.021451104100946417,0.27000105592750684,137268.0,466987.9942747976,3452,484273100,501648108,504730,566335,8851019,9542772,19799814,19162079,43411157,46340011,36897674,45698181,38950580,40225652,41612165,41968383,294245961,298144695
302,000831,2017-12-07,-0.0034632034632035014,0.006060606060605878,0.3099406457598171,16254.0,72609.91679995568,1389,25447888,29818637,915704,934829,5966700,7344575,4810866,5983306,6322708,8039578,3893906,2408187,2378971,1649322,450823,936660,708210,2522180
303,000833,2017-12-07,-0.004491017964071808,0.0,0.33576902812790804,6660.0,40034.63279155338,395,3991317,3564850,336468,544381,1235230,1093509,1154507,1201185,655972,243591,276640,0,332500,0,0,482184,0,0
304,000836,2017-12-07,0.011389521640091216,0.004555808656036442,0.10830809100866332,13110.0,113747.26736657516,1648,29391050,40377838,1079136,1698260,6119853,8101478,6964035,7165888,4906806,7918595,3972141,3650524,2328857,1627932,1365379,2655539,2654843,7559622
305,000837,2017-12-07,0.011608623548921893,0.00995024875621886,0.20373667417638291,8540.0,39012.70429332939,876,10775620,10452520,688032,921529,2863940,3676318,3132434,2631179,3602889,1927061,488325,690031,0,606402,0,0,0,0
306,000838,2017-12-07,0.03361344537815136,0.03865546218487381,0.13551694801410138,17922.0,106822.07575414359,1933,52300593,50271393,1341047,1587454,8055844,8658350,9323064,8417802,9550152,11877376,8528014,5695958,5140461,4420033,3564641,1811482,6797370,7802938
307,000839,2017-12-07,0.02538631346578346,0.03532008830022071,0.1616546995062098,52443.0,581417.624784392,3146,300120920,432050760,1471860,1260701,13503968,11443630,18207106,14060335,34374973,27407238,21873858,20332752,14451206,18788721,11879743,18641564,184358206,320115819
308,000848,2017-12-07,-0.03222222222222215,-0.026666666666666727,0.2012933574400439,15741.0,156472.70255405406,2002,63755629,43285662,667901,2609199,10256212,9472987,5742571,5957882,7204567,6225516,4943694,5065801,2439786,1681080,2666550,1352972,29834348,10920225
309,000850,2017-12-07,-0.002188183807440014,0.002188183807439792,0.2766719287985703,7777.5,93570.79202631484,272,3378721,4378532,283705,215244,967735,999248,454486,519028,1165811,355614,506984,436474,0,0,0,0,0,1852924
310,000851,2017-12-07,0.001107419712070845,0.005537098560354448,0.3347881008220453,10847.0,64356.985176639995,727,13762371,10386697,769213,640640,2734003,3161021,3280938,1928422,2503943,2015920,2309364,1027661,2164910,397320,0,483104,0,732609
311,000852,2017-12-07,-0.011483253588516651,-0.006698564593301315,0.2830915566689836,13416.0,50614.63950101732,1363,21673008,16319954,1041405,949098,7303740,6394061,5670747,4308309,2461100,3218920,2518951,1075620,654489,373946,470366,0,1552210,0
312,000856,2017-12-07,-0.009244154431756524,0.0016313213703100793,0.3983866710323458,29216.0,254239.9377307745,2132,107978937,80956450,1286802,1327607,8825507,11189057,11988125,11505819,14921278,11512957,11589520,10139550,10190560,8621069,9130521,4069395,40046624,22590996
313,000858,2017-12-07,-0.030000000000000138,-0.018970588235294183,1.159736140575445,141330.0,672181.8710097622,3440,609003270,461912966,267379,463194,7715270,8611983,21328093,16780721,57645771,48935765,51668236,41479148,42801199,38568240,28487260,30738161,399090062,276335754
314,000859,2017-12-07,0.002375296912114022,0.0071258907363420665,0.2050299663066068,5447.0,34327.62219304072,421,3917768,4194327,464098,317763,1320480,1881606,1084198,513663,634120,816904,414872,664391,0,0,0,0,0,0
315,000860,2017-12-07,-0.0005464480874317612,0.0038251366120218844,0.4250466592904107,16348.5,61092.87277976972,1854,27356987,26270210,1374306,1659404,8732126,12010120,3401457,5281070,3838299,2758537,4244163,2225626,714462,740976,3161559,419528,1890615,1174949
316,000861,2017-12-07,-0.003225806451612967,0.0,0.006361722468808068,3070.0,40895.94643085623,509,4432833,3364972,514162,425407,1227410,957196,477082,413875,1179348,641494,708891,0,325940,927000,0,0,0,0
317,000862,2017-12-07,0.006036217303823088,0.010060362173038184,0.2598806776154409,5010.0,29274.221266620894,365,2965651,2633753,385814,387631,1162860,1108728,628754,677795,497023,208600,291200,250999,0,0,0,0,0,0
318,000863,2017-12-07,0.005474452554744325,0.009124087591240837,0.3049800332578025,7526.5,31481.199465002835,322,3225178,3035584,235828,230635,1479459,972172,636563,912990,622721,919787,250607,0,0,0,0,0,0,0
319,000868,2017-12-07,-0.005714285714285672,0.0014285714285713347,0.1537401866968663,18174.0,130421.01584097609,2076,56161834,60974060,1774645,1433854,8916363,8746922,9637353,8790577,11772861,13071030,8593978,9605808,3866481,4648286,3621305,2639120,7978848,12038463
320,000869,2017-12-07,-0.0037889828038473183,-0.002331681725444623,1.3659739649846454,10281.0,56054.250594210724,630,9780120,6962442,503230,667064,3184241,2362815,1720515,1716315,1434435,772132,1217640,0,1720059,678780,0,0,0,765336
321,000875,2017-12-07,0.005050505050504972,0.0,0.1708222952260625,3970.0,57864.13823786706,537,4653543,4178056,613450,552821,1419930,1308798,879639,622288,578264,235639,0,0,316800,0,845460,488310,0,970200
322,000876,2017-12-07,-0.00520833333333337,-0.00520833333333337,0.17999140727692714,10759.0,123607.01194544778,1822,53167762,31121769,1721045,1225571,8673874,5347868,6059132,6254974,8031872,6139601,6970219,4092380,4511514,2506166,2599281,1323116,14600825,4232093
323,000877,2017-12-07,-0.031135531135531136,-0.0064102564102563875,0.2245972671479548,21624.0,120839.27013172225,2366,76876010,48148432,1782866,1356209,12712510,10499971,13379195,8600860,16957407,13643053,10170317,5873666,7620016,2104793,3879848,1316162,10373851,4753718
324,000878,2017-12-07,-0.00483481063658342,0.00725221595487513,0.28675904212119196,16878.5,76661.0326642222,1874,36853990,31952191,1397867,1601357,8415357,11791952,6304462,6172026,7413825,5930350,4195333,2588067,2390610,1472396,890037,0,5846499,2396043
325,000880,2017-12-07,0.007717750826901959,0.0022050716648289725,0.5510739346779899,8629.5,41555.8857846166,270,4186476,1656944,252225,361530,1039636,850737,1227992,326507,763205,118170,537798,0,365620,0,0,0,0,0
326,000881,2017-12-07,0.03719357565511405,0.04649196956889279,0.3263456483924614,16660.0,70224.31630029759,1315,26602223,28306491,960966,1098685,6575613,5941402,4688694,5501965,6996490,6655368,3218452,3946610,2684267,1792292,928166,2287104,549575,1083065
327,000882,2017-12-07,0.0,0.006734006734006703,0.1211150391853028,3000.0,45311.15647245494,602,5696292,5127439,487229,637055,1339055,1075803,1169851,1067098,1017309,930054,1379484,722383,303364,695046,0,0,0,0
328,000883,2017-12-07,-0.002188183807440014,-0.002188183807440014,0.1429958123856273,2727.0,45719.973277732395,1022,8783185,6326025,1375483,687929,2746880,1729684,1584496,718645,1123011,510799,880864,673484,649740,370727,422711,940726,0,694031
329,000885,2017-12-07,-0.03450327186198676,-0.004759071980963592,0.3709057100919262,21788.0,85496.1055544729,2055,56428811,40603516,1400735,1328027,11143115,9874618,10082577,9668533,14599921,9747837,7842953,4436745,4151000,666600,1337438,446756,5871072,4434400
330,000886,2017-12-07,-0.0043604651162790775,0.0029069767441860517,0.23658205310997218,13810.0,89056.32261630951,846,22122734,16719812,779314,599337,3392625,2885415,3456664,3569405,6155274,3347896,2414384,2409929,2176020,2326416,1245192,847856,2503261,733558
331,000887,2017-12-07,-0.006567164179104412,0.0,0.4564821532634244,13408.0,101055.21880918308,1347,29764134,33174741,518268,2079501,3114630,7383210,8793333,5638300,6207779,4719452,1884117,2867173,2436563,1796591,841056,1848263,5968388,6842251
332,000888,2017-12-07,-0.006153846153846176,-0.002051282051282022,0.25785518673288804,1948.0,19319.472369487878,1430,3849152,4727911,842753,1901816,1689200,1074366,730851,615283,292200,746446,294148,0,0,390000,0,0,0,0
333,000889,2017-12-07,0.001446131597975464,0.003615328994938549,0.5037426111452062,14045.0,156716.6809943087,754,23103974,27356495,723259,552135,2994063,3054167,2159470,1524859,2971806,3108832,2996369,3569401,967940,729362,3862970,4274700,6428097,10543039
334,000890,2017-12-07,0.013473053892215647,0.019461077844311392,0.19352724943680416,15548.0,74991.38728039405,1195,21683257,24798329,813614,1134233,6788691,5456712,4261338,4529843,3805768,3909184,3618781,4538124,1817085,1055875,0,817929,577980,3356429
335,000892,2017-12-07,-0.007012622720897643,-0.005610098176718092,0.3291992190331603,8424.0,100277.60029997304,481,8648282,7376370,458534,535364,1756096,1710049,1190211,938091,1417208,768037,1442949,787848,680228,663400,459856,0,1243200,1973581
336,000893,2017-12-07,0.03367875647668406,0.03367875647668406,0.25032816449748946,9600.0,172035.29411241141,952,13339822,21861790,914861,1066026,3658244,4198256,2557311,2949300,1768707,1882868,1611204,951702,992235,1022919,961660,402500,875600,9388219
337,000895,2017-12-07,-0.011062821019359848,-0.008297115764519858,0.5009270792531619,15264.0,114824.77871048565,2553,83952448,47001216,1887298,1635226,13522687,8118441,16458770,8370576,12620060,10467624,8347187,5867379,4044688,4117577,6642128,2327611,20429630,6096782
338,000897,2017-12-07,-0.002865329512894088,0.002865329512893977,0.12331116332162548,2784.0,45918.9126625983,802,6141050,6050481,681094,694943,1643463,1387096,1254350,1297848,1032634,1033654,462223,839332,1067286,0,0,0,0,797608
339,000898,2017-12-07,-0.01244167962674958,0.0031104199066873672,0.13329782537038187,17976.0,209983.56435263943,2333,65697554,89900595,1038615,2056845,6501346,14758743,7178904,7555613,11939040,13872151,10064279,7943621,6380878,5240103,1747245,3584484,20847247,34889035
340,000899,2017-12-07,0.008787346221441172,0.008787346221441172,0.30038321705569715,10422.5,51061.58938953726,358,3290824,6126700,191520,334498,800365,2126752,535699,2644846,973792,304170,217927,214890,0,0,0,0,571521,501544
341,000901,2017-12-07,0.016922471467925915,0.029515938606847758,0.5160089896236811,36918.0,166230.85635970454,2427,101734270,124816577,692736,1251135,11631316,12138608,13044149,14447643,22624752,22456775,15232999,15274873,8638130,14538301,3736155,9133858,26134033,35575384
342,000902,2017-12-07,0.01661129568106312,0.011074197120708895,0.26333713015374993,3617.5,72463.55539081914,1176,18011953,15370273,534111,1346080,2095459,3259022,1456697,6295562,2697420,1701480,4677051,1176459,2047931,973115,1801685,0,2701599,618555
343,000905,2017-12-07,-0.017714791851195733,-0.008857395925597866,0.40694566310405855,11150.0,54588.18955332609,769,11845924,8857309,648494,687758,3267383,2911455,2939141,2281377,2049015,994293,729333,1188866,1042525,336000,444168,457560,725865,0
344,000906,2017-12-07,-0.00395778364116095,0.0013192612137202797,0.261014907082422,2812.0,32204.87247581524,843,7585267,5228182,766930,514364,2366838,2404585,1626491,1207498,1817046,878420,1007962,223315,0,0,0,0,0,0
345,000908,2017-12-07,0.0,0.004909983633387682,0.3416235413421835,5508.0,38833.53902107669,319,3399304,2900024,309304,293873,1058082,951438,557322,347294,994521,1019499,480075,287920,0,0,0,0,0,0
346,000909,2017-12-07,0.02357207615593837,0.02901178603807808,0.4629635763832335,8880.0,36928.809856403816,567,4037573,5781770,615921,437126,2578367,1829135,531685,803751,311600,1230375,0,912383,0,0,0,0,0,569000
347,000910,2017-12-07,-0.012980992118683421,-0.007881316643486458,0.49044994705687234,25584.0,47858.38791500523,1955,36489247,20100866,1042357,868719,20908614,6321655,6111400,8022285,2605053,1749396,1753486,1585842,1077952,638440,852600,914529,2137785,0
348,000911,2017-12-07,0.0033444816053511683,0.006688963210702115,0.3758009475172066,7152.0,34377.57706415964,569,5446565,5016213,587458,839748,1673223,1828148,1193544,1349953,1391132,727464,263140,270900,338068,0,0,0,0,0
349,000912,2017-12-07,0.09962168978562436,0.07440100882723821,0.15600981656388926,25658.5,157269.12963816393,2590,62254250,107450460,1798783,1687745,12338773,12250265,13925260,17350088,13065980,20892264,8613741,11373324,3753979,7256628,2212336,8485921,6545398,28154225
350,000913,2017-12-07,-0.0058201058201058364,0.002116402116402183,0.8777260761814081,15240.0,63993.37263378033,463,8497507,7085128,393111,427017,2454637,2034895,1998189,1053060,1175438,1118003,855484,1055666,1121800,0,498848,885387,0,511100
351,000915,2017-12-07,0.011247443762781195,0.010906612133606108,0.914943942450115,14700.0,63214.41948424782,1028,18536931,16631745,666851,1279330,4578053,4082198,4983186,2783486,3939155,3128828,2194573,2929983,1523163,383306,0,937572,651950,1107042
352,000917,2017-12-07,0.013437849944009095,0.025755879059350617,0.19476208339511863,21480.0,135926.12645768162,2106,56815268,73029114,2485639,812220,11650073,6560429,8694240,15456244,8729568,11654009,5698391,7989610,4401389,5808603,6281920,3198387,8874048,21549612
353,000918,2017-12-07,-0.004392386530014725,0.0,0.2810586345357724,8827.0,128224.66566125849,590,11325398,7815207,560403,527567,2042141,2463235,1120255,1451755,2208266,1310826,697620,636544,0,745280,419063,0,4277650,680000
354,000919,2017-12-07,0.0034522439585731313,0.0069044879171462625,0.4524217735897557,9603.0,36155.68139167434,368,3106102,5504272,430023,434433,1466263,1566833,988733,1652852,221083,449771,0,1400383,0,0,0,0,0,0
355,000920,2017-12-07,-0.005060728744939347,0.0010121457489877805,0.44685023660345813,9860.0,36233.65035296448,488,5916190,5496175,563731,741590,1866875,2069770,1491700,1164840,1779922,813487,213962,706488,0,0,0,0,0,0
356,000921,2017-12-07,0.008270676691729317,0.009022556390977376,0.2999686825526049,13300.0,64786.87364041817,1967,28228730,29087296,1718203,1482881,6932883,11469211,4598366,5813977,5963597,5170676,3217472,1732383,2306900,976628,452200,0,3039109,2441540
357,000922,2017-12-07,0.03891050583657596,0.03372243839169897,0.2841051799963252,11655.0,51269.98821638276,736,5711295,13430102,691135,569857,2447954,5016769,1493575,2424481,723026,1984423,0,1152617,355605,1105460,0,418860,0,757635
358,000923,2017-12-07,0.010619469026548645,0.01504424778761071,0.6623779798720043,15869.0,52910.49343109551,1164,19707217,17831972,1072800,830773,6916410,5070435,4110977,3609804,4430792,4780315,1620366,1776618,603504,658620,952368,473182,0,632225
359,000925,2017-12-07,-0.021126760563380254,-0.011267605633802802,0.6580977516380563,4206.0,49027.05585196634,465,5329313,4099914,307843,452133,1507412,1112721,1190180,705950,1030099,1108882,524510,280000,324264,0,445005,440228,0,0
360,000926,2017-12-07,-0.008149959250203676,-0.0032599837000814036,0.33430451523866905,13497.0,96749.46824531526,1347,36192801,27928856,1549536,1204818,5570664,4693941,5894687,4143982,9050691,6692379,3613323,4416930,2419139,1428249,3112337,465880,4982424,4882677
361,000927,2017-12-07,0.026490066225165476,0.039735099337748325,0.10359796163622492,14160.0,91765.92431101021,1919,38703848,43935292,1760065,1455866,8856714,7863088,8801646,7078658,7727191,9267925,5413160,6442675,711831,3844885,437028,1378870,4996213,6603325
362,000928,2017-12-07,0.0016233766233766378,0.0016233766233766378,0.25968897953536924,8596.0,53898.45835229937,562,6716743,8208823,471850,524175,2066483,2384235,1383501,2017020,1106415,1452346,260336,1831047,306500,0,0,0,1121658,0
363,000929,2017-12-07,-0.005742411812961423,-0.003281378178835004,0.6784661295277183,6057.5,21385.28950419164,322,2686615,1533015,596234,247687,1200159,673327,593428,495553,296794,116448,0,0,0,0,0,0,0,0
364,000931,2017-12-07,0.0014970059880241582,0.004491017964071808,0.27281055746268046,6700.0,56113.54584782184,599,8020175,5336093,668895,530127,2458081,2054442,1742192,1347152,1467531,610497,667736,253648,0,0,0,0,1015740,540227
365,000932,2017-12-07,-0.03873239436619724,-0.018779342723004744,0.15986921897064343,38305.5,144508.45548715926,2848,128682875,86025616,856333,1358986,22506403,11479131,28690154,16772165,22206252,16632792,12079710,11166231,7263651,7513414,6133440,7163958,28946932,13938939
366,000933,2017-12-07,-0.018713450292397682,0.0,0.17047545724408555,27616.0,184591.2449553099,2519,121917815,89574809,1318741,2023763,11021715,10819504,16708546,10775169,23475838,19352456,13775432,10007312,8271810,5877464,8576880,6693863,38768853,24025278
367,000936,2017-12-07,-0.03980099502487555,-0.013681592039800905,0.17196307293761132,21546.0,122726.99632217425,2189,73737290,54668012,1529148,1528900,12151042,9220460,11136703,9095615,15432334,12061096,7589856,6117749,8067484,4739789,2136226,3517838,15694497,8386565
368,000937,2017-12-07,-0.0035087719298246833,0.007017543859649145,0.1546261473958318,3997.0,66399.4537932108,1360,15772705,19187473,1129258,875912,3742065,3467826,3865109,1741925,3325554,5024440,1725670,3451990,612180,1388567,1372869,456000,0,2780813
369,000938,2017-12-07,-0.01702327034202722,-0.0006247071685147043,1.4420747727026566,38037.0,182334.818452504,1972,106138431,84143507,911231,1372244,7050437,8772341,11506738,11051697,16839219,16411276,12989846,9801910,14176253,9456448,7506881,5754573,35157826,21523018
370,000948,2017-12-07,0.003980099502487455,0.015920398009950265,0.4883378961549022,10070.0,46334.76564214087,423,4741981,5641980,350128,253778,1523517,1373214,1008526,1042252,202398,2509129,648278,463607,1009134,0,0,0,0,0
371,000949,2017-12-07,0.025761124121779888,0.023419203747072626,0.11578211455135189,8860.0,68934.04041626117,1364,21481671,23605142,1131159,1267748,4876510,4769912,5006198,4797889,4096965,5902366,4014918,1385755,971197,2494787,1384724,443768,0,2542917
372,000951,2017-12-07,-0.006887914840325693,-0.004383218534752653,0.3923223677476023,6432.0,58673.574857936714,1658,20386015,22107012,2260273,1063840,5338570,6437266,4618405,3838482,3642006,5058069,1367583,1378936,1283743,686880,413105,1822141,1462330,1821398
373,000952,2017-12-07,-0.0036900369003690647,-0.0007380073800739018,0.5505332840043978,14938.0,104258.86417486574,605,13919702,14098480,399712,562741,1915554,3401562,1947436,2653143,1820557,2915615,1044751,3032776,2131624,0,940386,404811,3719682,1127832
374,000953,2017-12-07,0.0,0.01319648093841641,0.19643126763138244,10260.0,54249.25414710562,1208,18302587,12627022,1286545,948384,5598423,4684464,4311386,2934449,2719227,2718635,1376560,275709,2040774,345189,457632,0,512040,720192
375,000955,2017-12-07,-0.008633093525179936,-0.01151079136690647,0.2487070039128469,10380.0,132168.46172944276,782,20302809,16875582,377345,911408,1936837,3731501,3834786,1869490,2316728,1932012,3260311,1713102,2064667,1399221,892695,0,5619440,5318848
376,000957,2017-12-07,-0.002777777777777879,0.005555555555555536,0.39578912435454333,10850.0,67207.46814154212,744,11778291,11901896,630521,554816,3729540,2933010,1894369,1636027,1422167,2378875,907227,2217835,1646353,1000395,448200,496758,1099914,684180
377,000959,2017-12-07,0.016339869281045694,0.008103727714748654,0.007909655886702905,2471.5,35310.09107953594,1592,9310186,8208020,1310665,1998615,3035527,2473590,1762648,2227220,1274426,614158,524845,221853,0,672584,492000,0,910075,0
378,000960,2017-12-07,-0.011363636363636465,0.006493506493506551,0.34129251344764644,12400.0,139033.6381726731,1303,34393979,36714579,1033436,1151325,4150830,5344751,3738943,4960533,8987416,7122193,2216785,6091810,1407491,1049771,2383123,1775997,10475955,9218199
379,000961,2017-12-07,-0.0033333333333332993,0.0033333333333331883,0.16765830379355381,7825.0,73057.93833569431,1282,19301294,17165555,551750,3075498,2613461,3270019,3433397,2758604,4030245,3342726,2533093,1374660,688596,1279329,1327999,935506,4122753,1129213
380,000962,2017-12-07,0.003658536585366079,0.012195121951219745,0.3118255475103758,8280.0,76051.62204881909,691,8185416,9368762,905312,592541,2836314,2277327,1792250,1168522,1121440,639406,281031,1496898,697144,699804,0,415332,551925,2078932
381,000963,2017-12-07,-0.02196509119435197,-0.02020003922337721,1.1433870672426962,25380.0,145477.99977410203,1989,67755507,49891083,1019187,1517707,12172862,10259204,9350021,9481054,10679722,6619711,5335414,5013937,2915176,1737586,4070182,2619986,22212943,12641898
382,000965,2017-12-07,0.00907441016333932,0.012704174228675091,0.2331281740153113,10611.5,51091.01063529939,558,6818807,7117254,478388,335372,2285166,2300453,1671527,1636330,296680,1513345,779899,914004,698346,0,0,417750,608801,0
383,000966,2017-12-07,-0.0076142131979695105,-0.0025380710659898,0.22385499022808078,3144.0,35668.39212673611,309,2770688,1837136,311532,256001,594969,668529,503083,222972,880652,689634,480452,0,0,0,0,0,0,0
384,000967,2017-12-07,0.0011001100110010764,0.0066006600660066805,0.35203396671988246,9145.0,44339.18282822456,666,8459317,8300710,582699,458123,3945208,2358997,1858502,1828215,1045937,1819780,1026971,1181134,0,654461,0,0,0,0
385,000968,2017-12-07,-0.05310300703774795,-0.024312220089571346,0.38774609106879543,27432.0,112025.44995192392,1626,59486492,39079594,987932,973270,7596450,7430260,10009496,9797280,10536188,9883610,7692084,5436095,4487239,3908590,3659711,928383,14517392,722106
386,000969,2017-12-07,0.06428571428571428,0.06836734693877555,0.19856032475522717,24081.0,149057.5665000226,2445,75146419,89676636,1474481,1467941,9752150,10346049,9748743,12951051,19341801,17907740,10787249,11361001,8744481,7216118,3152234,7155008,12145280,21271728
387,000970,2017-12-07,0.0029476787030213725,0.011053795136330091,0.3055183456707867,24120.5,151406.04542311575,1974,65058773,72530525,1213136,1384171,9160375,8788833,8790255,8288431,13915316,14400714,10644452,10623045,5565287,6561747,3598626,5904817,12171326,16578767
388,000972,2017-12-07,0.02970297029702973,0.02970297029702973,0.19413950161821916,7885.0,55995.09858628053,433,3898655,7954006,469222,415682,1095799,1643204,909740,997470,691268,1125233,419794,2977697,312832,380721,0,413999,0,0
389,000973,2017-12-07,-0.0031847133757962887,0.004777070063694211,0.21131098141188795,6908.0,54397.36083670309,883,10977496,10636462,920178,816425,2929567,3255289,2914913,2395483,2007080,1270536,1511190,1397823,0,633396,0,0,694568,867510
390,000976,2017-12-07,-0.019559902200488977,-0.006112469437652646,0.2911607097988018,4059.0,56804.56782143469,789,11250099,3725590,1086912,530518,2332432,1277555,1430638,1291846,2104545,377817,667845,247854,387045,0,886700,0,2353982,0
391,000977,2017-12-07,-0.010410958904109702,0.0,0.35183090256734934,39930.0,190878.9226520952,2692,151527421,118695853,1296564,1412149,10399974,10532593,20031705,13769731,21813089,23901576,23088003,15052239,17426237,15925588,7460401,11683024,50011448,26418953
392,000978,2017-12-07,0.004938271604938427,0.00864197530864197,0.3326931172564496,7326.0,24200.14515157232,592,3040038,5022207,177159,938001,894942,2821629,893247,839146,867172,423431,207518,0,0,0,0,0,0,0
393,000980,2017-12-07,0.002502085070892335,0.005004170141784892,0.2878510259450579,17805.0,82928.87108000097,1736,33004229,30869215,910587,1596088,10272563,9182994,5619727,4920768,7217436,4815586,1626957,3102429,927322,1720879,2649263,0,3780374,5530471
394,000981,2017-12-07,0.02033898305084736,0.021468926553672274,0.2904884744787546,11765.0,65490.673465684835,928,7899996,16112058,538735,1201501,1711482,7168444,1242048,1532455,254012,2103127,478132,1754843,1416426,621735,0,1729953,2259161,0
395,000982,2017-12-07,0.055248618784530246,0.055248618784530246,0.10050019164514096,9620.0,221164.14379578343,1300,34732202,25642417,1452842,725160,6293511,3070434,5052127,3388283,5456344,4782138,2523838,4055015,305600,2541060,852250,1860589,12795690,5219738
396,000983,2017-12-07,-0.03083247687564239,-0.0010277492291880241,0.20326499618208638,20895.5,123635.94161616462,2294,67274415,58327528,1868420,1365417,12629644,11401379,10410569,7979535,12750312,11553557,5664417,5836506,3717052,5356904,7197723,3239377,13036278,11594853
397,000985,2017-12-07,0.03526970954356834,0.04668049792531104,0.6622965806545486,14178.5,87456.53285556508,848,12824954,17586542,750950,763257,4479025,3440351,2166211,2821571,1724196,4462479,531694,1145078,700910,356301,1269056,464641,1202912,4132864
398,000987,2017-12-07,-0.016885553470919246,-0.0028142589118198558,0.32373178519097645,4228.0,30811.85285932047,1084,7539032,7193407,535718,1842125,2607249,2750489,1404038,1414696,1317381,926887,1147146,259210,0,0,0,0,527500,0
399,000988,2017-12-07,0.012688821752265822,0.01450151057401805,0.36892619400461685,29969.0,187117.4610042566,2013,88022881,89833106,1110615,1547360,8185737,8286071,10194833,10267000,16313392,19299327,13478089,9145185,8361516,9372073,6381812,4880227,23996887,27035863
400,000989,2017-12-07,0.0208098987626546,0.01856017997750281,0.8846954494826534,8980.0,62142.619317806915,403,6384043,5605744,511958,241364,1399654,1365252,1200445,1189947,2135488,884247,779498,484509,357000,717069,0,0,0,723356
401,000990,2017-12-07,0.004276114844227186,0.0012217470983506562,0.3995201892261196,16350.0,51091.962504580784,1679,26035464,24480614,1052313,1922666,10104222,7674357,7902100,6389198,3947959,4101702,1743525,2052856,707484,329841,0,416559,577861,1593435
402,000993,2017-12-07,0.003783102143757988,0.007566204287515754,0.32413647560239445,6360.0,26598.332950911717,598,4730575,4418854,778977,515487,2147948,1866478,788461,1579816,553849,215972,461340,241101,0,0,0,0,0,0
403,000996,2017-12-07,0.015373352855051259,0.01024890190336758,0.32906227589467324,21968.0,117498.54977623424,1724,48694388,45287057,1100453,1151393,8922619,8400424,9491190,7284374,9670906,10889544,5882841,4963947,1763481,2355585,1721728,3885780,10141170,6356010
404,000997,2017-12-07,-0.016233766233766267,-0.004870129870129913,0.469976566964617,18205.0,97141.83048028105,1546,41239586,33359747,1179181,1549136,6404481,7229816,6736968,6010609,7188867,7166442,6232788,4205829,3255474,3174507,4029024,1294473,6212803,2728935
405,000998,2017-12-07,-0.003177124702144485,0.0019857029388403724,0.5806256784328017,12620.0,180673.82826242325,1882,35507983,72035980,708205,3102770,6439514,8942641,4610695,7622495,5800419,7294048,4923244,8469032,1417552,3071997,2570287,4096254,9038067,29436743
406,000999,2017-12-07,-0.01425742574257427,-0.0055445544554455495,0.6516517416782648,5022.0,53376.9503158946,1501,17033442,13125576,1081613,2356908,4912792,3506532,2911860,1717649,4439430,1682880,2115467,243664,976225,1006847,0,468050,596055,2143046
407,001896,2017-12-07,0.0018348623853210455,0.00917431192660545,0.2807424989635692,7417.5,90267.02201846249,376,7013897,8165951,303891,310146,994614,1494665,536223,1111607,1510058,1704910,1401680,1900368,1096760,688446,451821,0,718850,955809
408,001979,2017-12-07,-0.012273212379935838,-0.0016008537886871288,0.3578242185113525,30200.0,298668.61310131586,2746,156448550,137414976,2018983,1467131,12276134,10803815,12640685,17555593,18688085,20291189,15344878,13945944,11504436,13935936,9074198,8436520,74901151,50978848
409,002001,2017-12-07,-0.009497964721845387,0.008141112618724522,0.6825788647532186,77763.0,666844.1941643741,2919,335732083,386354520,1043390,574083,11564652,9316591,14947906,14939321,31346709,28402609,28626355,22874300,27731865,25054776,16964620,28958898,203506586,256233942
410,002002,2017-12-07,-0.00430416068866557,-0.00430416068866557,0.19929461115958613,4851.0,100421.43730789213,1224,24639980,13485037,924186,826595,2902148,2836332,8955351,2773183,2803461,2241324,1939857,1128454,729394,383464,1290628,462272,5094955,2833413
411,002003,2017-12-07,0.0065851364063969076,0.007525870178739513,0.5362965585611098,5332.5,42062.40479596215,392,4734448,4381133,386570,192214,1431826,1357100,1198936,1273731,659124,542297,1057992,702574,0,313217,0,0,0,0
