,code,date,pchange_whole,pchange,change_std,amount_median,amount_std,length,sumsell,sumbuy,sell_vol_0,buy_vol_0,sell_vol_1,buy_vol_1,sell_vol_2,buy_vol_2,sell_vol_3,buy_vol_3,sell_vol_4,buy_vol_4,sell_vol_5,buy_vol_5,sell_vol_6,buy_vol_6,sell_vol_7,buy_vol_7
0,000001,2017-12-12,-0.028358208955223896,-0.020149253731343242,0.16938773852271105,193303.0,1030964.3807896853,6264,1481691646,1808274670,559187,862202,10602229,17097771,24592305,39872428,65106953,88472986,68333378,95955481,54917177,87370386,49113104,78609654,1208467313,1400033762
1,000002,2017-12-12,-0.005381769256643132,0.007399932727884195,0.3762386853734718,129989.0,579729.8065590785,6247,885087992,972688666,1151816,657499,17206884,15532840,43405329,38754925,98806978,83988767,81621432,73620530,82013476,82239867,50512460,52882393,510369617,625011845
2,000004,2017-12-12,0.027851458885941538,0.04111405835543769,0.461844393867297,16415.0,65712.44402185697,2407,47292821,42922806,2560295,2101132,11668863,10098630,9410190,8334300,12906223,11013569,5981228,4927095,1270068,1628176,1775660,1435530,1720294,3384374
3,000005,2017-12-12,0.009569377990430672,0.0071770334928229484,0.11523519926901422,7089.0,45418.7656506146,1317,13721755,13234647,1419417,1008244,4398548,5415890,2546841,2542347,2066361,1628316,211000,2639850,1128848,0,824000,0,1126740,0
4,000008,2017-12-12,-0.025581395348837077,-0.023255813953488302,0.1852890645534064,6776.0,100816.25516424043,2156,40212535,23704300,1917320,2139717,6809230,7316035,5142062,5432503,5483450,3465988,4027094,1111200,1925253,1723155,2575089,1794982,12333037,720720
5,000009,2017-12-12,-0.008053691275167862,-0.0026845637583893245,0.13294465596196262,10416.0,106877.1463302801,3144,60792036,62056389,3964491,2890463,11672402,12997460,10488782,8805935,8955657,10387043,6148570,8522986,5322797,2398792,2173352,3091326,12065985,12962384
6,000010,2017-12-12,-0.01904761904761898,-0.01333333333333342,0.12612521405287164,5270.0,50198.19797558875,1734,25939372,11968589,1989959,1218199,6371235,4008136,4442293,2849592,6155516,2781782,3002321,1110880,750076,0,1771972,0,1456000,0
7,000011,2017-12-12,0.010600706713780994,0.02355712603062421,0.3064126225034216,17403.5,93122.05140121476,3072,59699421,79805189,2290566,2146964,15285215,15665722,12347227,15986104,13103416,16380921,5366150,5727839,3198309,4770688,2192370,4942056,5916168,14184895
8,000012,2017-12-12,0.0011402508551880963,0.005701254275940704,0.14464260749312496,25490.0,184299.05828661178,3680,139572980,152295585,2733647,2709270,17752266,17183382,20157905,17773117,22406316,24035505,17374526,23164698,6605834,14267023,11781316,7741753,40761170,45420837
9,000014,2017-12-12,-0.002454991816694063,0.004091653027823217,0.379581382237417,6130.0,34684.13446525322,1036,9318202,8297731,1031622,1183083,4186100,3612224,1145365,1626609,1628064,816639,770314,724876,0,334300,0,0,556737,0
10,000016,2017-12-12,-0.014354066985645897,-0.009569377990430561,0.144721769224492,11818.0,97453.91796892339,1878,32788639,40191045,2088930,1461415,8812046,5450580,6011427,9596919,6572828,7288209,2406965,2207127,375669,1052405,852873,1292793,5667901,11841597
11,000017,2017-12-12,-0.004484304932735439,-0.01195814648729443,0.287439902141023,6630.0,18912.09865344229,541,4590446,2650125,623665,768710,2428304,1063079,1151799,696458,386678,121878,0,0,0,0,0,0,0,0
12,000018,2017-12-12,-0.029957203994293913,-0.025677603423680417,0.17237458212000556,11832.0,66098.45929991413,1654,37687749,16913150,1438631,1563048,9437920,5755971,4965322,3612186,7050432,3203535,4547232,460368,4571743,954741,4288469,1363301,1388000,0
13,000020,2017-12-12,-0.044025157232704504,-0.030188679245283012,0.34719314116887623,12384.0,59983.82354114009,2099,32439180,27202629,2339857,1832419,10989121,8909446,7187523,4610890,5602825,5639198,1162875,1490663,1606989,941645,930210,469912,2619780,3308456
14,000021,2017-12-12,-0.02696871628910469,-0.015102481121898492,0.16474918556306697,13710.0,114899.33969628758,3168,88754635,63858055,3050714,3194316,14752776,11481267,13775276,12131625,15776696,13843649,8268774,4778250,6422586,8351053,5791607,1760393,20916206,8317502
15,000023,2017-12-12,0.00442282176028308,0.007518796992481258,1.201864165675437,11350.0,44214.56788316087,353,5369312,4062410,515647,259154,1738078,1482260,1307535,575977,1808052,621345,0,456000,0,667674,0,0,0,0
16,000025,2017-12-12,0.002243270189431712,0.006729810568295136,0.7204084907285038,20280.0,96686.98707407404,3102,75443344,81238612,2519048,2577730,14625900,14470294,12213245,12801943,18259932,19196207,7613347,8924169,3040489,7032574,4790835,4880023,12380548,11355672
17,000026,2017-12-12,-0.01754385964912275,-0.008310249307479256,0.3354472502553629,9670.5,38437.62924955439,1042,12214122,7725224,1824856,655155,4497381,3302965,2573579,1198036,2260286,1828953,0,224595,0,0,0,0,1058020,515520
18,000027,2017-12-12,-0.008223684210526327,-0.006578947368421018,0.1555284672816169,6030.0,111081.64558452416,1529,26080747,19250274,1352502,1990951,3112889,3547309,1817124,3504798,3658171,1937165,2314212,1260368,787518,2436360,1823900,0,11214431,4573323
19,000028,2017-12-12,-0.02203856749311295,-0.014634986225895319,1.3187757353215193,22900.0,132524.11424178063,1939,64470929,46525519,1217706,1344551,10099285,8839584,11103787,8086793,10323894,9313223,10992974,4418158,4084422,3257937,2102254,429750,14546607,10835523
20,000030,2017-12-12,-0.00996264009962633,0.0037359900373601374,0.1702503889122136,3188.0,32594.292262748688,2227,19986359,16934630,2932610,560985,7103410,4565565,4739407,9132860,2446410,2397882,2120522,277338,644000,0,0,0,0,0
21,000032,2017-12-12,-0.025535420098846795,-0.02635914332784184,0.28880619220184284,11890.0,73517.36534305233,1767,37304543,21680950,1750677,1455498,9608378,7126047,5684860,3403057,6563425,4508667,3771165,1017588,5145292,1504347,1853906,1853906,2926840,811840
22,000036,2017-12-12,-0.017957351290684653,-0.012345679012345623,0.2051222202316945,18501.0,147148.42268970434,1887,75132446,38926914,1659062,1447755,10111649,7324187,14182240,5835933,9768045,6712803,7435752,2160682,5544316,3236100,2817110,888800,23614272,11320654
23,000037,2017-12-12,0.009043927648578753,0.009043927648578753,0.33085615426091414,6240.0,33478.78314887023,547,4968430,7148776,380270,498405,1403404,1430456,1636704,3760075,1548052,1459840,0,0,0,0,0,0,0,0
24,000038,2017-12-12,-0.00516573396470088,-0.0021523891519587,0.3761663186450225,21024.0,81059.50157225608,3816,97806465,76898945,3026773,2615514,22304749,17500976,20875930,15476418,21172982,19217841,10650402,8417658,5950725,5470400,5625136,3701398,8199768,4498740
25,000039,2017-12-12,0.0,0.0054590570719603715,0.2880287701591972,38342.0,241113.07663513217,4896,279286150,228934014,2509053,1280095,28625480,16198251,31121970,21612321,54687004,36058847,34413757,30164785,18517777,16065631,16709137,16403648,92701972,91150436
26,000040,2017-12-12,-0.009908536585365724,-0.010670731707317027,0.3819945633029612,6520.0,74009.53026839878,1179,23247462,9879810,1393627,588732,5370478,2575961,3149425,2354269,4171067,2997101,2284777,956221,997348,0,1229758,407526,4650982,0
27,000042,2017-12-12,0.0032467532467532756,0.0032467532467532756,0.7666876098369302,4692.0,23937.54797794304,403,2402856,2541501,256043,755379,997055,1342894,722090,443228,176244,0,251424,0,0,0,0,0,0,0
28,000043,2017-12-12,0.000990099009900991,0.001980198019801982,0.42690714885393466,8128.0,153606.03095308624,559,14997928,16064595,377842,712724,1574499,1739127,799658,1496466,1710959,976261,505000,1214800,1414815,1461575,1332809,1735187,7282346,6728455
29,000045,2017-12-12,0.012670565302144388,0.013645224171540127,0.2434776419003367,20590.0,84869.4753381525,1776,44173839,44687697,936073,1276639,8669780,9723588,7911754,7211899,9762674,10474549,7298824,5908891,1702017,4708590,4825729,897289,3066988,4486252
30,000046,2017-12-12,0.001322751322751392,-0.011904761904761862,0.2671683665663845,3735.0,34576.44554940394,800,7022421,3581487,1248952,556644,1769755,1029339,1593326,492932,1887488,602572,522900,0,0,0,0,900000,0,0
31,000048,2017-12-12,-0.010883761427949445,-0.00827165868524149,1.8573594679580194,9110.0,81105.21643574575,152,3106717,775755,149298,168481,645970,250938,327463,256016,620786,100320,0,0,0,0,0,0,1363200,0
32,000049,2017-12-12,-0.00990099009900991,-0.0039143449228644656,0.7538151792010833,21525.0,126846.17507544196,3320,98067918,70580824,3953198,1966802,19932237,15554693,16437118,12124953,17256843,12035162,12644910,12457725,8100060,4118570,4456361,2156047,15287191,10166872
33,000050,2017-12-12,-0.008181818181818179,-0.0018181818181818299,0.3197321805274176,35040.0,267775.1007296534,4737,282516420,240675125,2135618,2618910,22542103,21633990,25919969,22575532,33564160,31177930,36817434,40462941,22329225,21286319,15975866,18748340,123232045,82171163
34,000055,2017-12-12,-0.009478672985782088,-0.003159557661927437,0.15396448890947698,12620.0,66320.51557097975,1692,23076129,32960563,1402847,1336084,5954195,7858757,4428980,8698127,4926412,6006557,4119067,3324920,2244628,1716336,0,0,0,4019782
35,000058,2017-12-12,-0.03725261932479629,-0.033760186263096514,0.15226782958259535,16291.5,103114.3644461706,3186,80762682,55317859,2736702,3226288,15477047,14187451,17421868,10432098,14017820,10304440,11513684,3395605,3378298,3928966,402822,402822,15814441,9440189
36,000059,2017-12-12,-0.014256619144602856,-0.009164969450101812,0.20889350984213848,10791.0,125837.05532491679,2210,75578718,52864806,2970159,1831170,10028446,5791066,10008088,5308781,15489632,9906142,7781964,7959285,9942840,6531482,5508625,3628195,13848964,11908685
37,000060,2017-12-12,-0.017013232514177634,-0.013232514177693777,0.16468510894808,14728.0,173852.1894619783,4131,153407708,109729481,3003869,2452164,20969377,12778071,17524528,15115348,19587833,19463632,13634252,8116953,10094608,10206406,8360727,5236787,60232514,36360120
38,000061,2017-12-12,-0.0066489361702127825,-0.0026595744680850686,0.2726675893206377,6759.0,134474.67801841628,760,18171829,9877183,734021,883213,2054495,2042397,1534912,1613274,2065146,1235142,877825,220629,1494000,1352600,0,0,9411430,2529928
39,000062,2017-12-12,-0.020136931131695568,-0.01288763592428499,0.6048380501222156,17269.0,57315.69031987193,1685,31725953,28240052,1612182,1327270,9906082,9349758,5499062,6063041,7343865,4578019,4843311,4340523,967946,1027936,830755,830755,722750,722750
40,000063,2017-12-12,0.0018908698001081081,0.00864397622906532,0.449618701341753,393790.0,1128694.4719207142,6782,2546109672,2481305952,119042,141453,6068371,5054320,19754444,16528770,84192193,70687774,103095787,88790773,102389556,87477955,117875634,99694387,2112614645,2112930520
41,000065,2017-12-12,0.014572864321608092,0.023618090452261375,0.4170224411822419,16304.0,110745.058140907,2277,53782643,51244883,2793678,1790320,11522371,9694730,8104203,10472371,10415195,10135531,5811309,2762151,4242765,2435676,2692126,1788644,8200996,12165460
42,000066,2017-12-12,-0.022471910112359605,-0.016853932584269704,0.12167983357712092,16272.5,231357.73714934388,3428,136767817,98443584,2582984,2924697,14160146,14668722,13956955,14566527,19901081,17721385,8991960,11197623,10899952,6722130,9382155,3621255,56892584,27021245
43,000068,2017-12-12,-0.009363295880149725,-0.005617977528089901,0.1378581644293664,1599.0,42088.92835218755,1501,14011955,7998248,826073,1361403,2893939,2459096,2354974,1704490,2930378,1721800,1226473,751459,1923420,0,1856698,0,0,0
44,000069,2017-12-12,-0.011534025374855816,-0.0046136101499422155,0.1329269780476092,8620.0,195543.6057346847,4260,148155904,79867341,4663393,2413026,14342089,11514593,22625134,10814699,15918063,11278001,9823162,7793692,10635919,6541550,13410701,4341549,56737443,25170231
45,000070,2017-12-12,-0.00899100899100902,-0.004995004995004937,0.22930708908114233,10923.0,42129.8357324596,1907,20265662,34197296,2750237,1850525,6704990,7610948,4539912,12876586,4504295,9574618,697024,1614745,1069204,669874,0,0,0,0
46,000078,2017-12-12,0.006525285481239873,0.0016313213703098572,0.1070440295673347,12240.0,101858.22014313855,3285,69205420,67105472,3203215,2448530,12013630,14794556,11294207,11781165,15337941,10265369,7808180,4414898,4499660,6990987,4541741,4707023,10506846,11702944
47,000088,2017-12-12,-0.011627906976744207,-0.0012919896640826156,0.215471323875767,11535.0,72127.74103150649,1290,26492976,19457020,1297269,1063753,6402742,4481046,4744847,3382576,6070923,3949144,5047195,1363239,1153638,1101224,1776362,1308418,0,2807620
48,000089,2017-12-12,-0.017281105990783474,-0.008064516129032251,0.23949750630906502,8640.0,87612.45950439246,1313,34349858,17554550,1263645,1533904,4492433,4515722,4095670,3860266,6078775,3344507,4955736,2447262,1569273,963833,3451320,889056,8443006,0
49,000090,2017-12-12,-0.003910068426197566,0.0029325513196480912,0.19369465434205463,5150.0,59535.41889097622,2793,32683256,33714456,2137295,2326587,10656113,7431259,5454963,3872820,6737924,12354417,2330546,2847874,1391270,612600,1249776,927900,2725369,3340999
50,000096,2017-12-12,0.01097293343087058,0.007315288953913646,0.5201754145264429,8256.0,49523.28140417602,690,6007937,9378602,696489,767471,2547944,1952411,1199524,1716517,643670,1375422,472785,2155797,0,1410984,447525,0,0,0
51,000099,2017-12-12,-0.02467811158798283,-0.02682403433476399,0.21380501800344387,9210.0,40805.13396896472,1901,27153983,22693933,1481775,2182783,5977160,8426333,8544526,6662076,8685412,3991349,1578210,1431392,0,0,886900,0,0,0
52,000100,2017-12-12,-0.021582733812949617,-0.011990407673860837,0.05613535409343908,16851.0,336157.26887521864,5556,313219433,239656029,4802572,3778043,26134892,19677654,28991284,18874094,30881516,16443898,25980779,18654567,12766710,10118445,21834972,8723724,161826708,143385604
53,000150,2017-12-12,-0.010695187165775444,0.0017825311942958333,1.2313131832136401,25308.0,85490.76867776766,518,18206830,8722667,345449,295217,3208707,1719982,3700512,911413,6002528,2779856,2319474,1310129,1430290,362490,418690,0,781180,1343580
54,000151,2017-12-12,-0.02954898911353021,-0.024105754276827263,0.34132218345729526,6320.0,54393.9016992308,1420,19049084,13345052,758461,1619774,5233220,4561497,3727132,2852285,4282411,1447935,1794088,1327341,964960,312220,822172,0,1466640,1224000
55,000153,2017-12-12,-0.00996264009962633,-0.00747198007471972,0.23249522130974165,4000.0,18898.789522277086,1193,7080469,4525415,1902713,1445369,2841276,1765702,1568618,692797,767862,621547,0,0,0,0,0,0,0,0
56,000156,2017-12-12,-0.017733230531996935,-0.013107170393215073,0.27120392651824277,8960.0,149650.90629065898,2288,65601690,38548980,2130008,2578716,6235048,7734899,9554668,6808488,10622308,6403273,5808908,4862970,1509850,345330,3587126,426990,26153774,9388314
57,000157,2017-12-12,-0.009345794392523366,-0.007009345794392607,0.06818300137205333,4664.0,161518.8980633457,3956,86600350,61363524,5747038,2270642,10941616,10273037,6021450,5692408,8333798,6119515,8302103,6853764,2161788,4007742,5289763,4054359,39802794,22092057
58,000158,2017-12-12,-0.015963511972633793,-0.01824401368301032,0.1711060489018632,14688.0,87699.90167569392,2631,77691569,37247002,3123900,1618611,13320361,9464504,14612710,7329395,9779641,4862947,19195011,4611377,3703121,2469433,3950607,2175903,10006218,4714832
59,000159,2017-12-12,-0.0185185185185186,-0.014814814814814836,0.2274342537961051,8024.0,60129.19186490802,563,9037506,4684472,627531,432584,2841186,1199832,1742943,2423083,1293545,628973,835229,0,0,0,0,0,1697072,0
60,000166,2017-12-12,-0.014519056261342977,-0.007259528130671544,0.0866685083982289,7150.0,108286.66121688712,4052,81834416,35021727,4989307,2330939,24199319,10990108,8761286,6057976,11557613,4129651,5706727,2063408,981500,976040,3077112,445208,22561552,8028397
61,000301,2017-12-12,0.013084112149532867,0.01495327102803734,0.09442235080642353,13475.0,96301.37765821701,3218,62091290,76293208,2263170,2857856,11426279,14969548,11919037,15305667,10471974,16260700,10046123,5538346,4780565,3869029,4919708,5419503,6264434,12072559
62,000333,2017-12-12,-0.01076466221232375,-0.0025983667409057443,0.6585518043431999,169126.5,660148.1198385442,6698,1055605559,1311670066,371679,333991,16554676,15047043,34113391,33617072,91654445,94273822,77928747,80176258,86306921,97565923,68507486,113106174,680168214,877549783
63,000400,2017-12-12,-0.018611309949892574,-0.015032211882605617,0.33098418082161923,12438.0,80038.48023239491,1781,40515597,25178627,1216999,1791595,7296727,7600072,4392547,3762183,8863410,6348214,5241996,2081437,3704452,1773932,3793556,436080,6005910,1385114
64,000402,2017-12-12,-0.009830205540661274,-0.0044682752457549935,0.17629440601337412,4472.0,94563.45554823085,4032,71254198,42567435,5592177,4281872,8803338,7144064,11832988,7159268,7186861,5792054,8775444,6042918,4272256,3688261,4399286,947750,20391848,7511248
65,000404,2017-12-12,-0.02954209748892156,-0.019202363367799125,0.21697984653001742,11978.0,128596.2024980988,973,19264205,18831403,1144028,801565,4763568,3511052,3910816,2324694,4002053,3028223,2434574,1244392,1077903,1382473,1292023,464763,639240,6074241
66,000407,2017-12-12,-0.005319148936170137,-0.010638297872340274,0.2932018902917108,11205.0,65034.12016291322,657,14499504,6791802,902531,429904,4299688,1419303,2680610,789596,3834599,1243971,1476757,729557,1305319,687471,0,0,0,1492000
67,000408,2017-12-12,-0.0011428571428571122,0.010285714285714231,0.3604433552291581,26670.0,152951.2576581199,2359,72860730,110126590,1171480,1361010,9259981,14083688,9253845,21536346,15270635,17051448,5952862,8079185,8356874,11088154,5441083,6821677,18153970,30105082
68,000409,2017-12-12,-0.013157894736842146,-0.006578947368421018,0.2177489240802709,9090.0,30833.15810521084,779,9560845,4716133,883560,766705,4253275,2481131,1851476,1300107,1590430,168190,0,0,982104,0,0,0,0,0
69,000410,2017-12-12,0.013071895424836777,0.002178649237472685,0.19433380232547132,10992.0,64492.808642986194,2232,36504225,33805165,2670473,2075046,11044434,8974728,8700870,7910987,6506555,6523065,2829639,1407011,2310637,2506457,928624,0,1512993,4407871
70,000411,2017-12-12,-0.011505273250239645,-0.008149568552253017,1.1062379488717171,6228.0,25581.167547353445,355,3477099,2128886,368716,276118,1359668,840804,874230,622849,874485,389115,0,0,0,0,0,0,0,0
71,000413,2017-12-12,0.002072538860103501,0.006217616580310947,0.12344039742280428,44160.0,287911.5332859587,6120,394792873,408723523,3261515,2579734,31460853,25700007,43604633,29317878,69206010,44902263,37497328,42891268,35175307,33556004,34272090,29530962,140315137,200245407
72,000415,2017-12-12,0.0017605633802817433,-0.015845070422535135,0.09070924461408365,4220.0,91550.66799106145,3932,62556200,36627119,3493566,4294825,9858976,8508155,9918090,5384093,11498420,9157093,4557237,1545815,3042027,1245301,2175081,1362031,18012803,5129806
73,000416,2017-12-12,-0.013245033112582738,-0.017218543046357615,0.2664988458055754,10458.0,39890.56025806046,802,12765143,6018222,923134,745821,3847360,2793520,3596148,1432922,1950757,593035,1324244,452924,1123500,0,0,0,0,0
74,000417,2017-12-12,-0.01990049751243772,-0.011194029850746134,0.23422930666570113,11144.0,67976.46396956212,1178,19736149,16760359,945246,1133240,3915874,6435085,2985741,2763431,5005246,2220725,735738,513138,3375448,1394536,402776,1697004,2370080,603200
75,000418,2017-12-12,0.010101010101010166,0.012419274714356776,1.0830754867598518,23842.0,103769.86393979286,3112,83282958,78707652,2284456,1385424,16593846,18059946,11731589,11912450,22071876,9820059,14868848,12613499,3479972,9567036,3950894,3704845,8301477,11644393
76,000419,2017-12-12,-0.001697792869269965,-0.005093378607809784,0.345901249257092,10584.0,50411.10035558043,289,6423653,2530114,371339,104808,1704864,760316,1102470,493346,2296670,812334,589000,0,359310,359310,0,0,0,0
77,000420,2017-12-12,-0.032835820895522394,-0.032835820895522394,0.058352528545749245,8748.0,114273.72892203163,3315,67756213,43959748,3505781,2736261,14731159,10776191,10998999,6769004,10693427,7406880,5937885,2578097,6228998,713940,3611327,464013,12048637,12515362
78,000421,2017-12-12,-0.01461038961038963,-0.009740259740259827,0.21400105079676054,3666.0,37772.69618428361,828,6392450,4893853,1676511,287636,1678800,1294998,1595645,1512319,315794,673200,264130,264130,353829,353829,0,0,507741,507741
79,000422,2017-12-12,-0.00952380952380949,-0.011904761904761862,0.12568765718796251,6688.0,53776.82833806254,1117,17749382,7047974,1566519,1166614,4344692,2332646,2865490,1251808,3030511,1321323,512663,512663,2380642,0,3048865,462920,0,0
80,000423,2017-12-12,-0.013119055428009174,-0.01033125614955721,0.9738177949177229,36480.0,235731.4196891187,3921,234085069,122880174,1824913,1831257,21744748,19104790,40353472,19344535,34222121,19326184,15904482,11540757,18699668,7200989,9859966,7400061,91475699,37131601
81,000425,2017-12-12,-0.012919896640826933,-0.0051679586563307955,0.05068349566723101,15887.5,283403.4287731406,5882,224759616,227875295,6134076,2849417,27287466,17623856,31475158,19174177,37884226,26626699,21259393,20287849,20485684,14225414,17606343,11332617,62627270,115755266
82,000426,2017-12-12,0.003076923076922977,0.016410256410256396,0.14970575951210272,21000.0,161725.1568345882,4247,135654145,164428349,2923857,3344898,15657045,17675524,16716006,21270081,33960472,36863547,18309537,21200869,9796017,14412999,8539209,9638188,29752002,40022243
83,000428,2017-12-12,0.0049261083743843415,0.0049261083743843415,0.15484776499388606,5726.0,56658.90577144251,687,7734277,8548835,870277,507699,2120850,2142473,1546240,1231154,1478556,752917,920634,1989492,797720,0,0,814000,0,1111100
84,000429,2017-12-12,-0.005121638924455829,-0.005121638924455829,0.20471562135006446,3900.0,33574.7181078388,1457,15207632,9792565,2104524,1643467,2937902,5574806,4710784,519250,3913369,1023459,927253,1031583,613800,0,0,0,0,0
85,000430,2017-12-12,-0.011682242990654124,-0.008177570093457986,0.2955482861599763,3400.0,16943.61628916391,838,5214527,3043418,1694593,465096,2237634,1409778,1028615,914859,253685,253685,0,0,0,0,0,0,0,0
86,000488,2017-12-12,-0.01664684898929847,-0.013674197384066611,0.26052672069493393,23261.0,153261.76252432776,4170,194481949,116325162,3025671,3432521,19645672,15987888,23209098,18263149,33992156,20282151,35286778,13372896,20636821,11324210,12406060,8175117,46279693,25487230
87,000498,2017-12-12,-0.01477104874446078,-0.010339734121122546,0.1229194571351717,6710.0,40818.80545219061,3037,45840476,18774866,3871977,1218228,16136567,8361106,10496855,3502028,8114181,3613423,5183334,1507231,600320,0,864392,0,572850,572850
88,000501,2017-12-12,-0.014171287738755423,-0.009242144177449285,0.29998543248514953,6440.0,40096.49077938249,2931,29754821,26085253,4351651,3414206,8912197,9798071,5548527,4884343,5841673,4546417,1405743,1609067,3695030,1299821,0,0,0,533328
89,000502,2017-12-12,-0.024459078080903196,-0.012229539040451654,0.5604288472747924,7427.0,25198.341690021283,359,3704295,2286544,419168,276507,1535530,1126765,1193651,721392,555946,161880,0,0,0,0,0,0,0,0
90,000503,2017-12-12,-0.05006257822277849,-0.03629536921151444,0.540285355305361,79100.0,690121.6465815271,5477,827537239,707815613,2030941,1488642,19094433,17300555,30110248,28060875,61113858,50556056,53410989,45152492,47798609,41288147,55546559,30536507,558431602,493432339
91,000505,2017-12-12,0.003397508493771184,0.010192525481313774,0.2399353445263896,8980.0,78398.36821673627,1356,20472186,27246528,1589578,1065737,5496314,4548578,5858127,4330350,2717271,4366263,2914728,3187264,1429834,1367906,466334,925200,0,7455230
92,000506,2017-12-12,0.010457516339869244,0.006535947712418277,0.3253977236958357,9228.0,56662.373432630324,552,7834118,6949781,613295,458003,2367382,1731850,2358700,1026455,1242382,940114,745164,745164,0,1541000,0,0,507195,507195
93,000507,2017-12-12,-0.011167512690355319,-0.003045685279187804,0.17330072747754802,19480.0,112371.57180833972,3234,88751251,77522459,3592409,2556857,16003561,15341761,13047930,13000767,17052085,13194816,10399505,7424842,6752230,6764417,2837193,6284307,19066338,12954692
94,000510,2017-12-12,-0.01505646173149311,-0.0037641154328732496,0.27755103347909615,10322.0,62773.00954929134,824,9370250,12301680,916967,786497,3801335,4276477,1318608,1661570,813227,1580775,499469,1804397,371124,1073364,0,0,1649520,1118600
95,000513,2017-12-12,0.004081632653061273,0.00320699708454808,0.9029438803984244,54608.0,301852.7863649626,5781,381704268,310348487,1661424,2407118,36961238,22147061,39300619,34737257,74016467,54636027,48967764,32308382,29387571,30576712,17225536,20765021,134183649,112770909
96,000514,2017-12-12,-0.01393188854489158,-0.007739938080495334,0.2316540589768222,6420.0,40767.531486543136,777,9955151,4741564,729690,910546,2745308,2012317,1782619,1450437,1959118,118526,795870,249738,1942546,0,0,0,0,0
97,000516,2017-12-12,-0.015317286652078876,-0.010940919037199293,0.1068189399640406,8588.0,133823.69153725723,1833,38491464,36276068,1544868,2315886,5917104,6932852,4663566,4691923,7430622,4432533,3919190,3958841,2579806,1077092,2235215,3168557,10201093,9698384
98,000517,2017-12-12,-0.016172506738544534,-0.005390835579514808,0.12500372172396818,7380.0,79657.54212075366,881,10388006,7538756,930208,744824,3804918,2736766,1471660,579654,1210968,112850,0,0,738000,1014540,801468,919338,1430784,1430784
99,000518,2017-12-12,0.023809523809523725,0.026785714285714413,0.1608969203908923,6900.0,75927.64345964853,1746,20651576,22895851,2216319,1423092,6870508,6074840,3119844,2990402,2885099,3574793,2246226,2202530,1901470,1486080,1412110,480522,0,4663592
100,000519,2017-12-12,-0.011917659804983827,-0.008667388949079147,0.13303583439720199,20130.0,98487.59864924058,4820,137543440,104286240,4145731,3250860,27828924,19462372,27732986,20535581,33563764,25919340,15297307,11014261,6034177,3731574,4701506,6283811,18239045,14088441
101,000520,2017-12-12,-0.01225490196078427,-0.007352941176470673,0.13000370051639057,6105.0,44792.47683336171,985,15957111,6440329,1103674,628474,4720311,2299332,2825888,1095902,3838078,1210699,2467561,898581,1001599,307341,0,0,0,0
102,000521,2017-12-12,-0.007751937984496138,-0.0019379844961240345,0.18444907863194213,8216.0,90163.60681929582,782,11874263,9934095,1017814,760452,2314766,2300244,2596406,1337119,2185560,2162696,1263552,733401,944648,1088666,0,0,1551517,1551517
103,000523,2017-12-12,-0.021052631578947545,-0.010526315789473717,0.3786398670996966,8540.0,41419.18510754194,509,7500206,4002919,597434,447252,2905678,1436264,1487001,1131588,1343737,333257,797911,286113,368445,368445,0,0,0,0
104,000524,2017-12-12,-0.021951219512195252,-0.013008130081300862,0.22885720258966616,4880.0,59317.11585555268,2898,21687710,30319884,2315494,5766477,6786945,6104467,6198962,2176483,3109750,2802424,723559,3180429,1339000,941966,0,857500,1214000,8490138
105,000525,2017-12-12,-0.021308225966303218,-0.014866204162537255,0.3578612064213628,18243.0,104460.09125520484,3186,111107229,52569321,2414621,2675917,15348427,10383914,14192258,9485399,44592055,8445581,17068716,7671066,4084472,1825708,1316262,989800,12090418,11091936
106,000528,2017-12-12,-0.016149068322981464,-0.006211180124223725,0.13444080208679643,4005.0,58016.2594816666,3589,50104405,31888978,4061130,1840102,12841604,8594170,9475818,4170945,8059935,7181339,5688123,2912575,4578957,2983689,411272,2027648,4987566,2178510
107,000529,2017-12-12,-0.01805555555555549,-0.009722222222222299,0.20325163982512348,3590.0,45891.954923059544,1255,10627408,9002172,706131,2305897,1636067,2288710,2773049,2168951,3097977,2238614,856800,0,0,0,460946,0,1096438,0
108,000530,2017-12-12,-0.019677996422182376,-0.01610017889087656,0.14888699627258076,10980.0,81487.81682676678,1410,30451086,21844452,1334042,1228601,6016425,3877981,5893322,3783651,5483748,4249934,3973004,1527496,2531614,1020654,1302742,859542,3916189,5296593
109,000531,2017-12-12,-0.012180267965895442,-0.0036540803897686658,0.3767953775437062,9014.5,54853.02023789629,474,8685892,3268531,622446,402107,2060729,1588861,1500932,688966,2126093,588597,402456,0,0,0,1973236,0,0,0
110,000532,2017-12-12,-0.020909090909090988,-0.018181818181818077,0.38283981646227777,7693.0,43787.10625021445,825,10056188,6366566,1158961,599236,3588150,2878415,1570902,1116421,1685831,1032950,201650,201650,1312800,0,0,0,537894,537894
111,000533,2017-12-12,0.007866273352999054,-0.003933136676499416,0.4159355308473774,8088.0,56587.970032862904,597,8999264,6631997,434631,450915,2364917,1391851,2370686,815949,2463950,1990272,811600,0,0,1429530,0,0,553480,553480
112,000534,2017-12-12,0.0021398002853068032,0.0028530670470756636,0.888533788431359,7040.0,87252.23534136763,248,5736995,1745795,300002,309592,926199,460595,123601,123601,1375555,350759,562000,501248,0,0,0,0,2449638,0
113,000536,2017-12-12,-0.006396588486140775,-0.0106609808102347,0.12337270200800823,3265.5,59381.44758506049,1446,17741683,12251176,1308972,1104639,4356583,3321837,2635135,2112376,1816586,1564915,2587068,2608246,2379844,352976,416208,0,2241287,1186187
114,000537,2017-12-12,-0.013679890560875485,-0.0034199726402187602,0.2801577262592959,14700.0,144215.89066821962,2729,64291116,74883308,1528891,1773240,10103323,15734780,10926712,10308734,10633886,14192511,5188301,7735431,4394407,4693419,4349462,3507987,17166134,16937206
115,000538,2017-12-12,-0.0041823931449556095,0.004284402733857107,1.7004638192543438,39178.0,241151.7106174221,3324,190279866,174755925,4642609,2517585,18599162,14774843,17811708,14715169,28214359,20239041,28410339,18814241,10239332,8252993,11925652,11038514,70436705,84403539
116,000539,2017-12-12,-0.0020746887966806016,0.0,0.16548457753871926,2400.0,50410.12730777158,848,5060205,7395594,596010,879630,1471195,1531814,906240,446366,1377286,1196280,0,432898,307359,307359,402115,402115,0,2199132
117,000541,2017-12-12,-0.013948497854077369,-0.007510729613733891,0.18239530817297125,13875.0,137062.53285458728,2612,66380686,46628364,3631337,1921753,13159592,9783619,12788986,8010305,14225820,8614485,7735344,5750408,3664479,2292994,4395650,3012118,6779478,7242682
118,000543,2017-12-12,-0.007920792079207928,-0.001980198019801982,0.15197906780553594,7575.0,75004.94773963469,1104,18949389,10017843,1276290,498855,7720083,1584938,1459003,1116962,2611689,1339608,758016,893592,0,707000,1280740,436320,3843568,3440568
119,000544,2017-12-12,0.002629848783694877,0.0039499670836076195,0.00852843018985875,10675.0,27678.563777067684,389,4312299,2694635,451777,438306,2439913,1465222,449987,638107,405554,153000,259215,0,305853,0,0,0,0,0
120,000545,2017-12-12,-0.019723865877712132,-0.01183431952662728,0.13045531530264354,9018.0,61151.678648260786,1511,28403057,11938112,1679487,1024468,7353866,4045490,4012348,1739634,4770139,2548908,3371927,411264,2002562,688522,2938632,470808,2274096,1009018
121,000546,2017-12-12,-0.020195838433292423,-0.009791921664626724,0.3521361518271224,14759.0,92770.05811035004,2155,34432384,60732964,1502739,2023749,7850267,9783549,6095020,8092464,10363685,10801702,3984825,11171481,707760,2410020,1687170,7409427,2240918,9040572
122,000548,2017-12-12,-0.00797448165869219,-0.006379585326953596,0.2096414461212641,5670.0,55402.88227461481,894,13009867,4817272,1095473,609152,3858686,1609396,2450282,1619906,2322126,978818,0,0,662500,0,873600,0,1747200,0
123,000550,2017-12-12,-0.01268115942028969,-0.007246376811594013,0.44248207988618943,6584.0,50628.25957084289,1400,23530994,7333377,2424869,1073230,5980285,2772435,3364615,1131670,5428366,1427552,2611742,241124,1676817,687366,986208,0,1058092,0
124,000551,2017-12-12,-0.017369727047146455,-0.012406947890818976,0.34561209472383886,12090.0,70766.17749724175,543,10883392,6871868,460271,479160,3255805,2184196,3040410,1550396,1142867,147815,714358,248620,1056000,1048000,428264,428264,785417,785417
125,000552,2017-12-12,-0.017094017094017033,-0.011396011396011319,0.06953022196834822,1396.0,39053.70131455578,2560,20624472,8655663,2838062,1323121,5103984,2838669,4602601,1526605,3642025,1883668,557976,0,1661616,343000,450312,0,1767896,740600
126,000554,2017-12-12,-0.0012642225031604948,0.006321112515802696,0.2371594873319454,7995.0,48727.82608175845,1112,13621507,14557975,1271717,1128749,4604237,4072853,2813462,3459549,2216970,2838235,1903510,1938906,314400,622472,497211,497211,0,0
127,000558,2017-12-12,-0.011695906432748426,-0.007797270955165692,0.14047594894018797,8240.0,51154.25281646244,1334,20380119,12641848,1282953,1103519,5714187,4146924,3599087,2817947,3657703,2085257,2655190,1621159,2123764,389855,1347235,477187,0,0
128,000559,2017-12-12,-0.00412371134020606,0.0020618556701033075,0.18213334248453375,8748.0,77254.11668483801,2838,50917808,42938816,3202580,2688936,9461700,9510241,8324496,7177557,10527978,7946165,5638675,3944315,3106338,3714219,3691985,4106129,6964056,3851254
129,000560,2017-12-12,-0.025343189017951406,-0.01689545934530101,0.1952282058204035,13020.0,65179.13476545844,2354,48321580,30410097,2413281,2263486,12032833,10486333,8895933,8233626,9023708,4098075,6892507,2684945,2091460,675086,2295184,421290,4676674,1547256
130,000561,2017-12-12,0.0011350737797957144,-0.002262443438914019,0.008233625240267311,10572.0,49306.42945199532,947,11630025,10691986,804790,1571724,3620238,4537170,2244875,2544836,2094610,1435175,494430,203946,1007262,399135,478820,0,885000,0
131,000563,2017-12-12,-0.008888888888888946,-0.011111111111111072,0.11384816961943282,5376.0,78320.14672486727,1564,24784233,16718646,1660451,1273866,5919825,3769528,3961792,2168001,3617856,2318896,3340792,1151704,3133354,1360884,445857,898661,2704306,3777106
132,000565,2017-12-12,-0.017931034482758568,-0.011034482758620734,0.24978956535206517,7160.0,45212.347400436905,842,11519933,6038409,844220,684087,3065273,2411520,2222452,1456952,3044861,751199,720830,0,734651,734651,887646,0,0,0
133,000567,2017-12-12,-0.008888888888888835,-0.006666666666666599,0.665364392392615,11135.0,68736.02670430957,1143,16055069,13910805,712459,1665657,4967645,4101532,3232030,2531737,3008328,1950767,652889,427314,350110,962584,860394,0,2271214,2271214
134,000568,2017-12-12,-0.017031250000000053,-0.015156249999999982,0.9036766161814791,50852.0,346235.1013796332,5022,348711536,311917387,2340555,1395801,19709635,18877220,29974752,33222545,44974019,64647474,28885769,33394579,32275095,24618841,16462263,13236574,174089448,122524353
135,000570,2017-12-12,-0.010830324909747224,-0.005415162454873723,0.23209121539518512,11080.0,38480.13694026606,569,7192684,6840665,435787,492690,2432971,2342269,1779990,2099432,1836014,1142294,707922,763980,0,0,0,0,0,0
136,000571,2017-12-12,-0.013986013986013957,-0.006993006993006978,0.14919751960586092,2840.0,52216.81939190799,1470,15069430,9212053,1355942,768691,4102844,3273853,2501785,1923050,2972697,2260531,1274296,277126,708802,708802,0,0,2153064,0
137,000572,2017-12-12,-0.01935483870967758,-0.017204301075268824,0.10028604430980945,6899.0,54335.27714133293,2154,37191796,18265831,2271273,1616703,8334874,5552020,8225272,3376075,9221796,3081724,3672466,2240158,4063024,736000,1403091,466241,0,1196910
138,000573,2017-12-12,0.017892644135188762,0.005893909626719207,0.006288721857330785,10200.0,44615.66070093356,531,8487655,5308318,596740,372940,2464443,1615586,2232466,1406596,2519154,1110284,674852,200485,0,0,0,0,0,602427
139,000576,2017-12-12,-0.002942907592701438,-0.011183048852265953,0.8517876711958196,10122.0,51073.84336086273,397,6853958,4246225,363463,311511,2113229,1079114,2494081,784071,537800,736132,550013,678247,795372,657150,0,0,0,0
140,000581,2017-12-12,-0.02395704254440323,-0.01652209830648499,0.36705287248870694,28518.0,211459.97412429051,4352,214584463,181067150,2886717,2981975,21704097,21232400,20000972,20136326,29455032,41126513,21679273,18575554,11113200,10354203,12939675,12977874,94805497,53682305
141,000582,2017-12-12,-0.01624365482233503,-0.01015228426395931,0.23224483705270874,9730.0,48112.88254605891,1799,26125312,13481894,2286789,2262649,9509169,5177113,6097674,2754098,4514617,2220216,1262500,1067818,334913,0,0,0,2119650,0
142,000584,2017-12-12,-0.004723346828609976,-0.004723346828609976,0.4085661222152505,25109.0,148864.74095419614,1315,38164409,58805400,1141293,325745,8832445,6178500,4659390,5416865,8885863,7485504,4002315,6405884,1419900,2557460,884439,7535389,8338764,22900053
143,000586,2017-12-12,0.013015184381778733,-0.014099783080260386,1.171538130650666,9160.0,62307.858584283844,247,5000254,2686509,265817,220555,959886,311050,1197446,808924,1230310,647005,215350,215350,647820,0,483625,483625,0,0
144,000587,2017-12-12,-0.021582733812949728,-0.020143884892086406,0.12280989273782633,24480.0,83018.9292372351,3207,89163718,74705139,1892049,2177854,18745749,16613477,17287634,16191702,26744247,12618291,8766129,10016058,6039739,7566707,3839343,3439036,5848828,6082014
145,000589,2017-12-12,-0.01279317697228155,-0.0106609808102347,0.20224028168574676,4670.0,30207.15485737532,537,5872401,2393314,992252,326440,2579983,679448,867672,507156,792695,239571,639799,640699,0,0,0,0,0,0
146,000590,2017-12-12,-0.008559201141226769,0.0014265335235377208,0.7976300016281896,14000.0,49569.18055644498,308,4089483,5057543,316647,238482,1260374,1580886,1125162,804523,937100,1252652,450200,450200,0,730800,0,0,0,0
147,000591,2017-12-12,-0.01176470588235301,-0.001680672268907557,0.1073959707023561,9045.0,110915.37891748984,3075,80791942,50392366,4460810,1773353,13536842,7882925,13186782,7908468,11372855,8501607,7088540,5421812,8664397,4642775,4032540,2175394,18449176,12086032
148,000593,2017-12-12,0.01118568232662187,0.006711409395973256,0.24505928306682315,9010.0,59474.30037267096,1331,22456739,14076505,1837644,1290380,7093273,4361415,4158460,1874256,3207273,2610305,2344881,920719,1147776,705900,892070,1802162,1775362,511368
149,000595,2017-12-12,-0.01984126984126977,-0.02182539682539686,0.13688856015034886,6500.0,39171.49083541722,1356,19120796,7985642,1529124,1444046,6276301,3404097,3801581,1089915,3348757,2047584,3165033,0,0,0,1000000,0,0,0
150,000596,2017-12-12,-0.01692234698718964,-0.0077494860034792445,0.9218787375916909,25280.0,134930.41921359184,4719,127580632,166295098,1688311,4333277,13499346,27663020,26540099,24750999,22644770,46174215,12305569,21005204,8616678,10126404,7778140,4997794,34507719,27244185
151,000597,2017-12-12,0.008675078864353258,0.008675078864353258,0.23281543543227462,25300.0,133884.1911271218,2968,69086609,106846008,1545469,1396655,14318081,17068719,12305690,18056913,15857791,21176372,7648735,16374249,2844209,4918546,4984774,7332208,9581860,20522346
152,000599,2017-12-12,0.0016638935108153063,-0.0016638935108153063,0.16552277483523767,12000.0,54064.31805100294,1318,21500796,15576247,1858322,756393,6225769,4965801,4892586,3047041,2408236,3083066,3794921,2867180,625200,336560,0,0,1695762,520206
153,000600,2017-12-12,-0.023869346733668362,-0.01633165829145722,0.1378206474403557,7083.0,92681.62323665028,3339,67270275,33345732,4793663,2238181,14414801,8889963,9708400,6878194,9343049,5694536,10162900,5495785,4179920,1339760,1790193,934956,12877349,1874357
154,000601,2017-12-12,-0.012096774193548487,-0.005376344086021501,0.3282039711930204,7440.0,68111.2644411094,513,8205799,4151887,516432,580561,2692069,1333451,933710,550660,1897479,438123,954558,500108,0,748984,0,0,1211551,0
155,000603,2017-12-12,-0.006814310051107331,-0.0076660988074956915,0.32711177903680927,7038.0,72954.67600368657,1288,13544888,17610641,1878717,770468,5230666,4004012,2601832,2702242,874776,3173019,2172033,735363,786864,1502788,0,0,0,4722749
156,000605,2017-12-12,-0.026400862068965414,-0.012931034482758563,0.4362800897566251,9375.0,39772.38314471583,1810,22709426,17536727,2027054,1749899,8383070,7722210,4705764,3379849,3361111,3102590,2168310,1220454,1105725,361725,958392,0,0,0
157,000606,2017-12-12,-0.01387406616862319,-0.012806830309498363,0.3693789339002428,9380.0,90396.75486494198,643,10938225,10832573,827079,705622,2668901,3496693,1397167,2088623,1170234,773351,1386266,459156,1024395,1024395,434733,434733,2029450,1850000
158,000607,2017-12-12,-0.01579778830963663,-0.006319115323854652,0.26471876779191017,8177.0,39414.74721884811,571,8544372,3945606,546889,396137,2890699,1862937,1857149,599101,1454599,858015,1112116,229416,682920,0,0,0,0,0
159,000608,2017-12-12,-0.030882352941176472,-0.013235294117647012,0.14075751688466734,10784.0,112820.90455539862,2338,49647242,36974077,2200759,2039576,10543429,7361314,9652318,6222124,8507105,5968067,6324018,3432416,5662739,4420831,482467,1431782,6274407,6097967
160,000609,2017-12-12,-0.01902949571836343,-0.01236917221693612,0.3004816269568575,5175.0,26148.324353460823,1223,8727469,7979191,648234,1433374,4041668,4415663,1615153,975978,1482776,645928,939638,508248,0,0,0,0,0,0
161,000610,2017-12-12,-0.01511715797430091,-0.012849584278155746,0.7317757182072165,3927.0,138302.95323592253,326,6065203,1969831,311337,292062,1256738,619039,475664,113520,907124,423496,700090,203050,0,318664,0,0,2414250,0
162,000611,2017-12-12,-0.014102564102564052,-0.014102564102564052,0.2568393407739015,10906.0,50181.10759953301,923,17396736,8896238,985014,628685,5699268,2578452,4359705,1822660,2943683,2456121,1799519,469163,683485,941157,926062,0,0,0
163,000612,2017-12-12,-0.01829924650161463,-0.009687836383207693,0.18037789928298872,6468.0,52329.686563321535,2661,27636650,37514124,1258878,5300785,5619588,10862205,7689372,8868598,8391505,6345019,2432213,2126353,617568,632016,0,928998,1627526,2450150
164,000613,2017-12-12,-0.049132947976878616,-0.021676300578034713,0.19406092994971874,6830.0,39305.243363157584,1272,15380360,9719705,1615162,968770,4718766,3807813,3606477,1798587,2414840,2665371,1223537,479164,1250720,0,0,0,550858,0
165,000615,2017-12-12,-0.013779527559055205,0.0029527559055118058,0.1576030946157504,22550.0,120467.24371693791,4160,124915180,136262435,2201877,2800232,19552703,19215281,20467182,20323569,26268745,29495187,17351452,22675364,10484285,12172590,6754695,7700943,21834241,21879269
166,000616,2017-12-12,-0.008720930232558044,-0.0029069767441859407,0.10918378938379786,5848.0,90533.66169488612,993,16525591,12674879,761410,869478,2816918,3476434,2014861,2769651,2360571,2366813,1648992,477724,688000,771248,2791548,0,3443291,1943531
167,000617,2017-12-12,-0.020408163265306145,-0.014778325123152802,0.4122344230630127,8394.0,34612.67831885547,1188,13848891,8495551,1481646,1001080,5741409,3478048,2761581,1437079,2463282,1427749,1029917,780539,371056,371056,0,0,0,0
168,000619,2017-12-12,0.0,-0.0036540803897686658,0.3185618764800104,10297.0,135547.56121963423,664,12852842,21650917,579203,647848,2491783,2359683,1368768,1128376,3949162,1665708,950098,4558436,0,0,2225262,5351100,1288566,5939766
169,000620,2017-12-12,0.03180212014134276,0.049469964664311084,0.12189801118118192,11802.0,74165.77508547492,2163,38551806,45151268,1652887,1091472,8938125,7993896,6149047,8469994,11659208,9498565,5210548,6430217,1766478,4133401,423160,3048856,2752353,4484867
170,000622,2017-12-12,-0.02200000000000002,-0.018000000000000016,0.22488817814259346,11904.0,62110.02019687806,494,13363787,4998982,437008,459498,2885976,1563914,2293312,829056,4463905,1206008,1124586,940506,2159000,0,0,0,0,0
171,000623,2017-12-12,-0.02237823606845102,-0.010969723562966216,0.38957511575209475,22690.0,165242.30138821056,3422,142557471,99007330,1719125,2681831,17919078,19801155,16461644,12704486,22713930,17156881,16211597,10072214,6795111,2579394,11146714,6736758,49590272,27274611
172,000625,2017-12-12,0.012977099236641143,0.009125475285171047,0.006745426309655761,15756.0,133811.15896035117,2501,87185071,39022390,1609910,842000,18839405,7328653,12295908,8972810,13806299,6420615,6624862,2703958,6693871,1793189,3606469,2691620,23708347,8269545
173,000626,2017-12-12,-0.02564102564102555,-0.01851851851851849,0.26805908593290145,16620.0,101753.89461796999,2745,75911289,48203112,2103575,2236686,14873505,12254030,16248634,9586211,13022208,7838122,10287623,3745154,3679606,3846244,1292497,879360,14403641,7817305
174,000627,2017-12-12,-0.02516411378555805,-0.01422319474835898,0.14471815089929266,11765.0,132168.1790220064,3993,119944132,72790002,3940597,4132672,17320876,15563321,18302739,12405884,18374674,9469590,11586819,9532279,10883618,4488076,8224747,1794000,31310062,15404180
175,000628,2017-12-12,-0.01891252955082745,-0.0035460992907803135,0.3437355252678915,9273.0,41630.49933851093,605,10131082,4557630,734759,528695,3963818,1949502,1847945,1125807,2264801,674305,532221,279321,787538,0,0,0,0,0
176,000630,2017-12-12,-0.010948905109489093,-0.007299270072992692,0.04097295822878757,3562.0,147374.01140509674,4531,86809904,58835798,4309228,2940174,12916638,12344866,8452875,6155784,8210268,6371388,3448838,3402118,4660198,5057972,874608,846450,43937251,21717046
177,000631,2017-12-12,-0.01207729468599028,-0.009661835748792313,0.08628143891235975,2869.0,47946.27455315411,2309,17765260,17229307,2867684,1842257,4812832,4279088,2237749,1878316,3204741,3703600,2057769,2775011,312010,1784568,1306008,0,966467,966467
178,000632,2017-12-12,0.06199021207177813,-0.004893964110929905,0.3365363969469023,7917.0,65571.30153173253,331,6176770,3740927,248199,330807,1061970,1463405,757587,791713,1107789,134589,1293113,1020413,727200,0,980912,0,0,0
179,000633,2017-12-12,0.006696428571428381,0.010044642857142794,0.2776144241144376,9889.0,121160.23752902127,1042,19685581,15568067,1429807,1159951,4207884,3309082,2142756,3384830,2837300,3633998,1515650,497424,0,634200,420420,1324418,7131764,1624164
180,000635,2017-12-12,-0.016238159675236785,-0.009472259810554773,0.35845298630504313,7360.0,37593.67017087378,1700,19894121,11649315,1912492,1193493,9510638,4333879,4468458,2430368,1846118,1544240,200591,1796005,351330,351330,0,0,1604494,0
181,000636,2017-12-12,0.00164473684210531,0.004111842105263275,0.1526608127793605,93478.0,362718.0643041012,6360,599085239,646980511,1813879,1665410,17949967,18197082,51628878,36533919,89908483,81675828,79157912,74965799,65719652,63457654,41963561,51878508,250942907,318606311
182,000637,2017-12-12,-0.008620689655172376,-0.0034482758620688614,0.18340499338894783,3485.0,44541.277019657966,1000,9147282,8798197,849690,1091932,2012311,2100834,3243668,2183324,1925980,1142474,699637,699637,0,0,415996,415996,0,1164000
183,000639,2017-12-12,0.012664640324214771,0.0035460992907800915,0.4627877362853303,13929.0,70158.20591381166,1819,36623902,23444180,2923925,1315071,11554792,4969974,7830600,3749697,9239545,5161457,2198116,2547935,1524927,1948049,0,0,1351997,3751997
184,000650,2017-12-12,-0.00941619585687381,-0.005649717514124131,0.10786150675861185,1060.0,25216.294245839334,2425,10052157,11554183,450989,3216346,2632244,4212981,1569376,2103666,4328292,1224966,1071256,796224,0,0,0,0,0,0
185,000651,2017-12-12,-0.013302752293577913,-0.0027522935779817903,0.5359380099556647,230788.0,1178759.6076330845,6620,1698790282,1690234441,545040,387898,11563036,10886745,27900436,33667580,83689017,90152857,96631166,96784460,96847251,87722532,86685898,79021177,1294928438,1291611192
186,000652,2017-12-12,-0.021881838074398363,-0.008752735229759279,0.136806616309032,4994.0,35956.75650934788,1116,12371461,8812882,1174928,1058961,4760083,2620034,2744387,3135884,2847601,698607,424036,878970,0,0,420426,420426,0,0
187,000655,2017-12-12,-0.014435695538057791,-0.009186351706036766,0.19964274337919727,9854.0,46844.626689588375,1457,22434646,15562473,1921431,1364158,6210395,4403554,5953226,3097552,4900178,2824933,2135871,2063547,1313545,1808729,0,0,0,0
188,000656,2017-12-12,0.002192982456140413,0.006578947368421018,0.0924728669964549,4590.0,107798.10313200629,2435,44825736,32794972,3537716,1044463,8259518,5872097,3942588,5371102,5662809,5079401,6433559,3990662,4751399,3246419,2302979,2682370,9935168,5508458
189,000657,2017-12-12,0.025683512841756517,0.029826014913007404,0.22402087273293292,12510.0,66853.60887785413,2909,54302611,46153103,2499815,1932922,12103205,11400503,10986129,9070735,13048577,12894591,6030037,4644662,3889309,1995407,2129015,2143565,3616524,2070718
190,000659,2017-12-12,-0.007109004739336289,-0.011848341232227444,0.11632011633110949,12570.0,77337.21581038863,1317,38445162,20138023,1088356,904074,6685748,4232669,4820833,2787427,15151657,2464255,4023701,5571387,1988387,2124295,2559870,822056,2126610,1231860
191,000661,2017-12-12,0.02106126914660833,0.01739606126914639,3.0687964152935154,37196.0,206789.41551838003,3552,159897840,188174744,81727,82054,15826126,22669306,20616526,22483774,32604235,26171909,19439577,28575890,11318236,12918311,5357065,8715399,54654348,66558101
192,000662,2017-12-12,-0.002582311168495832,-0.0012911555842478606,0.4864110843024461,6240.0,33697.82904113811,1014,10010725,7599035,886036,1129652,3862170,3289270,1739219,1322501,1880300,1857612,1041600,0,601400,0,0,0,0,0
193,000663,2017-12-12,-0.0005599104143335643,-0.013997760358342659,0.4942320044713237,17640.0,63593.88944894224,1306,22789287,22221991,1366471,856824,7393740,5282613,6212986,4983748,3444565,5508442,2093839,2618242,1343126,1033830,0,0,934560,1938292
194,000665,2017-12-12,-0.011811023622047334,-0.008858267716535417,0.34176819988163903,6042.0,94397.91560116048,883,16840661,9512456,821977,747290,2977786,2179033,1253821,1443977,4113717,2374230,1005646,1927254,665940,0,845040,0,5156734,840672
195,000666,2017-12-12,-0.0078125,-0.0009765625,0.4647935895313261,8152.0,50493.82879436793,1942,24124330,23901370,2187946,1602512,7980348,6331727,4013353,8984736,6239344,3414598,2608507,1073251,620160,0,474672,474672,0,2019874
196,000667,2017-12-12,-0.012987012987012991,-0.009740259740259827,0.08137066542774493,3070.0,57713.53176189077,1436,17328656,9201914,1727642,948895,4162945,2515153,3378985,1372060,2638433,1441433,883728,1350998,345375,1573375,0,0,4191548,0
197,000668,2017-12-12,-0.012104909213180859,-0.01143241425689312,0.8922334198176695,7410.0,26393.981907920777,277,2177549,1994531,287080,327500,771227,716569,448316,688256,670926,262206,0,0,0,0,0,0,0,0
198,000669,2017-12-12,-0.00727802037845704,-0.0065502183406113135,0.4113377439142451,13650.0,69324.50486979341,1115,23257342,12760153,883509,1352291,5104563,4665561,3859967,2316035,4634807,3158944,948653,502685,2509974,331298,433339,433339,4882530,0
199,000670,2017-12-12,0.013605442176870763,0.00952380952380949,0.09244704825395246,66839.0,244499.5958612045,6344,416569435,451720372,2146222,2392413,26987660,22808315,41378478,42707053,78021100,82057991,71754734,70805300,50456858,43767634,27706788,24691430,118117595,162490236
200,000671,2017-12-12,0.007299270072992803,0.018978102189781243,0.10296661045205281,25198.5,271930.07316366344,4436,213661976,219068926,3105828,2288581,22295439,15529047,20799320,21727726,33462762,24810078,23340267,24416586,20158139,12432019,17553697,14319777,72946524,103545112
201,000672,2017-12-12,0.008181818181818068,0.010000000000000009,0.1386803971136764,57928.0,237335.1223431518,6304,386210460,405378861,1728292,2141415,24173771,27974359,41241709,48668398,70349339,81314563,50369917,52374106,29715721,43061126,29227223,29373734,139404488,120471160
202,000676,2017-12-12,-0.021240441801189447,-0.021240441801189447,0.2652938040915628,10503.0,43332.92340854165,1969,27899567,17833871,1659248,1409570,11479003,8634828,6349030,3537769,5486641,2581761,669303,610643,771892,0,835850,0,648600,1059300
203,000677,2017-12-12,0.007009345794392274,0.014018691588784993,0.11451935618796061,7998.0,48473.7896405572,1398,12314056,18221529,1428152,1282742,5938872,4928694,2293067,3950141,1628256,3530601,291842,740642,733867,733867,0,1748102,0,1306740
204,000679,2017-12-12,-0.0055172413793103114,-0.0055172413793103114,0.3021519711770889,7240.0,39649.319628986224,575,7682002,4831236,654670,534995,2396409,1650543,1643706,1574890,1743209,768709,873109,0,370899,302099,0,0,0,0
205,000680,2017-12-12,0.004132231404958775,0.006198347107438051,0.08703549403343512,12275.0,123605.18441339444,3100,71262277,83841465,2395458,3553548,10654239,14183343,7898697,11483737,13197216,16635072,8183685,14353098,6701245,5521841,5290267,1844637,16941470,16266189
206,000681,2017-12-12,0.009448035803083066,0.015912481352560848,0.31766034605665144,14266.0,71408.14276099423,4024,50042407,71981664,1512229,3345443,11794547,32120977,7229493,8871137,6954453,11947363,6605752,6767295,3569294,3070086,2916877,2211963,9459762,3647400
207,000682,2017-12-12,-0.028513238289205822,-0.024439918533604943,0.12960926594423555,4870.0,51886.32101716854,1437,22613208,7589771,2117069,1216488,6401898,2980190,4122004,745974,3977080,1595254,1674590,726314,1739851,325551,0,0,2580716,0
208,000683,2017-12-12,-0.016666666666666607,-0.00666666666666671,0.05808107453228709,9269.0,85439.23591529921,2682,51733725,32616813,2410777,2313100,12001967,9453381,8023513,6109113,7817927,3070579,6049964,1741178,5585113,3579848,1751324,0,8093140,6349614
209,000685,2017-12-12,-0.004873294346978474,-0.0029239766081871066,0.30487477942958874,10240.0,86677.71470443359,1132,17433612,26155580,513992,1176373,5615107,2308184,2223187,2467416,2753834,5947707,2639246,5826706,2110214,4184510,479232,479232,1098800,3765452
210,000686,2017-12-12,-0.010810810810810811,-0.006486486486486531,0.16521743639843586,2760.0,98546.14094836326,3136,57107699,29171761,3299348,1907777,9853932,6946836,6014630,4189474,9834231,5526522,5220643,1745434,3163663,1754424,5083617,2785077,14637635,4316217
211,000687,2017-12-12,-0.01594331266607618,-0.011514614703277193,0.2348630869622859,13452.0,73381.02340727099,2311,58114673,30605027,1857386,1478650,13404889,8330766,10958568,7404153,9141910,5793392,9048313,5883511,6280205,734559,1400344,432666,6023058,547330
212,000690,2017-12-12,-0.01920614596670933,-0.011523687580025643,0.2217567993178664,7800.0,134464.79945601197,1240,41283613,20115615,966913,1484852,4263605,3014090,5503495,3843308,8420643,3294435,3288381,2406348,1863036,939780,1308142,3152946,15669398,1979856
213,000691,2017-12-12,0.0014184397163119478,0.0,0.26633624405619144,7744.0,148602.49147168203,700,6074266,18571417,713258,708717,2239842,2605121,1795872,2183994,1018799,1210549,0,1661461,306495,306495,0,0,0,9895080
214,000692,2017-12-12,-0.020202020202020332,-0.014141414141414232,0.18472984231205714,4860.0,43250.95866676097,718,7700927,4212382,809177,605950,2710901,1224164,1407898,773767,804617,1608501,491000,0,793158,0,0,0,684176,0
215,000697,2017-12-12,-0.0067698259187620735,-0.0033849129593810368,0.4334370763563739,20570.0,80319.50622327055,2277,56264502,43051480,1414759,1500011,11821628,10798007,10062425,8964447,12068058,7367051,10736111,4489017,3883397,4794386,1812080,2599028,4466044,2539533
216,000698,2017-12-12,0.0,0.003454231433505983,0.1637878997240028,7500.0,56654.69038422474,1250,13325952,19688414,1384709,852018,3761035,7463182,3399591,3779877,2083533,1932285,0,1368016,960862,2677038,0,0,1736222,1615998
217,000700,2017-12-12,-0.0121317157712304,-0.008665511265164572,0.1695415584508411,4608.0,57038.5610500712,1158,15925671,9645721,845296,920589,3650856,2375081,2035270,2113498,3573756,1879541,1988359,1350112,631850,1006900,0,0,3200284,0
218,000701,2017-12-12,-0.02769818529130863,-0.02005730659025795,0.2646006887062498,5180.0,32359.425628904115,1566,13673172,11057234,1253239,1339837,5921258,4872154,2169566,3006966,2119999,1125517,1496350,0,712760,712760,0,0,0,0
219,000702,2017-12-12,-0.016620498614958512,-0.011080332409972304,0.2660120498229214,9996.0,58994.385241720345,736,11589018,6493368,871745,551680,3624818,2454778,2277636,996754,2311389,798236,893760,432600,350350,0,436926,436926,822394,822394
220,000703,2017-12-12,-0.01658090337335616,-0.008004574042309698,0.2512831288790407,34680.0,185130.06092657114,4852,215976936,239541161,2355780,2646711,21840941,19790782,26891079,31658741,39263669,42146421,29073427,26421333,20346874,18602841,12644763,15658934,63560403,82615398
221,000705,2017-12-12,-0.016355140186915973,-0.012850467289719725,0.23493123388939152,2547.0,21689.134023023533,1327,10751965,3235495,2173376,382329,4351843,1477241,2712831,525146,1005715,850779,508200,0,0,0,0,0,0,0
222,000707,2017-12-12,-0.020905923344947785,-0.015679442508710784,0.2176207788207885,9605.0,43764.821222548024,695,9595643,6486857,557561,661698,2928360,2521528,2127944,1307718,1523705,1248118,1721669,747795,736404,0,0,0,0,0
223,000708,2017-12-12,-0.019442096365173356,-0.012679628064243498,0.3427657739693714,17595.0,60049.66539093548,1191,29671106,18388325,793896,826162,5768650,5358187,3792834,3791669,14643921,6302308,2661749,729819,1340876,711000,0,0,669180,669180
224,000709,2017-12-12,-0.0024875621890546595,0.0,0.05834006754593469,18491.0,331855.2576151983,4775,203908302,226421715,4169093,2443104,26309494,13663125,27335891,15143606,25508070,21772561,16700111,12262860,7217490,9246052,12465163,18377553,84202990,133512854
225,000710,2017-12-12,-0.031111866712002723,-0.024821489289357346,1.0598292670267702,23400.0,90621.02226019792,3081,87887486,78931991,1419902,1845134,16351599,16139556,19397829,14278595,19461979,15800909,10576018,10368682,6948073,7889917,4040968,4808582,9691118,7800616
226,000711,2017-12-12,-0.007874015748031482,-0.025984251968503957,0.2690425496513406,18750.0,153363.67664860134,2230,91994284,42553619,1595556,1325045,10104031,7421404,10471329,6504572,31632015,10908258,7053487,5192029,1990686,2431359,3726841,910329,25420339,7860623
227,000713,2017-12-12,-0.001369863013698569,0.004109589041095818,0.27734615868160234,7330.0,26306.504814103577,692,4769791,6202393,687254,564862,2416554,2074444,979562,2293016,686421,829071,0,441000,0,0,0,0,0,0
228,000715,2017-12-12,-0.020811654526534773,-0.012486992715920797,0.33406224257276124,4770.0,67057.27996468592,827,10385923,8085065,808280,729392,2910207,1370985,2063926,932488,1494760,1646134,255403,785271,337250,0,0,1430498,2516097,1190297
229,000716,2017-12-12,-0.018903591682419618,-0.015122873345935761,0.1361877448144241,4725.0,54377.75023735952,1510,15988584,8648701,1814540,1325941,4359199,3987449,2868782,917606,2173062,568578,209200,269874,0,0,0,856328,4563801,722925
230,000717,2017-12-12,0.023230088495575396,0.014254385964912464,0.007719519358936519,67931.5,393070.5205532993,3242,308048490,294799574,1082129,1075248,11202100,10707928,21043392,20712469,36152359,38392454,27525127,29137134,23735459,26714114,18699439,22044722,168608485,146015505
231,000718,2017-12-12,-0.012875536480686844,-0.006437768240343367,0.10017738230349975,5126.0,61440.09595095908,2169,24715743,20394467,3136501,3789416,5931144,3834291,1788209,2816732,2791917,3797860,2306001,2387071,3043631,3357247,1337850,411850,4380490,0
232,000719,2017-12-12,0.00108108108108107,0.006486486486486642,0.24708092781956206,6496.0,19264.802707105548,1402,5677398,9725667,793325,3097074,3645680,5147779,363910,1347131,133683,133683,0,0,740800,0,0,0,0,0
233,000720,2017-12-12,-0.018223234624145768,-0.011389521640091105,0.15256127180769447,5720.0,60649.543556189885,828,7958200,10595949,760761,1038719,2250400,2922485,1776284,2137898,1965327,1122921,0,487298,333575,333575,0,1681200,871853,871853
234,000721,2017-12-12,-0.02010050251256279,-0.015075376884422065,0.18360494504006358,6523.0,58723.62681759645,1057,14285823,9444941,1192881,1197032,3909129,3068690,2823089,1263842,2433010,1322924,2088908,482272,602112,0,0,0,1236694,2110181
235,000722,2017-12-12,-0.02841530054644803,-0.02732240437158473,0.2503939467903796,10872.0,55934.03159747928,1335,19780139,16150768,1039301,1921755,5668791,7195001,4370315,2830498,2510510,1741898,2684712,1288146,1301870,308830,1340000,0,864640,864640
236,000723,2017-12-12,-0.05751633986928106,-0.05620915032679741,0.13196839476565372,9477.0,278192.7580750811,3367,63007449,84141539,1436849,4238144,11213239,12885951,12845618,11121302,17760943,13749892,7970272,6878392,4423430,2084692,463796,1378556,6893302,31804610
237,000725,2017-12-12,-0.01036269430051806,-0.005181347150259086,0.06973011139568128,376929.0,1882825.5771068588,6926,3191603009,3516955514,92438,39380,3689350,3731472,20162654,22898151,97154940,82483123,97663603,127425159,103591236,121137189,108786819,125198044,2760461969,3034042996
238,000726,2017-12-12,-0.011121408711770031,-0.009267840593141785,0.2500971270224229,6438.0,60531.94509829984,1861,30923117,13702782,4120704,814744,6125031,4261540,3540103,2129688,5140584,3751245,3710422,2330132,3380878,0,415433,415433,4489962,0
239,000727,2017-12-12,-0.016129032258064502,-0.008064516129032251,0.050703306555960614,2470.0,134342.9056168671,2410,46634820,16423534,1921746,1761144,6811426,4401254,3213224,1752162,6824954,1930456,4125248,981470,0,0,2289180,0,21449042,5597048
240,000728,2017-12-12,-0.017529215358931594,-0.006677796327211993,0.19792288487408563,8365.0,125647.21923428313,3665,104114982,43660803,3728635,2185845,14770229,10232998,14514948,6335160,17594859,8475955,13116154,7315684,4932523,2171569,7073055,2763493,28384579,4180099
241,000729,2017-12-12,-0.003424657534246478,0.0,0.13160988250870256,4094.0,59738.87924819258,1970,22436010,18015100,3145326,2034593,4997609,3049894,3106563,2011423,3353125,1731077,2689943,5861169,1341990,0,1271664,3326944,2529790,0
242,000731,2017-12-12,-0.0178117048346057,-0.011450381679389388,0.1888928522290646,13175.0,96389.39115958793,1732,33471448,35491484,1709720,1048463,7549032,6916577,5429522,8331816,5371349,5734516,4951715,3187294,3404336,3899172,0,811152,5055774,5562494
243,000732,2017-12-12,-0.003603603603603567,-0.003603603603603567,0.3919979343852315,4971.0,69666.90033088194,1804,21652499,30470030,1830928,2083075,5427024,3224479,3451957,2623685,3934743,12339631,3025908,6580598,1287288,1312144,0,0,2694651,2306418
244,000733,2017-12-12,-0.01333333333333342,-0.0069841269841269815,0.2611687542377182,26809.0,106408.95337353693,3639,127281463,89389946,2361635,2147982,21980687,16012610,26571535,18189199,23388232,18163011,13323834,12639692,13356428,6705510,7593820,3977182,18705292,11554760
245,000735,2017-12-12,0.00657894736842124,0.0052631578947368585,0.12110741746613636,19325.0,207156.83759567427,3946,137242595,143661514,3641528,2660195,19942470,16877017,20115395,17647788,18386863,19401333,14382083,12093711,9871018,9865496,7365785,4349922,43537453,60766052
246,000736,2017-12-12,0.005228758169934622,0.006535947712418277,0.48538682591583515,12384.0,45316.20278602562,993,12289486,11631660,1169421,962319,5186288,4388475,2784099,2873158,1582850,2105388,0,0,0,0,412020,1302320,1154808,0
247,000737,2017-12-12,-0.015655577299412915,-0.009784735812133238,0.18210078208562477,7605.0,41877.17199871096,787,11660432,5897952,793578,447697,3568396,2231849,3224025,1127116,2436140,957997,441125,747325,385968,385968,811200,0,0,0
248,000738,2017-12-12,-0.019441069258809285,-0.012150668286755706,0.35203580855434013,6552.0,71343.48680519135,2186,37837898,22383029,2028475,2534870,8525904,5740888,6730337,3797867,7323695,4946729,1843977,1828149,653600,1341726,2693606,979200,8038304,1213600
249,000739,2017-12-12,-0.023547880690737877,-0.009419152276295195,0.2697322859081954,7644.0,82543.96849601455,557,11822456,6007712,548173,451704,2214692,1409670,1550836,1232154,2067699,1640834,0,0,1624718,632000,0,0,3816338,641350
250,000750,2017-12-12,-0.011538461538461608,-0.007692307692307665,0.08800109856926447,2068.0,87919.29743422431,3498,45223392,21950410,4258238,1546261,9312605,3630443,4958621,2013525,6246554,2402034,3719599,3022249,2257684,1108982,2113107,0,12356984,8226916
251,000751,2017-12-12,-0.016000000000000014,-0.014000000000000012,0.0947982943355604,5952.0,68637.99104757766,2787,46330426,29741436,2202063,3209020,10008581,8189762,8495450,6227888,7962097,4550856,3083704,4408994,6856760,1732358,493493,0,7228278,1422558
252,000752,2017-12-12,-0.009223674096848544,-0.008455034588777832,0.5119611177096476,6470.0,56521.53528084354,645,8204418,6320787,444781,1077022,1702493,1787298,1014818,977228,2966227,1140267,982449,245322,392082,392082,0,0,701568,701568
253,000753,2017-12-12,0.010230179028132946,-0.01534526854219953,0.15915155818806848,7700.0,53157.430568217715,603,11464605,3565837,739745,566834,2879547,1284968,1583666,482724,2424769,567223,2674670,269880,1162208,394208,0,0,0,0
254,000756,2017-12-12,-0.015593220338983027,-0.013559322033898202,0.2630489038421058,7365.0,42871.35357803164,3146,38577334,21596229,4106174,3007012,16211009,7682380,5477071,4450144,5220232,2378341,2070400,971248,2417974,1052704,3074474,876000,0,1178400
255,000758,2017-12-12,-0.010852713178294615,-0.0046511627906976605,0.1322500804187776,4494.0,59590.97826672306,2381,31478344,24541517,2319131,1943860,6521943,5525844,4906646,4339643,7263336,6894913,2418120,1633436,4400520,990220,893554,887244,2755094,2326357
256,000760,2017-12-12,-0.01571428571428579,-0.010000000000000009,0.2466436606282682,6940.0,51425.31327972431,805,13584118,7070591,684862,867093,2747351,2562011,3260010,1219946,3352687,1042801,1423780,594064,1681272,350520,434156,434156,0,0
257,000761,2017-12-12,-0.022181146025878062,-0.01663585951940849,0.09365676902029892,10700.0,105470.31771636292,3346,92818738,55039857,2615720,3018466,12113009,7667490,22386382,10751507,21070079,11226356,9041346,7016512,5892590,4946270,3571199,1930949,16128413,8482307
258,000762,2017-12-12,0.01298701298701288,0.01948051948051943,0.21436151784325927,36064.0,166849.2709215772,5167,216920220,236141505,2810514,2707795,23267742,25182192,30429520,35133866,47300427,40394891,29200580,29628618,20807271,23830238,14714410,18395255,48389756,60868650
259,000767,2017-12-12,-0.01342281879194629,-0.01342281879194629,0.09808692504216186,891.0,37145.197332649564,924,6663232,3150396,839961,573608,2135077,699748,1016908,562892,1075082,178794,771384,295590,0,0,824820,839764,0,0
260,000768,2017-12-12,-0.013714285714285679,-0.005714285714285783,0.2847609098034214,15750.0,98410.20426614519,3779,93780557,78306331,2974991,3257792,16093138,17633564,15042909,13043160,17797558,15590976,12198808,8592698,9536552,3983433,8369979,895579,11766622,15309129
261,000776,2017-12-12,-0.015900056785917105,-0.007950028392958552,0.23562064238025177,35060.0,233278.94689694644,5588,321412633,152311659,3611832,1537943,52722412,18692389,43932152,24068574,41143090,31354958,26842485,10550912,23534880,9089732,15128928,4959164,114496854,52057987
262,000777,2017-12-12,-0.007246376811594124,-0.0013175230566534468,0.3790932378501043,15160.0,78277.09851360653,1603,30457462,30167560,1625716,1447382,7825348,5313739,5559370,4899991,8580958,8734556,1476742,2199906,1330476,333104,1219594,2301158,2839258,4937724
263,000778,2017-12-12,-0.00917431192660545,-0.003669724770642313,0.09585512653638177,7658.0,166964.76445649634,3239,84529607,71674958,2810207,2042835,11788418,9822078,9840457,9142896,14438820,12772826,7774352,6467027,4924154,7609238,5805378,1866911,27147821,21951147
264,000779,2017-12-12,-0.015172413793103523,-0.011034482758620734,0.5538415305300314,8676.0,45372.41596212973,685,7944512,5518512,578905,672606,2982258,2109834,1590382,1019541,1601505,525069,247095,247095,378840,378840,0,0,565527,565527
265,000780,2017-12-12,-0.012195121951219412,-0.0060975609756097615,0.1346887546729477,1461.0,25385.701860040557,1334,8662500,3478770,1768942,363177,2770912,856284,1627150,863765,2050928,950976,444568,444568,0,0,0,0,0,0
266,000782,2017-12-12,-0.0023866348448688957,-0.0023866348448688957,0.3574130297594442,8360.0,75093.734952166,549,10622094,7377027,521753,574405,2342080,1763586,1248658,1294135,1261431,1300756,2021194,1271447,1396378,649378,0,0,1830600,523320
267,000783,2017-12-12,-0.008027522935779796,-0.0034403669724771824,0.1448282598016846,10452.0,190004.75442559863,3629,120126513,84913756,2174750,3032484,8587775,20717276,12174452,6073132,23007888,7048730,16438791,5663823,8843837,1760199,4692770,4423370,44206250,36194742
268,000785,2017-12-12,-0.014749262536873142,-0.009832841691248762,0.43059693967796675,11066.0,331075.58970996086,557,13306862,18586178,444982,487014,2638754,2693424,1203937,967276,1548261,392590,437742,494000,982672,984874,0,0,6050514,12567000
269,000786,2017-12-12,-0.04113924050632911,-0.025316455696202667,0.2835952210687683,38646.0,199805.66726834764,6091,339581000,237205143,3947934,2277358,28272147,26148143,42891247,30187396,61709070,41752197,56692636,36041391,38275491,24265719,17560934,16176642,90231541,60356297
270,000788,2017-12-12,-0.014541387024608388,-0.010067114093959662,0.3251859612436229,8870.0,39372.83535002475,755,9567006,7069376,645289,1204432,2973407,2924154,2061775,1663520,2072241,735924,1814294,541346,0,0,0,0,0,0
271,000789,2017-12-12,-0.01025641025641022,-0.005128205128204999,0.15882933424863327,41904.0,267108.7136255633,5437,313160202,285254565,2768842,1982581,27062213,19443519,31337330,27961182,52781584,53924927,37140999,35125495,37192949,25200255,28581064,24173418,96295221,97443188
272,000791,2017-12-12,-0.01526717557251911,-0.007633587786259555,0.15809853543680152,11730.0,47452.08492998081,2473,38758461,27236722,2475638,2468455,12611831,10815926,10380475,5301084,7746733,4268379,1537616,1461940,1428046,2496552,424386,424386,2153736,0
273,000792,2017-12-12,0.017490494296577896,0.03574144486691999,0.16771299568705283,86784.0,502189.1774441313,6163,663349957,764947148,1424483,1735074,20959347,21083699,35513122,37112454,74038610,75678717,66398934,65391623,40815649,41965726,39899593,51914144,384300219,470065711
274,000793,2017-12-12,0.0646766169154227,0.07661691542288551,0.17685090722988042,43480.0,2268601.7875228836,3259,1162857955,586799738,1004650,2003238,10637377,10722534,11306251,12475884,22307990,24509178,18463053,25050105,17069733,14024523,24452745,17016653,1057616156,480997623
275,000795,2017-12-12,-0.01461038961038963,-0.009740259740259827,0.10920232490529856,12260.0,80229.1989208002,3186,61949147,46915811,3120973,3097283,14157978,13937441,10194571,8658772,11966950,8011712,6335794,3446892,3017010,1042450,2630777,1711877,10525094,7009384
276,000796,2017-12-12,-0.011111111111111183,0.002962962962962834,0.23275147009571237,6765.0,42307.85070505026,3371,33358001,32724320,1830321,5486157,11588713,12090812,6910698,5515424,5825877,5861860,1915641,1608913,2480177,1701500,1441574,459654,1365000,0
277,000797,2017-12-12,0.019261637239165186,0.024879614767255198,0.23064035746172787,25800.0,119119.5137744172,2923,92128448,103149910,2030161,1245144,15860957,11629210,17925990,11765252,20138645,21536207,13381109,15252384,7773411,11536866,4017537,7444101,11000638,22740746
278,000798,2017-12-12,-0.0138728323699423,0.003468208092485492,0.23139034277794696,8640.0,29838.888146470148,1399,11478994,14917148,1735984,894858,4579756,8637714,3199322,3116065,1449732,1110303,514200,447178,0,711030,0,0,0,0
279,000799,2017-12-12,-0.010499637943519269,-0.008327299058653148,0.4027416184767005,21960.0,118963.22477791476,4704,158712359,111784261,4671014,2663674,26954471,20009020,25473802,18530789,34581249,25343910,12734712,14097816,15254052,7613041,8327691,4426775,30715368,19099236
280,000800,2017-12-12,-0.016697588126159513,-0.008348794063079756,0.20935944239001103,17072.0,99098.22098843122,2652,72090561,57264548,2417510,1353908,14108145,10876632,12481782,7917311,14850446,10967862,9111572,7948168,7131349,6557631,3211821,4094647,8777936,7548389
281,000801,2017-12-12,-0.02298850574712641,-0.016420361247947435,0.13100717968425926,6110.0,83261.5712080695,2163,39880517,26630895,1911222,3020018,7925862,6162481,4894051,3749611,7612140,3780248,4658253,3997344,2404860,1001620,2841028,921936,7633101,3997637
282,000802,2017-12-12,-0.012583271650629113,-0.0088823094004441,0.27718586457346706,13420.0,59335.47086322304,2376,45972101,32033123,2906659,1543397,11674565,9152840,12701833,6350939,8679668,6712627,4070237,3679385,2484903,1695979,1304876,2356596,2149360,541360
283,000807,2017-12-12,-0.041189931350114395,-0.014874141876430325,0.11762869106419552,41078.0,366106.32395723404,5530,411137011,415212135,2224459,3379774,21972575,27667532,28995685,36989195,44009719,51376758,27999151,35036833,18048411,19978882,26934777,30559709,240952234,210223452
284,000809,2017-12-12,-0.010610079575596787,0.0,0.1701937316385249,7560.0,75588.67880373809,490,7706246,7683332,389374,451119,2400140,1360911,1074077,1786555,501235,2515361,1155728,883694,0,0,0,0,2185692,685692
285,000810,2017-12-12,-0.009489916963226541,-0.014234875444839812,0.20708078858526138,3360.0,36056.36696434524,1657,18597035,9801300,2103365,1050990,6542201,3212370,4761533,3559154,1638012,1407952,1891586,570834,0,0,1660338,0,0,0
286,000811,2017-12-12,-0.0060975609756096505,-0.0024390243902439046,0.27352497169241163,16360.0,74637.62443575289,898,16262907,19147868,849152,1097287,5550669,4787346,3743989,3642740,2189159,3562203,1239837,1097751,1044225,315315,0,2463000,1645876,2182226
287,000813,2017-12-12,-0.007856341189674598,0.007856341189674598,0.18904381323292452,9839.5,66323.2020037635,2224,52328330,25855448,3022174,1997815,9253806,5758030,13000742,5489235,14892455,5247155,4382591,4886905,1765654,1063380,3541980,0,2468928,1412928
288,000815,2017-12-12,0.0011990407673860837,0.0053956834532373765,0.45196228608735467,10050.0,55587.31661157316,1362,22112068,16714640,1279010,1276361,5172033,4375611,4916300,4107013,4969904,3837002,2575054,1898632,3199767,713622,0,0,0,506399
289,000816,2017-12-12,-0.011627906976744207,-0.0029069767441859407,0.06120918030057023,7958.0,108750.1377942955,3174,50428390,63522358,1686480,3348870,9170050,13415992,7928090,10865655,9833322,9358279,2168819,9991785,5389781,3078961,3621538,401592,10630310,13061224
290,000818,2017-12-12,-0.005054759898904693,-0.009267059814658807,0.250194026622851,12936.0,100597.14334815631,2251,53657966,43008370,1434901,2220185,10046352,9727256,7718698,7207320,13221033,8324522,6084653,4860995,5416049,3189374,1258489,1380705,8477791,6098013
291,000819,2017-12-12,-0.02134387351778655,-0.014229249011857736,0.4077230734563561,10136.0,55473.81952458253,962,14034561,10987591,783060,1140242,4255370,3587714,2727911,2031175,3526610,1486850,529106,529106,704512,704512,956100,956100,551892,551892
292,000821,2017-12-12,-0.02258566978193144,-0.02102803738317749,0.3332730234365678,11430.0,40288.109152298806,1484,20008675,13800855,1321428,1404632,7224502,5305925,5889773,3282811,3132397,2961567,1795935,201280,0,0,0,0,644640,644640
293,000822,2017-12-12,-0.03007518796992492,-0.02148227712137496,0.14383246889516826,18330.0,116361.73659838989,4196,145099723,94064710,1643136,4437439,14170864,18945646,15686974,14684318,45501880,18677334,33558396,7877876,15435261,7368247,4111497,4455925,14991715,17617925
294,000823,2017-12-12,-0.012499999999999956,-0.008750000000000036,0.2569564729562865,31600.0,170327.3410847792,3885,166140579,98027752,2600654,2892845,18911902,12863343,44737213,15300938,25976180,18701745,15121416,8725161,9322647,6821088,8110642,7271759,41359925,25450873
295,000825,2017-12-12,-0.010060362173038184,-0.002012072434607548,0.07793940927827639,7500.0,115541.6971589289,4080,86911652,80681159,2849518,3564122,14863374,13876871,10232489,10379912,13187396,16877056,11790243,11618338,6093284,6099538,4819180,5913382,23076168,12351940
296,000826,2017-12-12,-0.006632064590541997,-0.0046136101499422155,0.7936480355013205,17355.0,151910.07769750402,1909,51788173,48354604,1748100,1110636,10858011,6822429,7766447,9364357,11600766,9902033,7848122,4197927,3415975,2853254,854850,993850,7695902,13110118
297,000828,2017-12-12,0.005150214592274827,0.010300429184549209,0.23873773369046092,15353.0,105593.8487344494,2383,50572427,58493186,1571487,1696072,10884863,10125273,10078790,10709756,10949941,13218469,4211600,7114738,3844919,2179509,1338444,1392866,7692383,12056503
298,000829,2017-12-12,-0.008620689655172376,-0.004310344827586077,0.25445859718438424,6461.0,42129.936215222515,1330,15097948,12145094,1420428,1716801,4950123,3735318,3164264,2287658,2181568,2513394,2336049,846407,644620,644620,400896,400896,0,0
299,000830,2017-12-12,0.014276846679081245,0.015518311607697122,0.19652102699994534,115644.0,411913.07889685815,6728,809794349,846516219,1515563,1619512,19061934,21542453,37690220,38825640,89808651,94177433,87892166,97397093,67437051,69211244,59425661,63614475,446963103,460128369
300,000831,2017-12-12,-0.01021276595744669,-0.0034042553191488967,0.2108516960945037,15301.0,115595.45221276241,3107,67304157,72021452,2097794,2144864,15322433,14595047,11613168,12405124,13081045,18307934,6375487,7514753,3382184,4861364,2635862,1907570,12796184,10284796
301,000833,2017-12-12,-0.010385756676557945,-0.010385756676557945,0.25105308718451674,10065.0,45777.805106486885,720,10607139,6256946,754033,438229,4174588,2322227,1960992,1598194,1652352,658934,760354,298150,337340,941212,967480,0,0,0
302,000835,2017-12-12,-0.0071258907363420665,-0.0035629453681709222,0.26028261507560857,10991.5,96517.26149364031,1046,18793914,19619155,1189181,988866,4962553,3826533,3072669,2403549,6289409,3550013,1178602,1249394,0,0,2101500,0,0,7600800
303,000836,2017-12-12,-0.006772009029345272,-0.03160270880361171,0.08855287448630218,10005.0,95539.46640368616,2508,65867562,30529902,2468407,2438862,13324200,6721393,11785449,3971173,12633041,6674721,7143766,2628542,3597337,1474271,2646033,2653293,12269329,3967647
304,000837,2017-12-12,-0.021035598705501646,-0.016181229773462702,0.20347284802013135,10710.0,34353.73206611966,922,13645400,6566867,785965,707856,5366058,2703206,3601369,1443327,2682429,1191295,1209579,521183,0,0,0,0,0,0
305,000838,2017-12-12,-0.0016286644951140072,0.004885993485342022,0.11666289627759555,12747.0,78403.3537218343,2773,57733295,53427389,2948346,1997078,13291786,10312692,9606512,9384832,11560712,12916753,5714330,9150311,5399046,5184778,3718613,1441427,5493950,3039518
306,000839,2017-12-12,-0.023655913978494647,-0.016129032258064502,0.11872627201322558,60710.0,292389.0279563822,6145,491913447,452979077,2205180,2119230,27056939,22517300,38224920,34292380,80348104,71458280,60627510,60090004,50385839,41065866,32640902,31874311,200424053,189561706
307,000848,2017-12-12,0.0,0.012401352874859217,0.008153204628020012,7155.0,91778.86036358673,1426,25815435,20869080,1071241,1653148,3662825,5058632,3205279,2542712,5789907,2940065,4048899,3661178,2104541,374898,962133,1877006,4970610,2761441
308,000850,2017-12-12,-0.015118790496760348,-0.01295896328293733,0.21092845073503186,6885.0,53069.58274389164,481,5986979,5050439,565914,475166,2422460,1762838,1086443,592387,462781,796535,482868,457000,0,0,417661,417661,548852,548852
309,000851,2017-12-12,-0.0216450216450218,-0.01406926406926412,0.2367014732290147,13650.0,98575.72543487583,1524,34694262,24929477,1386505,1507388,6878656,7588410,5853065,4660730,6350040,4049375,3070433,1637277,1001189,363489,2237700,1387134,7916674,3735674
310,000852,2017-12-12,-0.026717557251908497,-0.018129770992366567,0.20612391139637018,12468.0,99570.92936511661,2586,58049562,33283409,2124357,1933160,14937543,10624870,10980241,4295557,9590252,5470941,5437563,3980395,4149686,1978560,832616,0,9997304,4999926
311,000856,2017-12-12,-0.005913978494623828,0.010752688172043001,0.2852215019763866,30239.0,187758.72747558224,4256,177424263,166936895,2736107,2638887,22087481,21129154,24720639,20718561,35517292,27269446,21196775,16146936,12180870,20838117,8587547,10887393,50397552,47308401
312,000858,2017-12-12,-0.0055355660116247485,-0.0048436202601717104,0.8766148021058943,200956.0,831441.9033112284,6797,1532775012,1373162936,633498,403630,11118424,12813969,36129650,31687690,89666150,82515057,92123280,87162094,98814213,84758527,84390455,79891088,1119899342,993930881
313,000859,2017-12-12,-0.01869158878504673,-0.011682242990654124,0.19896360681828276,8470.0,51084.954258406055,462,8722569,2662227,540792,273672,2846243,1007564,1827030,594014,985073,483665,914725,0,303312,303312,1305394,0,0,0
314,000860,2017-12-12,-0.0058792089791555036,-0.009620523784072632,0.3644378722163744,7464.0,80766.25928208746,2636,41800289,16054309,8788487,2489001,6892787,4657612,4366709,3265990,5947957,1725221,2827755,1939537,995552,0,808976,0,11172066,1976948
315,000861,2017-12-12,-0.019108280254777066,-0.01273885350318471,0.12753141018774272,4680.0,30985.47441664537,606,7323371,3108664,749168,424566,2502211,1490299,2411322,343900,1225270,424115,435400,425784,0,0,0,0,0,0
316,000862,2017-12-12,-0.015779092702169595,-0.009861932938856177,0.20949561892146135,5060.0,40821.672357908225,585,8436842,2183080,484035,521375,3172048,1326612,2200268,184498,1014155,150595,504000,0,0,0,0,0,1062336,0
317,000868,2017-12-12,0.02659574468085113,0.025265957446808596,0.09352017100174072,59904.0,449058.6172766795,6489,446415832,580376877,2281217,2727588,25447409,26843166,39581623,41657581,70725103,83935051,47712647,62851190,35531498,46177056,35671913,43429948,189464422,272755297
318,000869,2017-12-12,-0.006820119352088483,-0.001989201477692548,0.7104345406482194,17750.0,82867.41416651031,2453,56092534,53283597,1283292,1948910,12544215,12905000,9623735,10410043,14278646,12970057,5714997,3841058,7570499,6815610,898311,898311,4178839,3494608
319,000875,2017-12-12,-0.01488833746898266,-0.01488833746898266,0.11673723493606097,1596.0,71886.61081983731,1192,14493460,4852348,1420745,508602,3309070,1065341,1443788,805698,1380152,522000,486780,426922,2327367,731367,995000,0,3130558,792418
320,000876,2017-12-12,-0.009138381201044377,-0.005221932114882533,0.13037028701214423,8415.0,103464.71741154914,3456,73880469,64689748,4055117,4311378,12352720,10763341,12350308,11257144,9256277,7790775,8418924,6024180,9452267,4199386,2594951,3649115,15399905,16694429
321,000877,2017-12-12,-0.008372093023255811,-0.005581395348837281,0.16686623511153775,21400.0,113716.10654665406,4154,111025037,123209443,2735517,2677945,20227436,19720122,18974543,20972192,26491948,24811362,13237762,18143224,6317072,8081256,6107592,5113312,16933167,23690030
322,000878,2017-12-12,-0.013375295043273172,-0.009441384736428082,0.20299873573720456,15204.0,114626.5385119733,3922,102907293,80389288,2800232,2479329,18260144,18885167,15495089,13526371,20251155,16465209,10491103,8237688,9671083,4477091,3091038,2548805,22847449,13769628
323,000880,2017-12-12,-0.011891891891891881,-0.017297297297297343,0.4627351722901274,9190.0,69483.0906608709,399,11771270,1976664,445012,462927,1931710,863900,1767456,299335,3133394,350502,1948500,0,1447198,0,0,0,1098000,0
324,000881,2017-12-12,0.006436041834271933,0.006436041834271933,0.274236781411817,12560.0,55993.74420915016,2055,33028535,27560870,1842326,1793504,9730852,9178211,8375836,5440109,5936664,5690125,1991221,2580309,3301736,1100692,465000,465000,1384900,1312920
325,000882,2017-12-12,-0.016233766233766267,-0.006493506493506551,0.08024207994569621,6120.0,61212.651600438185,1476,25407761,10856094,1966926,753089,7470344,2391745,5041346,1581767,3607752,2159180,1504617,2949813,1056640,1020500,803556,0,3956580,0
326,000883,2017-12-12,-0.004282655246252598,-0.0021413276231262435,0.10323737039485276,2778.0,71964.05618920691,2050,23885065,28325081,1327024,1810774,3346166,3896225,3501856,8133661,3167501,5958665,3995956,2886996,1330062,2867912,4347074,1711020,2869426,1059828
327,000885,2017-12-12,0.04361179361179346,0.033169533169533194,0.22225479395120268,33360.0,119707.21829293645,5371,164360474,196611361,2671169,3437923,26144513,30434612,33637750,36627310,39760250,48675551,20772520,28199604,18743937,14027119,4347800,8012341,18282535,27196901
328,000886,2017-12-12,0.008547008547008517,0.01139601139601143,0.144404126646611,14300.0,94210.53725978297,2365,63077957,51310804,2282839,1591849,13099498,7081735,11159876,7391275,11422153,8719175,9823327,7665290,6263364,6484752,2265721,3337213,6761179,9039515
329,000887,2017-12-12,0.008792497069167737,0.007620164126612039,0.3488103077410823,17160.0,120950.28984978663,2392,63702939,67570955,1799281,2388122,8531945,12207460,8274968,9147014,13722041,13645699,5840188,9750748,6587109,5893457,5202546,2636672,13744861,11901783
330,000888,2017-12-12,-0.0049358341559724295,-0.000987166831194597,0.23411831018054452,13259.0,90054.67419783167,1873,37585537,29934879,1118374,1272625,12843371,7394807,4318108,4589617,6754201,4532615,1522034,1116278,3817298,2275072,1460127,1378461,5752024,7375404
331,000889,2017-12-12,-0.023303632625085613,-0.028101439342015144,0.31372214204212817,21465.0,235753.44693988602,2165,93251000,49048859,1585350,1190471,12380548,10955290,10508157,8564425,13675205,8978756,5966538,4957399,4266085,1429109,9223486,4055306,35645631,8918103
332,000890,2017-12-12,-0.007407407407407418,-0.007407407407407418,0.2359222714227866,4041.0,31777.91707800675,818,8652012,4053345,1042395,582235,2874958,1872682,1678674,894044,1468635,704384,1587350,0,0,0,0,0,0,0
333,000892,2017-12-12,0.017931034482758568,0.012413793103448256,0.1979064311106558,9561.5,47958.8836810682,1342,16727680,16897557,1804101,931810,6885219,4641227,3182372,4260496,2222890,3210258,1233564,3184232,730000,0,0,0,669534,669534
334,000893,2017-12-12,-0.002515723270440362,0.012578616352201255,0.21961390012938145,9528.0,76908.85119775654,1312,14443803,27555997,1396766,1577455,4113327,6043562,2867240,3854675,2014779,4506506,2360284,3953318,665935,1364983,0,1206920,1025472,5048578
335,000895,2017-12-12,0.0003859513701274242,0.0073330760324199495,0.3696186486619465,20848.0,168120.55644372327,4915,210096030,119651120,2789196,1604382,37179804,15850992,28722993,19168266,35837241,18177158,22989785,11656575,14588197,13277177,6250883,6252275,61737931,33664295
336,000897,2017-12-12,-0.014084507042253502,-0.005633802816901401,0.10864951850740515,3530.0,24787.434407438628,1069,8135633,3947095,955208,838345,3571527,1850554,1641786,399486,1458476,858710,508636,0,0,0,0,0,0,0
337,000898,2017-12-12,-0.018547140649149974,-0.0061823802163832875,0.10237114978829702,15456.0,182149.11182372252,4002,154435439,140051234,2928155,3698861,14475912,12750885,22693609,13894922,23975342,16859111,16693809,17407247,13655532,13409132,7730618,14124064,52282462,47907012
338,000899,2017-12-12,-0.01858108108108114,-0.01858108108108114,0.24802196276000066,5830.0,30481.09005463301,569,6152473,2990399,587385,403809,2393261,1021069,2134273,622847,1037554,357674,0,585000,0,0,0,0,0,0
339,000901,2017-12-12,-0.028294573643410814,-0.02170542635658923,0.4448950595826535,25270.0,106597.61823680194,3365,113373273,80432045,2108155,1898545,16733186,15585927,18054254,13329385,21523852,23202529,15777748,11299426,13700442,5098876,7029467,2162197,18446169,7855160
340,000902,2017-12-12,-0.007616974972796564,-0.0010881392818280489,0.22881677574674303,4585.0,37453.23268287696,1614,13008271,13571154,1624532,1195228,3993621,7081605,2112929,1983501,3427449,2135272,272968,272968,632040,0,944732,902580,0,0
341,000905,2017-12-12,0.02298850574712641,-0.011494252873563315,0.32319266450118017,11250.0,52947.290636681064,1224,22504249,14160499,1197489,834339,6396216,4641422,4495251,4187673,5275442,2623561,2344047,1156436,717068,717068,844496,0,1234240,0
342,000906,2017-12-12,-0.01950585175552666,-0.020806241872561748,0.2478870361637225,12216.0,73148.13771260598,962,23700816,9280085,1108484,799253,5063570,3145105,5318971,3046258,4740977,1702653,1079791,222906,2787861,363910,0,0,3601162,0
343,000908,2017-12-12,-0.014516129032258074,-0.011290322580645218,0.23523534910431534,2446.0,48723.697247408505,694,6677057,4817861,638620,449809,1700123,1161090,1344847,317981,2131262,1226120,273491,273491,0,0,0,800656,588714,588714
344,000909,2017-12-12,-0.014022787028922012,-0.011393514460999232,0.4206436379046717,11330.0,39102.57803734137,735,12119970,5384843,672104,476494,4231995,2576475,2607593,979726,2921997,727519,1348545,232265,337736,392364,0,0,0,0
345,000910,2017-12-12,0.008100810081008047,0.012151215121512182,0.3322317105409367,15862.0,91639.4468229796,4485,101723647,80050322,2365512,1083956,36394897,21423942,16497137,11129956,13794234,13009783,8599594,11516002,3921142,4151396,6345838,7599552,13805293,10135735
346,000912,2017-12-12,-0.03886925795053009,-0.03297997644287387,0.13071885578763812,15941.0,74324.87140611859,4225,89640612,74112052,3924250,3345890,22970460,18298835,18709455,14083563,18964163,16346179,10678427,5833084,5095736,3085818,4860014,5229829,4438107,7888854
347,000913,2017-12-12,-0.010835913312693402,-0.011867905056759609,0.7163947085451112,13461.0,159762.31347721457,731,23618556,8037238,895207,779944,3950547,2640021,3252923,1639914,2082342,1081758,904730,452792,304326,304326,894254,0,11334227,1138483
348,000915,2017-12-12,-0.016855753646677574,-0.00972447325769854,0.8454479232025511,12220.0,65232.89364269365,1331,30706020,17240931,1388025,1565671,4894668,4999816,5740949,3018316,6754254,3677102,7731070,2014978,1990862,616400,2206192,1348648,0,0
349,000917,2017-12-12,-0.020902090209020896,-0.012101210121012063,0.1739717105249418,14447.0,98605.55205460629,2731,72657682,50283330,3990081,1753879,13463767,10887822,13534637,9501087,12736116,8282913,7343367,4740317,4543012,3864582,5269832,3622212,11776870,7630518
350,000918,2017-12-12,0.06811594202898541,0.0768115942028984,0.11951369974690566,42656.0,459298.7525001922,3340,286654704,185407235,1476032,1571431,14410938,12339057,21346826,17057633,36311645,35193456,28046867,20424191,22016787,17364127,10204915,12123483,152840694,69333857
351,000919,2017-12-12,-0.012387387387387538,-0.009009009009009028,0.3599077723120704,10710.0,80670.35499713554,608,14662143,7543458,620257,576426,2889872,2331281,2329253,1202306,3049889,1656313,690080,899956,308000,0,3102390,877176,1672402,0
352,000920,2017-12-12,0.0,0.011011011011010874,0.2784736649859474,14084.0,74253.06523109403,1287,24801329,22829059,1424847,977044,5392555,5845644,5380930,4565255,5145705,5565003,3038096,2196537,0,0,2223017,475397,2196179,3204179
353,000921,2017-12-12,-0.0007057163020465218,-0.0056457304163726185,0.2388383279033083,9919.0,81991.75897415064,3524,59748196,53225922,4727506,3251878,14045106,13986967,11946457,10049265,9803763,8035142,3735635,6650579,2299454,2453782,1285484,2644654,11904791,6153655
354,000922,2017-12-12,0.0047562425683709275,0.00356718192627814,0.2262176509011569,9295.0,43907.9617444113,1382,17167642,17043013,1538958,1366231,5184363,6247767,4059074,3821370,5030699,2805567,883884,1296012,0,1035402,470664,470664,0,0
355,000923,2017-12-12,-0.018103448275861966,-0.008189655172413657,0.4542513981083094,13914.0,60651.28345403231,2609,48205509,37264390,2782994,1931530,13521159,12496790,8580706,7519673,10122023,7454474,5110345,4240993,4638407,936447,836077,836077,2613798,1848406
356,000925,2017-12-12,-0.004285714285714337,0.005714285714285783,0.3659035020452552,5676.0,73834.32582696303,1464,19244000,19063403,791169,2730202,3738498,4136481,2295478,3348214,4836275,3907107,1237374,1983340,668547,668547,1473404,1433644,4203255,855868
357,000926,2017-12-12,-0.003303055326176696,-0.005780346820809301,0.2581117768890443,12060.0,90091.20093685685,2201,63903554,29078318,2466113,1258848,10563768,7019772,10704281,4259780,17354312,5920444,8663472,6170048,5136866,735361,2540080,1347054,6474662,2367011
358,000927,2017-12-12,-0.0063559322033897026,-0.0063559322033897026,0.08761353204561663,9510.0,77697.18610819735,2910,54815036,40674056,3039470,2629060,12783844,12039126,11943358,7882635,8399551,6727648,6710683,1667509,3784182,2418816,1775928,834760,6378020,6474502
359,000928,2017-12-12,-0.00967741935483879,-0.001612903225806428,0.18897023388671683,10582.5,142582.9919308084,1076,16660897,18595374,1039632,892195,4523307,3434876,4714989,2953641,4102890,2065375,669848,1056324,728963,728963,881268,0,0,7464000
360,000929,2017-12-12,-0.027071369975389725,-0.025430680885972,0.48357484597243405,7092.0,145811.70820826894,635,5030311,9565125,558877,698984,2175315,1771382,1005819,768550,232800,593960,0,287448,0,0,0,439587,1057500,5005214
361,000931,2017-12-12,-0.011869436201780381,-0.008902077151335397,0.22360299637172892,8046.0,35810.24329651801,908,11214310,7061624,886914,883713,3985123,3176730,3011328,1576112,1453780,908728,1471021,516341,0,0,406144,0,0,0
362,000932,2017-12-12,-0.03431952662721882,-0.022485207100591653,0.11547211153779438,24736.0,231660.4873104487,5365,270662932,220479108,2753537,2517237,32168479,19449761,25251396,28843107,36774914,38003131,27354435,28259072,18707338,12531780,16306361,12476320,111346472,78398700
363,000933,2017-12-12,-0.02088167053364265,-0.0058004640371228655,0.1198403084168309,36015.0,259891.4124996206,5182,315362401,285940785,2490748,3614507,17072459,23908530,23850112,27940505,41568654,46752195,61203670,39208841,28036212,23989210,21512836,22196405,119627710,98330592
364,000936,2017-12-12,-0.019083969465648942,-0.010178117048346036,0.1262803063560877,20358.0,121252.32781296734,3881,119046885,107974602,2866921,3398481,16644437,20112472,16740798,17461469,22116231,22014587,17570395,14093124,10324956,11205784,10201968,6228159,22581179,13460526
365,000937,2017-12-12,-0.017421602787456525,-0.008710801393728151,0.1099805422936333,4560.0,65731.88897403008,2727,37180388,21918503,3190571,1829862,8678329,6012608,4213091,3126772,7516978,3953534,3948976,2502790,2121208,1369534,411558,411558,7099677,2711845
366,000938,2017-12-12,-0.011660935864852728,-0.00732545970997156,0.9397361998393058,53248.0,215980.99867882978,5069,309530047,284030971,2189570,1705235,21350360,21696821,33476644,33433312,57590306,48025967,45080334,35040490,26592217,24784516,23157978,23620703,100092638,95723927
367,000948,2017-12-12,-0.01706161137440776,-0.018957345971564066,0.2768408634842203,9351.0,41337.73044194732,1453,17914761,13403101,1123456,1424804,5405847,5464513,4009503,2754371,3373188,2249779,2009767,849826,1993000,659808,0,0,0,0
368,000949,2017-12-12,-0.018433179723502335,-0.016129032258064613,0.11947957603127576,7276.0,61043.72235891968,1320,21617442,9295541,1859379,973437,6660955,3544352,4736648,1351500,1746669,1513328,1988346,272511,1018850,325280,452595,1315133,3154000,0
369,000951,2017-12-12,-0.019975031210986316,-0.009987515605493158,0.31504729818308347,9654.0,71436.1022455976,2587,45533625,34753958,2051356,3043227,9599108,11966948,7005492,6115924,11150369,5345777,6146689,4610084,4676420,1378260,1790403,2293738,3113788,0
370,000952,2017-12-12,0.015804597701149392,0.011494252873563315,0.38637111800629936,14050.0,79932.84706039491,1298,21859013,25473828,1326145,1034579,5364178,5771581,3366818,4039425,2560709,4810640,4143165,4158697,365070,1053520,2089150,2963350,2643778,1642036
371,000953,2017-12-12,0.012693935119887145,0.01128349788434413,0.1659921284480056,10052.0,55806.61072135258,1825,23653066,22549756,1994032,1669068,7318691,7857656,4903054,4863427,2644632,3704764,3325732,2245590,1496193,786615,0,415860,1970732,1006776
372,000955,2017-12-12,-0.02256699576868837,-0.023977433004231274,0.18569934659538342,13960.0,209994.3029131357,1460,47164583,51665460,980048,1354443,4797102,5775261,5265843,6917247,6444009,8504008,4664105,6578797,3910082,3083822,2306979,1304931,18796415,18146951
373,000957,2017-12-12,-0.02103418054338302,-0.009640666082383786,0.21453974772634074,17040.0,79194.17168305021,2831,68538710,44681478,2179970,1685445,16017263,12997031,14280122,9481354,15296720,9512724,7045984,2383914,4814326,2694623,3603726,1645090,5300599,4281297
374,000958,2017-12-12,-0.013384321223709472,-0.01147227533460815,0.11446675005121722,10360.0,75262.31265695722,2090,38052234,24912317,2317403,1880194,10399212,6090985,7164678,5203719,6183313,3967282,4457947,3910570,2445127,320599,2313209,1389847,2771345,2149121
375,000959,2017-12-12,-0.006472491909385147,-0.004854368932038722,0.1057533799380212,1238.0,33109.36275403869,3424,17735954,12693712,3145518,3072958,4862913,3857265,3180656,2879205,1321896,1976358,654980,907926,1415322,0,0,0,3154669,0
376,000960,2017-12-12,-0.012116316639741553,-0.0040387722132472215,0.21848750463829492,19824.0,149515.63896316531,3212,118253136,83861787,2496049,2005498,15150412,11359836,24363573,12420503,22939943,12070088,17277381,8602041,9141207,10659996,5401750,5555084,21482821,21188741
377,000961,2017-12-12,-0.006611570247933907,-0.0016528925619834212,0.14305099145143524,6040.0,103828.19502451221,1790,24457011,29270122,1304543,2898267,5097229,4072329,2566873,4072069,3378116,3738621,2148953,3010501,3612229,1376835,1366936,988570,4982132,9112930
378,000962,2017-12-12,-0.004773269689737569,-0.0023866348448688957,0.2235508596306562,8430.0,64660.45445920814,1405,16858887,14746487,1319552,1846713,6149318,6067807,2861139,2277597,3556311,2159099,1055745,478449,0,0,492312,492312,1424510,1424510
379,000963,2017-12-12,-0.008350305498981747,-0.009164969450101923,0.6899920650890782,39560.5,261496.1843325745,5074,336973588,323554362,3795682,3002837,19578112,21571257,25084863,24966934,52958414,38970338,37314619,32145296,29511220,30463379,22135710,24564046,146594968,147870275
380,000965,2017-12-12,-0.005357142857142727,-0.0017857142857142794,0.1815502869121958,10678.0,46640.24691013105,951,12586815,11051545,696730,997977,3930034,4034837,2257926,2095932,3073250,1988044,1293350,857330,1335525,1077425,0,0,0,0
381,000966,2017-12-12,-0.01253132832080206,-0.007518796992481258,0.17304227952177098,3970.0,56234.77237305703,531,7105458,3300265,636301,428049,2004508,1067771,786060,681496,1247395,424507,705276,698442,300318,0,0,0,1425600,0
382,000967,2017-12-12,-0.01207464324917662,-0.006586169045005308,0.23938592235225944,9020.0,97255.10034563833,1448,31432481,15701368,2450284,1510433,4966167,4240069,3998605,3772858,4920547,4437216,541294,643178,3179374,1097614,991800,0,10384410,0
383,000968,2017-12-12,-0.01764705882352946,-0.01176470588235301,0.3159429336696864,24192.0,97372.25902735369,2347,80991512,40876387,1585248,1372314,16148794,8144526,19720247,7206433,16900083,9823448,7417607,3596433,3951117,1340841,5054389,2256201,10214027,7136191
384,000969,2017-12-12,-0.0039447731755425375,0.004930966469427922,0.18055123091704292,20560.0,152284.27545770313,3160,99373340,91066038,1990982,1572216,13986696,14500243,14814454,16707951,22589103,17959774,12604386,11367493,5902962,7635844,3647326,7286735,23837431,14035782
385,000970,2017-12-12,0.005083514887436413,0.01089324618736387,0.20014346970163044,30668.0,202966.53479693973,4736,202469887,235912336,2466561,2673639,21336432,25243351,23751833,27668168,38187635,42149711,22180611,22358195,23034893,24614479,17676865,15351487,53835057,75853306
386,000972,2017-12-12,-0.002375296912113911,-0.004750593824227933,0.16570956773128714,6315.0,61322.7224101703,645,7384301,8575408,543444,612785,2826541,1909923,1104780,1081288,1038333,853415,453946,1269000,0,600660,862920,1694000,554337,554337
387,000973,2017-12-12,-0.0031347962382444194,0.0031347962382446415,0.13617533410333144,12820.0,96257.40977449743,2197,37600079,49662694,2241493,1760691,8334404,10048695,8032349,10827757,5479409,10297744,4290007,4380882,3161815,4610789,2340756,1275730,3719846,6460406
388,000976,2017-12-12,0.026252983293555854,0.0011933174224343368,0.2288291439078439,10104.0,54129.30449121577,1342,23367314,11748071,1611014,840266,8690925,3973039,4541271,2326443,2480455,1730722,1728104,1670685,2479318,711489,495427,495427,1340800,0
389,000977,2017-12-12,-0.005643919958953303,-0.004617752693689026,0.25431098816352926,73568.0,346053.2176911786,5877,501975420,543438044,2259411,1929202,22205704,21511099,35925137,36268122,75147353,63654286,64429222,65305578,40157928,51731766,38819315,44384865,223031350,258653126
390,000978,2017-12-12,-0.012121212121212088,-0.00969696969696976,0.2367345766597971,2457.0,51562.78514121682,1214,16222464,5232327,1378334,660141,5777024,2132809,1886477,907895,2121670,532474,1613990,215364,926165,0,1735160,0,783644,783644
391,000980,2017-12-12,-0.012214983713354943,-0.008143322475570036,0.19751679941935477,18345.0,122760.09289167139,3869,98998863,85963630,2506792,3165281,19688468,19181303,17766000,17965342,21605721,17106528,9144079,8987998,6185211,3204482,4957534,3086504,17145058,13266192
392,000981,2017-12-12,-0.0022321428571430157,-0.006696428571428603,0.3119187692989234,8019.0,123329.82537257306,825,26405451,13435133,523719,1839541,1804852,1843959,3790141,1561523,5868373,1629843,2611542,2096860,4524838,740120,1869400,0,5412586,3723287
393,000982,2017-12-12,0.008403361344537785,0.019607843137255054,0.07220590186161738,7665.0,56762.11459393277,2454,33430052,34121599,2102696,2162821,9141918,8402718,6443687,7270196,6036502,8019316,5062788,4343123,1333810,1976666,482307,1373279,2826344,573480
394,000983,2017-12-12,-0.033226152197213366,-0.023579849946409492,0.1306984182932969,13740.0,163858.29530579812,5103,173953841,115346545,4038161,3680322,22252813,17965268,25239629,18022387,25631605,20267495,14824884,11393002,11043104,5422304,13735523,6411963,57188122,32183804
395,000985,2017-12-12,-0.01606621226874383,-0.01898734177215189,0.6712700961337678,10125.0,40355.346183746806,936,11554003,7019958,954228,597523,4152138,3086654,2281739,1037780,2154185,1505488,1460770,241570,0,0,0,0,550943,550943
396,000987,2017-12-12,-0.010289990645462987,-0.007483629560336769,0.28208721064585607,4244.0,34072.115137502624,1436,14640832,8022062,1082438,1204681,5101862,3946558,3325717,1730312,1920914,510863,1864522,229803,1345379,399845,0,0,0,0
