,code,date,pchange_whole,pchange,change_std,amount_median,amount_std,length,sumsell,sumbuy,sell_vol_0,buy_vol_0,sell_vol_1,buy_vol_1,sell_vol_2,buy_vol_2,sell_vol_3,buy_vol_3,sell_vol_4,buy_vol_4,sell_vol_5,buy_vol_5,sell_vol_6,buy_vol_6,sell_vol_7,buy_vol_7
0,000001,2017-11-02,0.015845070422535246,0.0035211267605634866,0.20941771562007847,34290.0,348222.9782906241,2945,253613031,177942016,2351828,936165,14002342,9261271,16211306,12348706,32886276,18543561,24843267,15876699,22870154,9802248,9508831,8169883,130939027,103003483
1,000002,2017-11-02,0.005119453924914641,-0.011262798634812388,0.512775670916565,75361.0,408827.04829937656,3268,356431530,304156139,954248,933943,13427596,10779748,20662008,16805929,41114853,37439577,30956909,29343744,26802945,21904289,22366149,17102727,200146822,169846182
2,000004,2017-11-02,0.002123142250530785,0.008067940552016983,1.3236556291132735,14082.0,102696.7113361376,316,4690011,8058969,285850,208113,1450414,1600293,925191,730504,909726,1162625,217120,432580,0,768776,0,471599,901710,2684479
3,000005,2017-11-02,-0.017021276595744705,-0.021276595744680993,0.15327842490265342,7376.0,57185.766045482036,941,14449866,8410976,945616,1167287,3229376,2675024,2907599,1616946,3005672,1468628,1386708,442921,1057522,1040170,485894,0,1431479,0
4,000008,2017-11-02,0.0,-0.0010905125408942062,0.21208032054054216,9170.0,113912.1950971399,1871,21270825,31172778,1304875,5056449,5230929,8660395,2234191,2724846,3401688,3158440,970572,1201871,760588,1965023,0,2329701,7367982,6076053
5,000009,2017-11-02,-0.011180124223602594,-0.013664596273291973,0.1825412972018917,15940.0,171291.70149289735,1947,63083620,53100169,1482599,1555074,8155191,7715627,9776681,6979007,11581364,7308245,7388782,5040853,3397451,3417687,6146269,2267460,15155283,18816216
6,000010,2017-11-02,-0.030050083472454192,-0.026711185308848084,0.11992489540821197,19907.0,131836.8432915504,2502,87113356,62528096,1858767,1724254,12193126,10783077,11781053,10491511,15854037,14386983,9794619,7944315,6519308,5219688,2205246,4013029,26907200,7965239
7,000011,2017-11-02,-0.025510204081632626,-0.021428571428571463,0.46070381174760733,20761.0,79764.01988731588,1812,51257830,28367097,1784689,1183020,10030334,9594131,10019730,7565234,9256361,5743070,6316570,2564194,2433894,1015768,2953543,0,8462709,701680
8,000012,2017-11-02,0.03170731707317098,0.0060975609756097615,0.21124232397992102,8220.0,88085.96170588261,1508,27632168,19192347,1830022,1317002,5801916,5068083,4262926,2859572,3482048,3151328,2510886,3262417,1003407,1366433,815864,406719,7925099,1760793
9,000014,2017-11-02,-0.015767131594905837,-0.017586416009702788,0.6702052159981882,8119.0,111206.58726755332,607,12470707,8185945,760513,661954,2470245,1567179,612572,827555,685182,902178,1619273,242844,995224,1019236,919571,925080,4408127,2039919
10,000016,2017-11-02,-0.02310231023102305,-0.024752475247524663,0.16831508911856144,11940.0,86853.92637212534,1297,39345430,16346585,1315651,788993,7192485,2202476,7414599,3414719,8589858,3290468,5265814,2942405,4771408,1775530,827400,409032,3968215,1522962
11,000017,2017-11-02,-0.023192360163710735,-0.017735334242837686,0.33894089223388524,7240.0,47244.60611518721,467,6752086,2445230,493627,479086,2264675,1118930,1378064,619560,822090,227654,288400,0,374400,0,0,0,1130830,0
12,000018,2017-11-02,0.0013793103448276334,-0.006896551724137945,0.2073565516599756,10725.0,67067.1763075167,1223,21362140,17548328,933167,1169098,4355325,6443586,3942671,2446799,4079483,3193502,3091453,1671104,2547715,660160,960161,923712,1452165,1040367
13,000020,2017-11-02,0.07572906867356544,0.024929444967074277,0.7518749630300181,15154.0,89800.0893506127,799,18155831,16350200,649143,544322,4346404,3286884,2626251,2736718,3208921,3889108,1838905,1938103,1106298,1020470,854525,897414,3525384,2037181
14,000021,2017-11-02,-0.00434310532030413,-0.00434310532030413,0.21485308366475733,10131.0,115776.87921237126,1840,49063850,28400505,1813300,1251159,9274661,4220614,6211233,5522084,8693052,4002267,4169837,2151990,3294754,738150,4552954,1370722,11054059,9143519
15,000022,2017-11-02,-0.022008803521408438,-0.017607042817126772,0.7487162408753759,17521.0,144804.5243370496,1114,36878609,24221854,762713,939674,6251651,5395639,2742098,3599513,6583453,4406299,4110332,2707507,1982800,2637654,1358882,1322322,13086680,3213246
16,000023,2017-11-02,-0.03731656184486376,-0.03815513626834377,0.8977123999733937,11442.5,71353.1475771139,706,15300083,8417394,435707,954209,2503061,2789423,3035196,2459861,4684911,1011311,479309,254967,741650,0,1331588,947623,2088661,0
17,000025,2017-11-02,-0.011896591169068937,-0.004575611988103523,1.0892066886329996,17464.0,58323.0652185951,1610,35224461,22735717,1612619,1579069,9347903,8360648,7419652,6122050,7797697,4488583,3476019,2185367,1407667,0,0,0,4162904,0
18,000026,2017-11-02,-0.018103448275861966,-0.01724137931034475,0.36760092468819444,12562.0,98487.09202545782,996,28939362,12870679,414569,905485,4398296,4389735,4443757,2086607,5791464,2759704,3676840,477406,2110512,982950,1786550,0,6317374,1268792
19,000027,2017-11-02,-0.006259780907668211,-0.006259780907668211,0.20255599543681393,8911.0,39379.34684670742,996,12957227,7584427,759729,878685,4940056,4035292,2450697,1252140,2324729,698498,933606,719812,634500,0,913910,0,0,0
20,000028,2017-11-02,-0.034840622683469324,-0.02031134173461835,1.917477494184424,19824.0,128512.31784868684,1238,45290920,24479849,1583629,922833,4425696,6177245,5634202,3729845,15860868,2883690,4126696,3111439,3364725,1045421,845459,2167098,9449645,4442278
21,000030,2017-11-02,-0.01869158878504673,-0.016355140186915973,0.2402603182426117,5936.0,69202.90061027552,1270,21493665,10976323,1535999,1484604,4831032,2908020,4866764,1799704,2365969,1756896,1140016,909204,1294776,0,486939,1273051,4972170,844844
22,000032,2017-11-02,-0.025389025389025432,-0.02375102375102378,0.4578623353238927,9552.0,35406.30921643374,711,8991109,4937316,731619,838834,2930155,2304088,1536171,1284336,2574229,510058,535139,0,683796,0,0,0,0,0
23,000036,2017-11-02,-0.013612565445026203,-0.013612565445026203,0.23758203064700759,14130.0,98327.47663776555,1617,43035612,25722070,1323610,1722564,6886011,6579515,9162043,3809994,6989077,6743885,6466818,2332079,2380200,1999984,913461,880323,8914392,1653726
24,000037,2017-11-02,-0.017772511848341277,-0.011848341232227444,0.451922863631625,6672.0,41652.16850129863,348,4266550,2324728,678421,252141,1164969,1365548,543541,123641,739191,236454,735731,0,0,346944,404697,0,0,0
25,000039,2017-11-02,0.00101626016260159,-0.007621951219512146,0.37164466625669157,37297.0,206209.8035956646,2805,163106532,114146324,2236636,1158423,14926358,9279510,19169537,12221988,27453342,21379330,20097887,12162963,14658240,12792758,10352784,10338777,54211748,34812575
26,000040,2017-11-02,0.002673796791443861,0.0,0.3939654868217847,11960.0,152231.65999741442,1443,31652635,35150543,1430281,1053391,6381520,5600093,3724635,5132127,4712559,5022921,1723849,4530112,1998484,1385003,3191907,3535826,8489400,8891070
27,000042,2017-11-02,-0.015719467956469058,-0.011487303506650393,0.5527158095087915,4893.0,47522.52521013316,895,11085239,3682205,2286845,315525,3117866,1088641,1242903,728133,1963214,601407,223310,519809,1376982,0,0,428690,874119,0
28,000043,2017-11-02,-0.0028571428571427804,-0.003809523809523707,0.4171098821938753,10540.0,120565.6452138623,633,14705818,12308155,405452,425163,2293264,3100035,2437681,1320871,2730193,1931935,1479557,1707082,1030344,368550,1297040,477750,3032287,2976769
29,000045,2017-11-02,-0.022935779816513735,-0.022935779816513735,0.3413443742526161,10720.0,75812.8962159443,1020,21156810,9625620,541034,1408081,4837614,4089459,4363924,1922957,3272956,1879235,951080,0,1368785,325888,414564,0,5406853,0
30,000046,2017-11-02,-0.0012870012870012104,-0.006435006435006385,0.32467198884015974,3860.0,42694.66973079306,572,7148249,3391325,622760,388073,2150056,1378308,1345690,960420,1077692,353376,510823,0,1037748,311148,403480,0,0,0
31,000048,2017-11-02,-0.0016618196925632933,-0.010386373078520972,1.7025555457840837,7182.0,18066.91660360386,199,1486460,1010849,234010,317657,889973,504377,255332,71460,107145,117355,0,0,0,0,0,0,0,0
32,000049,2017-11-02,-0.008015267175572549,-0.004580152671755711,1.2463226818807587,21134.0,153396.64996593705,1768,55491649,63111749,1083604,715831,10183620,7620320,8654965,7579305,9923656,12947160,6967031,8278733,2727579,4806353,2224284,5767150,13726910,15396897
33,000050,2017-11-02,-0.05370219690805522,-0.04353132628152956,0.42368084736460515,105365.0,549757.9615631229,3368,546391032,389821606,509578,839070,10986049,13319573,15025516,19882235,30923280,42696450,31642185,45492585,24883579,34472385,34758359,31122948,397662486,201996360
34,000055,2017-11-02,-0.03542234332425065,-0.02997275204359673,0.1513134293992444,4278.0,172703.5524896605,2357,55117963,16508695,2205485,1348852,8114252,5637689,7079712,3448681,6024542,2653643,4998657,1206716,4448947,1099874,3267587,431400,18978781,681840
35,000058,2017-11-02,-0.04137931034482756,-0.029885057471264354,0.22701964578104095,13608.0,64358.75679147258,1470,31490590,18868596,1276554,1628173,8526798,5913654,5301075,4327448,7616844,3098103,3623896,1131686,1828648,643129,1264965,896003,2051810,1230400
36,000059,2017-11-02,-0.021052631578947212,-0.007655502392344471,0.25025725174111807,11561.0,86453.92536690316,1744,47631056,29743514,1178860,1007360,8105005,5390212,7783714,6630555,9244767,5463925,7503830,4635952,4286753,2815473,1250744,1328959,8277383,2471078
37,000060,2017-11-02,0.0,-0.0009033423667569318,0.22788224659371736,18878.5,169491.5399795606,2362,90253512,68483237,1633104,1959749,12295435,7584476,13831313,8520233,13797062,11225524,11365586,8048181,8244336,10002469,5358565,4106113,23728111,17036492
38,000061,2017-11-02,-0.003640776699029069,-0.010922330097087318,0.29625906419108966,9792.0,87061.78697886923,773,18703696,12373317,779033,844993,3451289,2325350,3270243,2122745,4905511,1772719,2722804,1233407,1780463,748985,1261353,1308762,533000,2016356
39,000062,2017-11-02,-0.0004043671653862768,-0.0016174686615446632,0.7455418540334959,12405.0,59327.28899988827,1100,17585841,16878378,706698,1252357,5421511,4481022,3249550,3125861,3406188,5591511,2151118,958602,749296,967006,945590,0,955890,502019
40,000063,2017-11-02,0.020006351222610297,0.0028580501746586773,0.5321090176755463,208567.0,841396.6818754645,3504,710153126,794202283,420675,425870,7601685,6437743,16791282,12952908,40536291,40641647,44773631,50113767,41947391,49963416,44017349,36009353,514064822,597657579
41,000065,2017-11-02,-0.04171829822387452,-0.0380008261049154,0.5280399032814672,26158.0,169536.45031758788,2103,90103921,47547158,1234675,1165019,12118428,10595649,14649718,9969893,17579450,8678262,7217900,3960327,6017968,2092970,4022139,2332185,27263643,8752853
42,000066,2017-11-02,-0.025380710659898553,-0.024111675126903487,0.16546700829714492,15540.0,204680.90983108454,2271,98938695,52698111,2213981,1604884,9493922,9628316,8882621,8457312,12836428,10289005,5896302,5761685,11051816,3096997,5736600,3106432,42827025,10753480
43,000068,2017-11-02,-0.014173228346456623,-0.015748031496062964,0.2515127774640559,10016.0,44581.46011834546,637,11600771,4472516,684877,455595,3505941,1841968,3332396,466097,2194020,972685,458565,736171,1008764,0,416208,0,0,0
44,000069,2017-11-02,0.010146561443066693,-0.004509582863585049,0.1724936101766687,19448.0,183757.13563173966,2649,106237191,75932040,3312522,1170143,13870755,11347309,11611977,14261126,10942752,12117343,11343428,4474629,10328419,3878355,9341270,5848648,35486068,22834487
45,000070,2017-11-02,-0.022851919561243106,-0.021937842778793404,0.3006420707109723,15190.0,94095.10991791198,1325,31683110,19110515,776540,1108548,7272954,6329150,4445952,3701074,4852867,4134967,3040125,701537,1068443,745187,2212140,419250,8014089,1970802
46,000078,2017-11-02,-0.01125401929260439,-0.006430868167202619,0.13776181983710953,12340.0,96604.1571175778,2043,47165711,37374445,1401620,1765884,7494875,7466037,8553921,12505118,7040525,8983978,5929912,1645113,3208687,2098541,457560,457084,13078611,2452690
47,000088,2017-11-02,-0.006952491309385911,-0.008111239860950192,0.2971339568587965,14552.0,81963.73601235448,843,18396994,12047445,774100,860857,5036914,3200307,3645928,2330342,3020621,3095207,1007423,500879,1035945,344799,438757,436560,3437306,1278494
48,000089,2017-11-02,-0.002272727272727426,0.003409090909090917,0.19610698326200782,14144.0,98993.78734236091,2016,43913830,46865943,1874184,2011526,9601971,7371874,8460849,12020829,8190605,8428036,5023877,4034988,2345333,1126872,438960,2327587,7978051,9544231
49,000090,2017-11-02,-0.022381378692927445,-0.018800358102059045,0.2470465583626095,8840.0,210127.4365045506,2050,46583637,28283739,1090544,3239137,7335428,8551263,4064543,4547794,4926197,4126970,2702429,1445212,1638336,1443040,829637,1354508,23996523,3575815
50,000096,2017-11-02,0.0014738393515105752,-0.014001473839351464,0.742906776147326,13230.0,32872.29006050623,333,5007620,2129334,313550,248934,2222815,995637,1437389,390148,549102,266632,484764,227983,0,0,0,0,0,0
51,000099,2017-11-02,-0.04916666666666669,-0.05500000000000005,0.2657409067511123,25278.0,458727.54942978517,2042,86970843,96650283,912808,1372122,8481083,9379176,9689384,11415643,14552626,14362033,10162899,9816819,7613811,9612824,3650030,4124784,31908202,36566882
52,000100,2017-11-02,0.004761904761904745,0.00952380952380949,0.07303762748842701,61568.0,485069.07265286846,3331,376142024,340995914,1258592,961219,17579168,9256121,21968807,14586394,35917943,32720002,31602028,27097010,25496590,21998383,20592925,23104129,221725971,211272656
53,000150,2017-11-02,0.00595016734845677,-0.014503532911863126,1.5412684530688379,10748.0,81721.36855235117,304,7493472,2048420,259293,200538,1547597,1340731,967048,363673,369727,143478,1665178,0,379647,0,806188,0,1498794,0
54,000151,2017-11-02,-0.01546072974644419,-0.010513296227582014,0.6433720284479526,9636.0,97353.25795463882,631,12253741,7850020,489710,894197,2448617,2711625,2566163,1162309,1367365,663519,1334938,241800,0,385600,0,485314,4046948,1305656
55,000153,2017-11-02,-0.018672199170124415,-0.016597510373444035,0.3247375443630338,7592.0,53390.29502615269,881,12944204,6683986,1447192,949408,3585117,2131242,2596911,1232549,1920460,1390555,466317,226572,652629,306204,0,447456,2275578,0
56,000156,2017-11-02,-0.005003573981415266,-0.005003573981415266,0.4944089805009613,6975.0,74386.73258173335,800,14912001,11097098,610608,650141,2357077,2672087,2292997,1211756,4285007,2180610,1463948,1968170,1030365,301847,824563,2112487,2047436,0
57,000157,2017-11-02,-0.02386117136659438,-0.01952277657266832,0.09054401001157812,15503.0,197032.20697197603,2605,95626816,60454356,1817428,1747593,11928762,12477588,11730410,10398852,12564631,8643052,5970776,8014410,4778432,3598585,8829215,2299010,38007162,13275266
58,000158,2017-11-02,-0.020242914979757165,-0.013157894736842146,0.2715510174573102,9785.0,102536.05625598622,1324,31688686,19912820,1623633,997080,5943450,4048585,5177334,3125675,4546942,3029411,2174766,1966546,2430697,1090101,3122760,979999,6669104,4675423
59,000159,2017-11-02,-0.021069692058346856,-0.01620745542949753,0.21812680908991908,12120.0,49949.519681181584,800,15488630,7628321,516145,880827,3237328,3025759,4061601,1551779,5090704,1070692,2164192,474848,0,0,418660,0,0,624416
60,000166,2017-11-02,0.007130124777183555,-0.0017825311942960553,0.12110413455415034,16153.0,176538.25136281035,2151,66975902,68605412,1487068,1365155,8984296,8733026,8870855,9387150,13034028,9234767,5385011,6708113,4304146,5478239,3179722,2115657,21730776,25583305
61,000301,2017-11-02,-0.0036363636363635488,-0.0036363636363635488,0.1514661920898164,10880.0,79833.69199219257,1320,29040622,17752036,1482260,1009917,5834388,4286923,5183955,3668940,5296487,2156379,5465610,3500913,2752619,374272,414200,436545,2611103,2318147
62,000333,2017-11-02,0.014653465346534666,0.005346534653465351,0.8752185609363418,86530.0,599481.3977273802,3331,416517440,448502660,574097,437030,12536460,9268179,21875596,18027809,41683019,35848127,32514815,35290690,25047240,24685226,20508759,19089376,261777454,305856223
63,000338,2017-11-02,0.0,-0.0093131548311991,0.14597661734333517,70699.5,392664.91384931264,3470,373526172,282796527,1134512,1014989,15832459,10989784,24783382,17713369,43541904,38848073,36827908,27071135,26609114,20828794,27037549,18638333,197759344,147692050
64,000400,2017-11-02,-0.021854304635761546,-0.01192052980132452,0.3281430411313588,12060.0,137083.40326040288,2118,49031790,27017031,1313563,2517320,14160119,8424570,6520559,3904543,6539505,3951960,3960377,861168,1466096,1028008,2707820,441320,12363751,5888142
65,000401,2017-11-02,-0.015446608462055145,-0.013431833445265329,0.29011913011253815,29420.0,177918.86072176532,2635,119963848,91477730,1259620,1661658,12507446,13075250,15209941,14782812,24364665,17334257,12164402,10094770,7304794,8725209,5815249,4011639,41337731,21792135
66,000402,2017-11-02,-0.0026109660574411553,-0.013925152306353383,0.2243355392944283,18176.0,144610.46852228337,2626,90101847,58386901,2202778,1990662,14067074,10796587,11002771,8716645,19258429,10751104,10595351,9273769,6365595,4715982,3213191,885729,23396658,11256423
67,000403,2017-11-02,0.0,0.0,3.00827972338785,15340.0,109674.79910707263,103,5172616,0,173618,0,1060914,0,1149886,0,619736,0,0,0,763932,0,0,0,1404530,0
68,000404,2017-11-02,-0.015060240963855387,-0.013554216867469826,0.23967754450885942,13160.0,91101.70229683307,767,20873078,11503354,482192,869181,3341726,3077953,3406542,2780281,3858331,1959138,3624663,957507,2094789,972934,0,886360,4064835,0
69,000407,2017-11-02,-0.02185089974293053,-0.02185089974293053,0.2790293136110775,12352.0,77316.63527128215,777,13974694,13449449,693025,941655,3197401,3437623,3207527,3358326,2690619,1818623,2140430,1544601,623352,0,0,499872,1422340,1848749
70,000408,2017-11-02,-0.022268254790264064,-0.013982392542723932,0.46924818458178685,28770.0,177760.31626409877,1694,79405296,54653215,1084839,1175865,8624439,7709097,10698434,6963823,12667609,13993926,8723241,7376900,5667213,5800087,3573360,2218047,28366161,9415470
71,000409,2017-11-02,-0.02011494252873558,-0.02155172413793105,0.3070874885516807,10260.0,45325.81585747864,513,8587255,4046049,550338,487243,2312713,1874192,2244201,929560,1808699,452059,758599,0,0,302995,912705,0,0,0
72,000410,2017-11-02,-0.009846827133479175,-0.00328227571115991,0.2962044976656553,12775.0,75339.19388585024,952,21829145,17026713,1117732,744805,5125084,2912449,3416264,3148745,5477390,2771335,3008796,4160237,1337064,660030,1695255,952375,651560,1676737
73,000411,2017-11-02,-0.00510915002322343,-0.008360427310729168,1.0179550968058724,2138.0,57305.628674010135,447,3178364,2117374,756568,92174,1131584,527656,407812,437592,386616,0,0,0,0,0,495784,0,0,1059952
74,000413,2017-11-02,-0.014097744360902276,-0.006578947368421129,0.18357525589647422,77745.0,1229227.571815125,3363,488654139,586721070,976576,748306,13091412,11471709,20199473,19284700,36900741,32147311,37157377,27670682,26233142,27712697,24840967,18871818,329254451,448813847
75,000415,2017-11-02,0.003129890453834161,0.006259780907668322,0.1427436581687247,6974.0,103574.59007243275,2008,31951802,36434566,1736864,1925728,6267459,7473244,3714892,5331779,4717641,6154376,2625344,2692221,638642,3084887,832461,1775499,11418499,7996832
76,000416,2017-11-02,-0.022727272727272818,-0.021390374331550777,0.28930120957196387,10290.0,64094.13529758807,668,15360519,6206902,577022,822231,2830557,2589194,2785990,1139589,3636809,527152,2315755,0,2073858,318384,405528,810352,735000,0
77,000417,2017-11-02,-0.002331002331002252,-0.00815850815850816,0.25612916225623406,6816.0,66638.2337882312,1123,18603503,13111746,441116,1884190,2846711,3997150,2314799,3999797,3485179,1676081,3832022,711328,1406308,333200,2115268,0,2162100,510000
78,000418,2017-11-02,0.025641025641025772,0.005835543766578244,1.1885057920811022,28800.0,118951.8292686642,2269,76113474,69619848,1347204,393980,16262386,7544104,14182468,10435386,16115548,19842947,9548940,9219226,4724403,4172728,3886642,1823232,10045883,16188245
79,000419,2017-11-02,-0.018018018018018056,-0.021021021021021102,0.2719914533045221,6580.0,50921.13871977183,599,9971180,4874876,968145,313626,1946363,1572212,1055738,1539080,4036905,691943,732661,423390,328500,334625,902868,0,0,0
80,000420,2017-11-02,-0.024767801857585203,-0.018575851393188847,0.11851224594168798,6400.0,46151.21313431142,744,10231811,4925508,818947,667206,2961676,2034210,2226873,544376,1712337,1351784,276978,0,1595000,327932,0,0,640000,0
81,000421,2017-11-02,-0.00894187779433675,-0.010432190760059634,0.2551806758350963,4669.0,30864.044851649855,692,5207019,4637494,642472,1321586,1541257,2337378,606657,438937,1425795,539593,0,0,990838,0,0,0,0,0
82,000422,2017-11-02,-0.035490605427974886,-0.02713987473903967,0.11945318129361689,16362.0,127080.15572572075,1612,47661574,39229128,1178368,1486725,7478463,7216613,6055794,6059906,6819977,7768416,4796963,4168518,5381105,2114417,3146235,1356088,12804669,9058445
83,000423,2017-11-02,0.004978220286247614,-0.0038892345986309973,1.2533580180233326,51279.0,234984.09000193974,2630,183323320,130885585,1127960,1099167,10622418,9702703,21241366,15415711,28890446,25716989,19878148,13750836,20183438,17065638,10071248,10674420,71308296,37460121
84,000425,2017-11-02,-0.016042780748663166,-0.013368983957219305,0.07019232476091707,7400.0,121074.52019592401,2865,63630085,41975055,1770798,2501389,11335289,8490853,7407911,7224754,8719576,6826531,4549787,4223660,4654042,2913675,2677668,851001,22515014,8943192
85,000426,2017-11-02,0.033488372093023244,0.034418604651162754,0.22775430081001768,19386.0,210925.24691665784,2233,57534050,99236616,1226404,1435021,7501882,10359502,8045445,9780197,14043416,15194908,7415495,8582837,4957659,7981500,3595054,5247054,10748695,40655597
86,000428,2017-11-02,-0.023758099352051865,-0.028077753779697567,0.23644190128304574,10142.0,174243.9261873849,383,12643044,4949201,260808,420829,1793274,1213543,1178007,355697,1660125,740599,1367450,480785,1030576,0,435100,454000,4917704,1283748
87,000429,2017-11-02,-0.0035629453681709222,-0.016627078384798155,0.20655985063946794,7907.0,77876.89739518012,1663,24310430,16301449,2358369,1803837,7631641,5421196,3420902,3461909,2660639,2137093,1597883,519341,635211,348588,926035,0,5079750,2609485
88,000430,2017-11-02,-0.01546391752577303,-0.01546391752577303,0.4568696088668766,9570.0,51615.74138067781,450,6696489,3487900,443766,587637,2064055,1557960,1065799,535895,1035155,560459,1028884,245949,317750,0,0,0,741080,0
89,000488,2017-11-02,-0.013989927252378243,-0.012311135982092991,0.36172403374202255,22958.0,249039.79235149885,2441,138748245,88679880,1329878,1765830,10058209,11609289,10436642,9647925,18288715,18801975,11737421,11970128,10115142,6926892,6332514,3578103,70449724,24379738
90,000498,2017-11-02,-0.023778071334214057,-0.018494055482166538,0.17132784873567647,5952.0,66465.5217303179,1960,21111868,17563814,2076402,2650401,6668024,5171686,4335781,2594754,2269566,2935385,746295,1345621,356902,0,1834148,953758,2824750,1912209
91,000501,2017-11-02,-0.02341137123745829,-0.012263099219621099,0.43200924033463634,16011.0,102626.01984858596,1725,48168525,33993828,1442337,1345081,8388184,5429191,7730478,11156991,8654939,7448236,4475574,2148550,5708754,3482143,857529,885428,10910730,2098208
92,000502,2017-11-02,0.003319502074688785,0.0016597510373443924,0.40223606677177765,18150.0,61168.652572800616,897,18371101,15708502,525262,836806,4528984,4409553,4524632,4017212,4107528,3729370,2091689,674092,1080976,1094927,967080,429975,544950,516567
93,000505,2017-11-02,0.0038797284190106307,-0.005819592628516057,0.3880164679572014,12168.0,92928.14352705727,706,16738607,10609986,437958,554189,2998564,2557004,2980692,1766551,4563833,1698276,1309520,267960,2408051,0,1248149,418398,791840,3347608
94,000506,2017-11-02,-0.002457002457002644,0.0012285012285011554,0.2696767760069292,12165.0,112094.98253007019,911,20242933,25936244,985551,707726,3748590,2759491,3363758,3496556,4869751,3405111,979252,2325521,2089338,2410673,851083,4838882,3355610,5992284
95,000507,2017-11-02,-0.0029615004935835687,-0.005923000987166915,0.22554355641061188,20140.0,78508.7680662639,2018,53457559,34778487,1230474,1250177,10322214,10270936,10249632,7736242,12773087,8380561,5995070,4314522,3271899,0,1700443,1348820,7914740,1477229
96,000510,2017-11-02,-0.0033594624860021627,0.004479283314669846,0.2805499318005252,9878.0,49200.287879356074,1013,11918602,16559418,1129820,1208432,4142811,4712777,2940519,4155551,1614568,3953873,936292,1288500,682928,702085,471664,0,0,538200
97,000513,2017-11-02,0.04992389649923901,0.0535768645357686,1.1506611010029162,74509.5,306585.5320027844,3264,239078664,295529114,732901,706552,13904658,12187358,21255431,22698022,36736203,36319161,28189717,32047645,24975871,32810315,19022055,23715181,94261828,135044880
98,000514,2017-11-02,-0.017881705639614887,-0.015130674002750921,0.2467086059127075,8628.0,64939.71571529692,868,15044675,7500000,929756,896716,3906049,3111502,3053772,956859,1907262,1298363,214800,884513,1338593,352047,864575,0,2829868,0
99,000516,2017-11-02,-0.00391389432485334,-0.007827788649706457,0.15789035119246367,10230.0,112385.78609246983,1048,30800631,16338615,732707,855418,3787696,3708553,4967688,2705239,4720098,2501890,2927584,2795287,2155593,304382,2117048,425196,9392217,3042650
100,000517,2017-11-02,0.0,0.0,0.10996941022197425,6165.0,33280.85060199573,1421,16589334,9970615,1782498,772633,7874206,2828178,3127484,2915141,2255034,2429866,1550112,695586,0,329211,0,0,0,0
101,000518,2017-11-02,0.03283173734610134,0.023255813953488413,0.25940868017803903,8189.5,92473.94535167208,794,7518181,15238315,923271,822617,3022689,2747670,1729375,2028246,929170,2559952,540690,1683036,372986,1105060,0,879816,0,3411918
102,000519,2017-11-02,-0.051759834368530044,-0.053830227743271175,0.19959914566381015,23175.0,132233.42220441063,2345,89311693,60907004,1220561,2323831,10755925,11371850,11276258,11437285,19351689,11826422,13469768,8806168,7534431,4350742,4574793,4554462,21128268,6236244
103,000520,2017-11-02,-0.014000000000000012,-0.008000000000000007,0.1520672790061826,7485.0,61170.37564153823,1082,18491474,9783892,1736982,1017118,4611237,3152833,2501258,1516462,4920162,928941,1544572,1570847,1063330,1049505,0,0,2113933,548186
104,000521,2017-11-02,-0.010471204188481797,-0.012216404886561949,0.22587578963265456,6248.0,67225.6840862735,643,10360843,5526716,774501,377922,3049816,1467412,1738008,1412077,1487248,795967,463036,1023707,669134,0,481100,449631,1698000,0
105,000523,2017-11-02,0.0010787486515642097,0.005393743257821049,0.44409462676491496,10186.0,87710.83799789,435,7952785,5183395,515412,406519,2618679,1271806,1779310,665974,1593624,413786,520760,477405,0,0,925000,434777,0,1513128
106,000524,2017-11-02,-0.004716981132075526,-0.005503144654088077,0.43832580633580026,6335.0,35346.24694062635,842,7625774,6642429,511162,1547987,3006914,2388289,1178763,964129,1608466,622640,1320469,738984,0,380400,0,0,0,0
107,000525,2017-11-02,-0.009573542210617902,-0.022628372497824123,0.4471636147803851,22670.0,209141.91645752662,2644,139935055,67843642,2549499,794082,14102766,8646368,11070488,11670851,22831917,15891965,15851738,7888887,8042016,7413774,9056874,2260784,56429757,13276931
108,000528,2017-11-02,-0.05593607305936077,-0.04680365296803657,0.15647805179946864,21710.0,134908.74658477693,3140,115355043,78111129,2320461,1944065,17002202,12510293,18024227,13595281,22482131,17033354,10914267,9581573,8298806,5926088,9438444,4566769,26874505,12953706
109,000529,2017-11-02,-0.014705882352941346,-0.013480392156862697,0.32813595726383094,6472.0,85772.48296668351,618,10874546,4396596,545377,907047,2113052,1538749,989399,619047,1252157,524318,456841,491145,630698,316290,1291300,0,3595722,0
110,000530,2017-11-02,-0.013533834586466287,-0.007518796992481258,0.2581483509629255,9282.0,115911.95761366068,663,15143116,7022214,529351,747352,2506026,2466273,1457789,1729529,1977199,1497632,1631469,235922,1655344,345506,403210,0,4982728,0
111,000531,2017-11-02,-0.009911894273127775,-0.014317180616740144,0.2238495035604651,13500.0,108802.93295954526,1647,41159175,28674622,1882498,1187228,8256868,5471923,8136133,4579929,5964597,6490335,4751093,2640633,2038197,2022777,3149288,936441,6980501,5345356
112,000532,2017-11-02,-0.021035598705501646,-0.01860841423948212,0.505134591939264,12150.0,65231.2332723637,598,10720879,7370170,461400,688579,2482603,2197886,2280677,1879803,1691351,937684,1036929,646555,0,1019663,936642,0,1831277,0
113,000533,2017-11-02,-0.0009813542688910104,-0.011776251226692791,0.4613511902125627,15165.0,139085.71510279417,487,19074069,6910898,374166,290304,1979632,2115199,1961091,1194456,4518610,522280,2322582,845770,1276084,306719,1234663,455850,5407241,1180320
114,000534,2017-11-02,-0.01154891304347827,-0.0027173913043478937,0.9949612893689966,11025.5,72938.9202752525,218,4131290,2366406,171775,189427,1054644,592014,979373,474774,366880,130474,789906,220371,768712,0,0,0,0,759346
115,000536,2017-11-02,-0.014787430683918634,-0.012939001848428888,0.1945795562848352,7504.0,68919.17082907468,773,14956423,6647144,671749,501165,2856702,2769905,2313911,1597102,2507562,1322953,1352461,456019,1724893,0,1375804,0,2153341,0
116,000537,2017-11-02,0.010578279266572732,0.021156558533145242,0.3634260467661805,25074.0,116416.00991036369,1524,47171637,49883619,1013632,997709,6789450,6477324,8236647,7604929,12872287,10875531,8252754,5625907,2361819,5041370,1794309,2687677,5850739,10573172
117,000538,2017-11-02,0.016708762385855724,0.005440062172139104,1.9900103116743162,61710.0,271644.67528495647,2678,193974420,165489465,3939,15688,11396429,10697096,18907806,13356792,41371331,22669777,32254806,20390851,15400401,11992296,8078014,7195346,66561694,79171619
118,000539,2017-11-02,-0.0038910505836574627,-0.0058365758754862496,0.2254919164207126,1536.0,34550.25675713302,519,3482818,2006154,536175,144984,1344532,761940,917567,268418,183296,231260,501248,0,0,0,0,0,0,599552
119,000541,2017-11-02,0.0021574973031284195,-0.003236245954692518,0.2432539796211199,12064.0,47489.32441259366,1453,20456479,19993592,1208934,988893,7558314,6848642,4256912,5170378,3995334,4263784,1873961,1240933,624744,375254,436005,0,502275,1105708
120,000543,2017-11-02,-0.005474452554744547,-0.0036496350364964014,0.1631477203055192,5490.0,59591.963970335964,1129,14654417,7759847,848009,1553605,4063556,2643447,2990257,1472887,1653277,487992,1223551,508022,1133635,0,438147,0,2303985,1093894
121,000544,2017-11-02,0.0,-0.023728813559321882,0.566714096263145,15669.0,59866.74024159973,975,22884119,10543521,716757,1045001,5251588,4641928,4133552,2022713,5932357,2616754,2280225,217125,2047490,0,850380,0,1671770,0
122,000545,2017-11-02,-0.014440433212996373,-0.01805054151624541,0.14855370809285043,4376.0,70878.57743113852,1392,20912587,8744142,1259798,933429,4510673,2890619,2839482,1526385,4553335,2120190,1962701,431997,1989152,0,1307975,841522,2489471,0
123,000546,2017-11-02,0.045257284562926214,0.0458772473651583,0.4019745595213694,33660.0,161314.96209016888,1613,51360814,76889070,674181,966824,5125880,7999429,8014050,18795404,10153193,12869798,4750209,6204158,4947881,6854950,1365430,1820292,16329990,21378215
124,000548,2017-11-02,-0.019337016574585753,-0.017955801104972413,0.23502714053244317,8532.0,49829.76207257503,949,16797214,7576631,1464666,886518,4268130,3047890,3700327,1756543,3361511,1058241,1954123,436389,0,391050,908052,0,1140405,0
125,000550,2017-11-02,-0.010058231868713685,-0.010587612493382692,0.6155759699262734,14976.0,91351.1481200715,941,23420302,11265624,843587,737164,6116902,3305856,3575975,1192150,3649541,2284559,1491167,561303,2936018,679821,484847,431035,4322265,2073736
126,000551,2017-11-02,-0.032150776053215036,-0.02328159645232808,0.3115686682427473,13762.0,139809.45404361637,838,26497975,11413609,897977,877992,3222481,2853161,5502396,3169478,4392830,2456671,3655529,955566,1344036,0,1352402,493501,6130324,607240
127,000552,2017-11-02,-0.0026954177897573484,-0.005390835579514808,0.0887758413570164,1488.0,50030.467622811746,1754,17682403,10586843,1239681,818283,6126466,3150698,2291354,2254098,2126873,3456127,506786,907637,2067234,0,440300,0,2883709,0
128,000553,2017-11-02,0.02511880515953835,0.01900882552613714,0.31447509126548195,16582.5,96811.91364424211,2196,48515780,54450783,2091456,1074137,11768407,8075296,9587183,11854121,11326701,11650851,6826304,5109843,4378423,3853215,847570,2193472,1689736,10639848
129,000554,2017-11-02,-0.00774336283185828,-0.012168141592920345,0.24251459878677173,17119.0,97100.82911996919,1390,37965380,22795541,1368680,1346779,7432322,5448412,6544905,4976525,6650769,5283940,3853777,900847,3267261,982043,2649201,1384960,6198465,2472035
130,000557,2017-11-02,-0.01834862385321112,-0.020183486238532167,0.1939160209197886,10780.0,79946.69698243479,790,15179783,7222209,645067,694207,3564128,3024196,2321025,1157391,2957601,1834115,1874273,512300,730765,0,0,0,3086924,0
131,000558,2017-11-02,-0.01935483870967747,-0.01935483870967747,0.17027072481114275,9270.0,108157.30547233671,1327,28257369,14555322,962303,1638910,5639550,5000885,4080653,3524677,3519123,2324351,3142695,768549,1744636,1297950,1358919,0,7809490,0
132,000559,2017-11-02,0.002624671916010568,-0.013998250218722696,0.2653716756794632,18112.0,120511.74759092052,1856,57950490,39091489,1342396,999684,9235816,7377088,9250920,7293257,13173866,9241066,6869706,5904512,4534448,707529,1415927,966046,12127411,6602307
133,000560,2017-11-02,0.008806262230919737,0.0029354207436398383,0.2406878324405755,21121.5,101860.75184069987,1804,48861804,49378491,968204,1262762,8807586,8643081,6760682,10658718,12332091,9312205,6574895,7190497,3628948,4027245,2703918,906340,7085480,7377643
134,000561,2017-11-02,-0.02470461868958118,-0.025778732545649885,0.292035907163943,9225.0,73711.72684926176,1016,17273028,10853344,923327,1437871,4739126,3971000,3183210,2411672,2804926,1614011,2060383,960755,0,0,879599,458035,2682457,0
135,000563,2017-11-02,-0.005882352941176339,-0.0019607843137254832,0.13140201051818917,5080.0,68006.10067200556,1509,17280265,19338836,1106571,1652392,3381593,4506422,2792303,2517821,3747027,3306907,2505052,1202078,696065,1488278,1690238,1412032,1361416,3252906
136,000564,2017-11-02,-0.019264448336252293,-0.012259194395796924,0.16999303111297398,11320.0,89468.9957482936,1129,22774720,13050368,966071,789409,5452354,4371589,3581476,2469515,3200611,2231305,2200268,1121346,1821302,396200,0,0,5552638,1671004
137,000565,2017-11-02,-0.029761904761904767,-0.021428571428571352,0.3265553461913758,9174.0,47158.48027167753,661,11832819,6014265,572717,941417,3157921,2040161,2760569,1192424,2068736,1840263,2199896,0,1072980,0,0,0,0,0
138,000566,2017-11-02,0.0007662835249042654,-0.0045977011494253706,0.4670386336329362,14250.5,149407.67751796969,780,27712656,8759167,646472,492565,3731136,2688477,3688617,1680664,9693846,2819815,1832848,0,1857962,1077646,0,0,6261775,0
139,000567,2017-11-02,-0.019095477386934734,-0.025125628140703515,0.8340811068751541,29100.0,68500.41599612533,1281,33260477,24125325,687802,864452,6910211,7515601,10090836,6308682,7366624,4882746,4259426,2073147,1394802,1385277,937386,0,1613390,1095420
140,000568,2017-11-02,0.034865293185419866,0.03058637083993654,1.1357537323591693,110525.5,754753.1608925777,3088,498113057,567942933,491128,686929,8301949,8490334,22301333,16210591,36195482,29804505,33532974,27588432,32609890,28297662,25128646,22649443,339551655,434215037
141,000570,2017-11-02,-0.008915304606240793,-0.005943536404160454,0.34671815389797145,6760.0,63536.45886430039,376,5501449,2697652,500858,380163,1636031,1060391,1091239,934797,491596,106176,284620,216125,0,0,471010,0,1026095,0
142,000571,2017-11-02,-0.00583941605839422,-0.007299270072992692,0.21791475504462915,5424.0,48894.561395291064,988,11535348,7736049,1110849,388075,3687145,2374830,2200743,1415505,2272984,1193657,967772,1220262,683847,0,0,461720,612008,682000
143,000572,2017-11-02,0.0039525691699606735,0.007905138339920903,0.11368182829622756,11776.0,116634.17199115924,1987,49320821,43530630,1428555,1758284,8223117,7066110,7416108,6804789,8490807,6925701,5082245,5985524,2986550,2492941,3193856,1404047,12499583,11093234
144,000573,2017-11-02,-0.021276595744680882,-0.010638297872340385,0.21266148327023698,6708.0,40504.11168563763,703,9094788,5720347,1042511,515219,3279868,1650965,1512449,1771636,1804303,1571045,280171,211482,729086,0,446400,0,0,0
145,000576,2017-11-02,0.005461165048543659,0.013349514563106624,0.7028894355076383,18051.0,111425.95382311185,549,9872809,19015323,424658,334926,2978322,3068059,1911972,2293118,1983716,2117593,744629,1238683,660152,1693528,0,3315746,1169360,4953670
146,000581,2017-11-02,-0.0030840400925212785,-0.0065535851966076475,0.4988101162679572,44251.0,230447.65988560912,2705,174662963,136301963,870913,1064790,12381817,12060179,21939019,14031659,28979799,21077340,22383265,14534903,16282479,13469022,11729379,14502318,60096292,45561752
147,000582,2017-11-02,0.011773940345368938,0.010204081632652962,0.25507530998442685,30984.0,177779.90354795393,2503,99216549,101508460,1199487,1434624,12282857,10453584,13587367,12283777,21990461,18549968,14499936,14673522,10592352,11590890,7612081,6059469,17452008,26462626
148,000584,2017-11-02,-0.0033025099075297826,-0.012549537648612996,0.4169747274843899,16588.0,157379.83391215935,1318,44685552,29642731,1065080,583110,7984198,3584823,7034843,3901939,10033753,5971821,3132493,4201616,3944817,3074218,2290520,485440,9199848,7839764
149,000586,2017-11-02,0.0010090817356205317,-0.005045408678102992,0.9170603621324933,19855.0,105922.61679187526,468,13416917,12718665,369330,257796,2606148,1650507,2469462,1535920,1771384,2902393,1175035,1928746,734040,1725088,1264360,0,3027158,2718215
150,000587,2017-11-02,-0.05034013605442167,-0.0993197278911564,0.14258889390113658,36300.0,971453.1855701443,2761,157520027,548631227,366014,2741007,6941734,16407583,5052597,17926074,9324480,26055058,7709275,26836019,8547044,22368889,7027552,19997177,112551331,416299420
151,000589,2017-11-02,-0.01183431952662728,-0.009861932938856177,0.19541229749515013,7529.0,112282.82790214961,673,12530619,4846928,670807,811705,2356204,1488782,1548809,1344056,2304957,703534,451299,498851,641868,0,414605,0,4142070,0
152,000590,2017-11-02,-0.03206412825651306,-0.021376085504342,0.7984219476648511,14600.0,77584.55820262156,351,7710243,5655977,280343,239597,1472747,1614754,1474343,879764,1743358,735645,1019350,1640925,0,0,0,0,1720102,545292
153,000591,2017-11-02,-0.006389776357827448,-0.006389776357827448,0.15977788060382775,12420.0,77028.25125435364,1537,32972861,27750172,1127315,1797124,6082461,4897619,6927121,7777939,9196030,4937575,3035015,2370331,3295196,1267115,2169224,1253938,1140499,3448531
154,000593,2017-11-02,-0.010152284263959421,-0.009306260575296044,0.4159782392025461,9360.0,77192.4327598535,807,16970706,8952570,924611,481893,3185490,2282073,2962863,1478331,2468458,2773326,2939868,765236,1787285,677457,1394071,494254,1308060,0
155,000595,2017-11-02,0.0017064846416381396,0.005119453924914641,0.1570844268577708,11229.0,53499.895882514385,1393,21170607,20938837,1114022,1361431,5668208,5774758,4714287,4643605,5781507,4377962,1340976,3132538,1713127,358112,838480,1290431,0,0
156,000596,2017-11-02,-0.02387934645999157,-0.02974444909928775,1.4698925962745801,27892.0,160602.5928403628,2375,94492090,56280166,2301569,1530717,16364757,9574144,13916158,9428265,14661134,11726178,9936743,6474591,8224525,3868990,4919350,2143500,24167854,11533781
157,000597,2017-11-02,0.0025929127052721768,-0.004321521175453813,0.35774592527154436,18560.0,87090.40376503872,1046,27048897,21448030,1275177,554103,5708464,5211383,3813774,3468482,5422641,3130355,3958174,2649235,1372174,2511521,2221917,1718902,3276576,2204049
158,000598,2017-11-02,-0.008635578583765069,-0.008635578583765069,0.1493997149745739,13800.0,131027.14466082159,1504,48262040,26352439,1466710,892585,8592336,3822288,6108573,3787264,7605876,3852161,7154795,2302287,3413102,3059218,402500,1348375,13518148,7288261
159,000599,2017-11-02,-0.00967741935483879,-0.012903225806451646,0.21477601257091772,7428.0,69538.11416130066,833,15206787,6757395,633005,948467,3142404,3256555,2156412,1527048,3527084,819247,1434604,206078,324016,0,837100,0,3152162,0
160,000600,2017-11-02,-0.020470829068577223,-0.019447287615148356,0.23382274790640098,18183.0,129861.38672796251,1747,54364791,40453465,1432649,1615637,7763660,7820487,8050033,7947345,9636715,8208845,5243860,5133128,4537442,2810052,3177039,1263850,14523393,5654121
161,000601,2017-11-02,-0.0074906367041197575,-0.009987515605493158,0.2562187339151135,15840.0,103455.77826052447,977,26658284,15617478,1566361,368410,6636242,2335279,6047720,1786761,5742257,2953509,3038118,1384844,2549950,1449179,484386,850602,593250,4488894
162,000603,2017-11-02,-0.011627906976744207,-0.007751937984496138,0.5019250179056954,11520.0,68493.8151601252,660,11182417,8144732,677425,556020,3144213,2470213,1798725,1694639,2194224,1391910,724329,217683,720410,726701,452832,454461,1470259,633105
163,000605,2017-11-02,0.001367989056087593,0.0018239854081167906,0.6238243191208657,21620.0,84671.31002420688,1236,26599590,31086480,761274,847422,7462140,6202758,5340752,4337526,5862803,6395397,4253239,4342126,1048102,2390149,0,2237029,1871280,4334073
164,000607,2017-11-02,-0.013661202185792476,-0.010928961748633892,0.2863305579202673,10290.0,54192.10497785818,653,10587065,6702101,660505,589674,2935913,2770489,2543576,1467113,1261435,1435553,1180944,439272,701080,0,450740,0,852872,0
165,000609,2017-11-02,-0.0309667673716012,-0.031722054380664666,0.5268759956119397,14212.0,98764.83569619288,631,19965433,6974529,362465,571551,3437832,2711868,3469971,1238093,4115428,1006361,2032060,474650,1472510,311526,401920,0,4673247,660480
166,000610,2017-11-02,-0.0022058823529411686,-0.00367647058823517,0.6126401020901324,9530.5,67934.51605939068,492,3841076,8609594,592081,465477,1357161,2187467,894677,2257526,408735,1828089,277440,1871035,310982,0,0,0,0,0
167,000611,2017-11-02,-0.012804097311139517,-0.011523687580025643,0.3891595270536192,8530.5,43936.47155526597,402,6088521,2110406,418193,282654,2297330,1005514,1385181,511025,566655,311213,496481,0,342084,0,0,0,582597,0
168,000612,2017-11-02,-0.0009606147934677622,-0.0009606147934677622,0.2839013699134841,10450.0,119687.48398457737,1345,25173580,31946266,1234141,1126036,5902365,5650628,3418236,3453314,4447646,3142124,2528742,3117880,621476,2387705,0,3499529,7020974,9569050
169,000613,2017-11-02,-0.04530011325028316,-0.04303510758776907,0.3059952818275186,12660.0,94975.7506135013,833,16433299,11827398,794543,807558,3665181,3563188,3902285,2469726,3189375,1787767,749850,1020512,1067906,345651,432141,425000,2632018,1407996
170,000616,2017-11-02,-0.016279069767441756,-0.009302325581395321,0.14591135243195508,7361.0,83415.85504251336,869,18683225,8114190,818869,922875,3090320,2750379,3913798,1744141,2246419,1012540,1727600,1039259,2130969,0,1336860,0,3418390,644996
171,000617,2017-11-02,-0.02420382165605084,-0.029299363057324834,0.46956973765395926,9180.0,55096.389458080965,1120,16029310,8626387,1003793,1020407,4064496,4555601,2825040,1744875,2543532,1071272,752591,234232,1813922,0,941220,0,2084716,0
172,000619,2017-11-02,-0.007795100222717233,-0.010022271714921982,0.4403953897223734,8900.0,38700.068348142864,415,6485540,2789835,382371,436794,2438667,794338,1872352,453708,804420,865585,987730,239410,0,0,0,0,0,0
173,000620,2017-11-02,-0.0121765601217656,-0.0182648401826484,0.19554799342173543,7139.0,51745.619121887496,1129,19805741,6265816,2207077,684856,4733670,2342794,5235732,1458903,3805055,748105,1044290,514358,1355000,0,449917,0,975000,516800
174,000622,2017-11-02,-0.018425460636515845,-0.018425460636515845,0.28903754248057945,18504.5,68471.13590476719,426,8184014,6863176,264926,330017,2041105,1746680,3704156,1272305,1760871,2026534,412956,0,0,311640,0,0,0,1176000
175,000623,2017-11-02,0.006881720430107485,0.00129032258064532,0.4804497215533433,42201.0,235010.97332702493,2342,143072421,117949851,1082463,1015658,11008573,9950873,14551664,13322586,22713384,19727066,17874695,14099950,12934379,11098912,11141007,8372001,51766256,40362805
176,000625,2017-11-02,0.00592592592592589,-0.011851851851851891,0.26628287008985674,25403.0,185642.03560042172,2571,116175566,77170621,1469756,1554096,12039985,13552947,12768706,12467838,20020589,15240336,12767053,7278710,8205526,7394742,8623286,3003184,40280665,16678768
177,000626,2017-11-02,-0.047344849648112586,-0.03007037747920671,0.46156138192097157,15140.0,115700.08554405418,1147,30751513,18639271,742209,1223722,5405244,5807894,3482420,4529037,5551989,3022846,1895657,1913490,685587,659210,433200,893700,12555207,589372
178,000627,2017-11-02,0.02143622722400851,0.008574490889603492,0.16740118161846632,40744.0,257620.6881107326,3111,173548619,171387905,1594746,1437421,15094985,13476970,21205867,18426072,31035547,24487409,20017828,22327191,13933499,8072850,14840194,14536923,55825953,68623069
179,000628,2017-11-02,-0.014270032930845167,-0.00548847420417109,0.4291495258712929,9075.0,59754.18984093757,450,6999437,3375998,494973,558010,1903868,1923276,1396040,583863,1358720,109989,459907,200860,338844,0,0,0,1047085,0
180,000630,2017-11-02,-0.006896551724137945,-0.010344827586206806,0.057991404009858694,8580.0,250216.45943956872,2534,83258048,54626811,2216205,1982606,9540906,7613537,8307043,6127314,9534549,6402418,6264008,3258257,2140263,2033047,2587492,1306944,42667582,25902688
181,000631,2017-11-02,0.002358490566037652,0.004716981132075304,0.09559746068714048,15873.0,113107.67705082979,1976,32513118,52426654,1262342,1482265,6523881,13312943,4775736,12805463,5297760,8157811,3144801,2890311,634135,4020154,1310032,1776309,9564431,7981398
182,000632,2017-11-02,-0.005689900426742556,-0.007112375533428139,0.31195690981965307,10335.0,83651.29033295228,508,8944277,9811220,396648,423981,1921987,1985863,1873772,1666940,1209232,1639499,496800,902500,1423508,0,460290,1883100,1162040,1309337
183,000633,2017-11-02,0.04462474645030445,0.032454361054766734,0.2148968344239831,22440.0,106430.61219319957,2112,52228682,62572740,1218145,1262570,10976329,9263251,9986340,10619416,16486643,15549942,7246767,8605055,2026506,3184241,2241977,2655659,2045975,11432606
184,000635,2017-11-02,-0.007669616519173972,-0.0070796460176991705,0.5329663669560359,15290.0,59668.454127440484,1011,16424547,14754621,887581,797927,4693989,5835537,3387103,2767801,2546968,3275848,971194,1054150,1148577,1023358,1347656,0,1441479,0
185,000636,2017-11-02,0.01739130434782621,0.021739130434782705,0.17981368083522709,21574.0,187006.22349605054,2621,77639181,104268700,2121073,1714430,13065590,12184643,12170079,13245509,16370350,15079765,8996386,12328688,5509991,4627078,3532800,6717018,15872912,38371569
186,000637,2017-11-02,-0.026645768025078342,-0.02037617554858928,0.209663712728058,5706.0,39701.8020410876,926,12245433,5725807,960260,828045,3574905,1832568,2955376,1190339,2623609,1073734,1475973,486808,655310,314313,0,0,0,0
187,000639,2017-11-02,-0.011005502751375684,-0.012506253126563283,0.6638901570157788,3982.0,45379.73440413451,907,9805621,6206349,938019,1103830,2922964,2512652,1624750,1067932,1308374,451826,901889,216370,1148627,0,960998,853739,0,0
188,000650,2017-11-02,-0.015280135823429464,-0.01018675721561968,0.16953032971475424,7032.0,82726.52866159158,1208,20845303,12742685,993922,2317960,4269746,3186703,2552190,1971973,4424253,2330828,2232488,1995863,732265,395550,871936,0,4768503,543808
189,000651,2017-11-02,0.010521281683405048,0.0033476805356289496,0.7045162776220754,197611.5,930332.57095126,3524,783347296,865685449,255022,397474,5477088,7667852,15881426,20290701,38235386,49824384,44523914,49109242,37060613,41272975,37050048,44741797,604863799,652381024
190,000652,2017-11-02,-0.01737451737451734,-0.009652509652509633,0.14693211264073266,6734.0,83569.32479177005,1245,21240574,16038122,794921,1218671,4956693,3238003,4855596,3057080,2909414,2661321,1663062,1357226,2007237,2383196,890612,426935,3163039,1695690
191,000655,2017-11-02,-0.0013175230566534468,-0.0026350461133068936,0.2551794509830841,10682.0,85790.48429669313,885,15075170,13255760,765822,1148706,3337354,4254686,2717607,2185228,2973433,1603180,956890,1552817,664646,1002521,438124,474864,3221294,1033758
192,000656,2017-11-02,-0.019108280254777066,-0.014861995753715607,0.11812709631835738,6468.0,170392.9982919764,1594,41855613,15817891,1367672,1548169,6932430,4207104,4071878,2513591,2844082,1780245,3557604,1218866,694708,336765,3984885,0,18402354,4213151
193,000657,2017-11-02,0.0015325670498083088,0.0015325670498083088,0.4111719010287665,15004.0,54987.34782892314,1008,15946528,13944415,488069,894024,6966301,3648926,4041229,2827435,2500870,2056276,462558,2188489,391601,751980,499200,498180,596700,1079105
194,000659,2017-11-02,-0.002617801047120394,0.0,0.1306165859595621,12208.0,111541.48011432315,856,19913411,15087144,723997,486892,4456166,3001153,2941897,2825352,4868866,3772310,1136778,2777561,978921,1733044,920810,490832,3885976,0
195,000661,2017-11-02,0.034151034151034265,0.02386964886964882,3.7052730511893928,50424.0,409980.62890647183,2015,106781995,213695531,29724,18609,8584261,9383449,10417668,14811731,16221692,23043254,11489288,18529089,8083099,11224296,5766097,8445706,46190166,128239397
196,000662,2017-11-02,-0.0024169184290029344,-0.023564954682779526,0.6270634796237701,16170.0,74779.67199721634,696,17504677,10535391,671937,551738,3836353,2610347,2229445,2392151,4147615,3004212,1846846,211696,2688961,973898,1414020,0,669500,791349
197,000663,2017-11-02,0.016223231667748195,0.009733939000649006,0.795971537383055,15370.0,71843.88243098099,374,8811635,4835838,406517,217936,2029797,1308123,1416051,1122637,2026518,1270013,751392,502265,927200,0,462600,414864,791560,0
198,000665,2017-11-02,-0.013297872340425454,-0.011524822695035408,0.39141897229695194,5627.5,94339.94590980229,830,15118035,7650933,878173,292972,3441349,2314777,2396841,1748103,2037689,852094,1015995,472599,991857,335916,1320564,0,3035567,1634472
199,000666,2017-11-02,-0.014993184915947366,-0.01726487960018186,0.4842454337668646,19485.0,134956.71646364476,2067,80730797,35161507,1925775,1070342,11632215,6796296,12645173,5310786,12958211,7584654,9813688,5009193,3709171,1996383,5837372,1751225,22209192,5642628
200,000667,2017-11-02,-0.015290519877675823,-0.00917431192660545,0.0942097374269249,5184.0,84301.44233046634,1210,17895071,8459984,1870376,654102,4056822,2511058,1534787,1145884,1876891,1638796,2066715,0,992576,1064541,422500,0,5074404,1445603
201,000668,2017-11-02,-0.008604794099569824,-0.008604794099569824,1.1124755886050377,8100.0,28306.219644106714,213,1837389,1567689,280558,202367,1016562,475510,540269,291921,0,322661,0,275230,0,0,0,0,0,0
202,000669,2017-11-02,-0.005312084993359889,-0.010624169986719778,0.4489771662372922,14890.0,58052.74217895919,1125,21854305,11569399,1109904,532559,8117643,4066166,3983528,2164087,3851708,1897966,733467,1937806,1560980,970815,454755,0,2042320,0
203,000670,2017-11-02,-0.012578616352201255,-0.0062893081761006275,0.14258181185647772,15288.0,85732.82295931525,1994,50557835,33150667,1543311,1679443,10432348,7904775,9159691,7131877,11001567,7012683,5940346,4656788,4930457,1068444,1232427,465840,6317688,3230817
204,000671,2017-11-02,-0.04881450488145045,-0.04463040446304045,0.14069702582070517,26890.5,248262.94941077026,2604,138397620,93168413,1396310,1516990,10582814,13181378,11781470,12169280,18161158,18744121,16228351,9455172,12628440,12474480,8652891,6123789,58966186,19503203
205,000672,2017-11-02,-0.017208413001912226,-0.019120458891013437,0.20887353034822786,21703.5,122279.69677143887,2510,88633690,51837824,1510640,1408639,13359221,12186684,14122841,12139532,17603108,13368852,10338487,6487812,4687458,1364518,2589979,860675,24421956,4021112
206,000673,2017-11-02,-0.01181434599156106,-0.010970464135021007,0.4603189324716349,16464.0,119624.62449497014,662,18091924,13823297,477426,429530,3886627,2604585,2685634,3051600,3058918,2972911,2200066,905829,1784647,385560,484100,0,3514506,3473282
207,000676,2017-11-02,-0.00552104899930983,-0.004830917874396157,0.41252954710075246,17208.0,77580.33094088241,1234,28990315,22114460,963959,955591,6769854,5618991,6735816,4456071,5768971,4901589,2271675,2010049,1680101,1366071,1858978,833850,2940961,1972248
208,000677,2017-11-02,-0.004444444444444362,-0.00666666666666671,0.20403031242676933,8920.0,58105.35288469632,486,8159083,4380655,439435,540892,2447403,1432952,920347,994078,1467331,740233,736080,224500,341880,0,1806607,448000,0,0
209,000678,2017-11-02,-0.018750000000000044,-0.016249999999999987,0.32091646803171087,7920.0,143676.43528573748,621,9751269,8112525,733528,931122,2118479,2429894,1288896,810316,1868634,409103,468895,0,1000942,320740,477600,0,1794295,3211350
210,000679,2017-11-02,-0.025301204819277223,-0.024096385542168752,0.32446869980717796,8145.0,63633.1443593864,654,10553189,5981517,1108592,789078,2350073,1944996,2610983,1379993,1148150,1074311,1196040,210739,0,0,496526,0,1642825,582400
211,000680,2017-11-02,-0.020484171322160183,-0.011173184357541999,0.16293806744581224,6432.0,50023.7880875038,1087,17469471,8669354,957863,888875,4264674,2958599,3632975,1975252,4833293,1535744,1327340,480748,1813726,320400,0,0,639600,509736
212,000681,2017-11-02,-0.004904632152588517,-0.019618528610354402,0.7408721757035956,7176.0,40699.60737865551,613,7652184,4240718,1084388,419403,2683792,1181524,1277343,1352001,1661141,1076216,0,211574,0,0,407620,0,537900,0
213,000682,2017-11-02,-0.007968127490039723,-0.003984063745019806,0.16483161583409292,5010.0,48704.12169889057,928,10459577,6723900,765561,1277927,3044490,2195293,1701257,1278184,1637838,1151471,1752789,257525,315692,0,0,0,1241950,563500
214,000683,2017-11-02,-0.019543973941368087,-0.013029315960912058,0.07331072771858621,8208.0,108802.54833815248,1766,41664169,25395790,1645112,1429790,7229983,5527751,4736887,3859342,7627218,3047268,5103923,1473541,2629653,981398,3194273,1762244,9497120,7314456
215,000685,2017-11-02,0.0018832391713747842,0.0,0.29437321269770456,8448.0,52976.88406585669,1302,16830409,19433723,2291863,934738,3720296,2958601,3059045,1559797,4292654,12393893,662860,1155369,636600,0,472314,431325,1694777,0
216,000686,2017-11-02,0.006211180124223725,0.0,0.23859433406156563,16464.5,146205.50888979968,1640,57681502,48216527,1509313,1245277,6377658,6902089,6884004,6228529,9178361,9691718,6908062,6577616,3397314,3099220,6007958,3038739,17418832,11433339
217,000687,2017-11-02,0.002826855123674754,0.004240282685512353,0.3277612737739604,21225.0,118147.7403801691,1864,52536923,48970097,1323652,1293793,9533919,8518972,9417223,9028979,13495929,11737914,5395664,5336998,3792811,3919573,4436217,3086881,5141508,6046987
218,000690,2017-11-02,0.050546448087431806,-0.006830601092896238,0.2145940027398233,11632.0,200376.80528949018,1165,43917542,31541272,669864,1106296,3437633,4457614,2253096,4924610,3051916,7682539,4963397,4330883,3042125,4924617,1351261,2263688,25148250,1851025
219,000691,2017-11-02,-0.00433526011560692,0.0014450867052022698,0.4655856771070956,13129.0,63732.14204408689,220,2854588,4046273,159364,145118,1341657,916142,520295,591032,486772,824704,0,241150,346500,340550,0,468520,0,519057
220,000692,2017-11-02,-0.01426307448494446,-0.0031695721077653616,0.366949792930118,8764.0,45832.10487421489,295,5383855,2207757,225096,223503,1466350,932054,908498,749718,1391541,302482,760970,0,631400,0,0,0,0,0
221,000697,2017-11-02,-0.011485148514851495,-0.0007920792079207928,0.5873209800596672,25490.0,177635.80510497934,1849,94163956,54426634,945225,959349,8986733,7791486,11425567,7546691,14323116,10629151,11776763,6855881,6514460,3864638,7519820,1328343,32672272,15451095
222,000698,2017-11-02,-0.012841091492776902,-0.006420545746388395,0.26287590979584174,9300.0,34145.7994971769,561,6558659,5750034,541704,461247,2686328,2131240,1672603,1414447,1434464,1487260,223560,255840,0,0,0,0,0,0
223,000700,2017-11-02,-0.024390243902438935,-0.010670731707317027,0.23573646561874098,10384.0,99395.7842994648,774,20898105,7943835,788132,715514,3498089,2012764,3309576,1826056,5090642,2256029,623940,0,2421357,653304,1325904,480168,3840465,0
224,000701,2017-11-02,-0.02335279399499579,-0.021684737281067568,0.32310424444719854,10602.0,63814.31864632778,1377,26109202,14832457,1088836,1420778,5734236,6156213,3724679,3016112,6492190,2459138,3531322,910947,1799158,303349,1325892,0,2412889,565920
225,000702,2017-11-02,-0.033573141486810454,-0.026378896882494063,0.25908752077740704,8260.0,88919.10249312354,1037,22791501,11348735,972759,1325138,4503536,3650118,3581376,1643632,4124430,1864761,1677986,443513,2085006,324746,1390078,460923,4456330,1635904
226,000703,2017-11-02,-0.008507853403141308,-0.008507853403141308,0.3546546658122567,16676.0,89027.1911516719,1862,32734257,49323116,981789,1659905,3564807,11081472,10082780,8915283,10039237,10535046,2961679,3661804,1228045,3002010,951290,3193266,2924630,7274330
227,000705,2017-11-02,-0.015228426395939132,-0.017258883248730927,0.3039526272911425,9710.0,43590.39594661666,1050,16895005,5925049,2221492,856759,7072326,2525340,1936841,1250713,2342387,830518,2230893,0,319806,0,0,461719,771260,0
228,000707,2017-11-02,-0.00783699059561127,-0.010971786833855801,0.2826887318689566,6963.0,46227.20286726529,509,7759052,4599050,688213,391347,1637456,1255036,2130927,1450038,1565601,1003221,1736855,0,0,0,0,499408,0,0
229,000708,2017-11-02,-0.02838605028386043,-0.03406326034063256,0.28353843122707584,7271.0,104440.39731344196,1892,50749529,19900913,2713590,1024603,6492399,5749189,6623329,3295166,10232235,4389264,4517140,2199507,3196663,701139,2705117,478739,14269056,2063306
230,000709,2017-11-02,-0.0023866348448688957,-0.014319809069212486,0.07737019487509672,22770.0,272342.3810314099,2951,171504982,81318710,2325518,1525419,18573832,10633134,14991351,10574040,15757992,11201529,25158845,11373606,8190709,7891595,10253317,3982407,76253418,24136980
231,000710,2017-11-02,0.01999682590065066,0.018092366291065032,1.3068513769019876,44940.0,168028.50774781857,2327,109032700,118402565,851581,976265,10389665,11151378,13303248,13630979,21516522,25329543,16243530,19085913,16820588,12601322,7562276,5380737,22345290,30246428
232,000711,2017-11-02,-0.038377986965966726,-0.027516292541636567,0.41764337611085106,13450.0,48611.208126057936,1094,21620643,8688014,862906,591519,6947064,2273223,9009822,2401736,2406984,1796257,1684917,432224,708950,375480,0,817575,0,0
233,000712,2017-11-02,-0.007383966244725815,-0.002109704641350185,0.5081128075075952,22595.0,119780.25513643445,1393,54482326,34079384,1155214,1135531,6619294,6473331,6710880,6348603,10522134,7872126,7155537,3585702,7261401,3248814,3946925,902216,11110941,4513061
234,000713,2017-11-02,-0.019255455712451908,-0.023106546854942178,0.3284441202702054,11565.0,64220.656261918506,562,12074994,5250171,518030,396518,3391375,1622203,2266666,1095337,1898320,1289139,1903344,473929,313990,373045,913829,0,869440,0
235,000715,2017-11-02,-0.02017291066282434,-0.011527377521613924,0.35370995191014,4120.0,81013.96464206144,868,11216102,4022750,1160116,985582,1621823,684966,876551,628561,831979,575918,556830,426445,1284264,0,885800,0,3998739,721278
236,000716,2017-11-02,-0.01851851851851849,-0.015432098765432167,0.18025872831991807,11448.0,71768.66883328815,1293,29287446,17709540,1354915,1201330,5809536,4073094,5415768,3882557,8500037,3347006,2580120,2446061,2367589,333840,1793428,861939,1466053,1563713
237,000717,2017-11-02,0.029792746113989743,0.02590673575129543,0.14194738179889235,47340.0,484836.51846078335,2967,192898197,273031658,1333290,1466135,12213130,12521050,17066125,17219140,28568981,32963991,22343214,24434768,15214250,19107945,15891468,14577686,80267739,150740943
238,000718,2017-11-02,-0.013157894736842146,-0.009398496240601628,0.14277259721103464,8967.5,67329.96401964378,1392,28302898,15714913,1589814,480208,5257403,2981656,11418375,3411314,3177180,1396041,2805373,2773345,1440818,1445407,876609,0,1737326,3226942
239,000719,2017-11-02,-0.004975124378109541,-0.003980099502487677,0.3289121117739897,6006.0,44644.74619540199,933,12677954,6909961,2321915,425277,3405813,1531066,2233223,791581,2201055,2443137,1402000,1418600,665200,300300,448748,0,0,0
240,000720,2017-11-02,0.01391650099403563,0.017892644135188762,0.1641052864566096,10563.0,79603.52887470702,940,15563557,18607102,814320,632513,4405558,3853196,2466721,2428955,2061300,3944228,2249416,2435128,974820,2576051,487190,984485,2104232,1752546
241,000721,2017-11-02,-0.019061583577712593,-0.014662756598240567,0.27445838730228767,6760.0,49161.51061904158,617,8032132,4169597,736792,659969,2159557,1925837,1654880,839588,1161374,744203,605400,0,356017,0,0,0,1358112,0
242,000722,2017-11-02,-0.0008561643835616195,-0.005136986301369939,0.4451308659231104,9336.0,99944.34279600778,688,16367379,4932468,886468,371813,3438725,1829450,2317123,1011084,3360330,524152,512123,260769,699865,0,1390350,0,3762395,935200
243,000723,2017-11-02,-0.0091012514220703,-0.018202502844140933,0.217182269735771,27648.0,336519.04072190303,1641,116110193,89064575,805719,1002339,4381495,7086145,4496398,12091881,6792514,14373631,8517790,8599406,7568987,6088296,16150601,8120436,67396689,31702441
244,000725,2017-11-02,-0.04901960784313719,-0.042483660130718914,0.10216787651352473,1171469.0,4946506.488466341,3602,4787358215,5249600748,0,0,201654,71048,1086311,1336406,10178645,13489778,17178278,34930595,31933562,51704436,38105569,59810572,4688674196,5088257913
245,000726,2017-11-02,-0.0149779735682819,-0.01585903083700435,0.26555598780653916,11230.0,68598.18552122446,1827,42133610,16332238,2574454,655483,11465241,4489570,9107131,4244212,5530973,3925910,3631007,926678,1934836,743475,2221366,1346910,5668602,0
246,000727,2017-11-02,-0.014134275618374548,-0.014134275618374548,0.06295004020730163,8992.0,193916.66545795905,2041,60796686,44298302,1662304,1474631,7417159,7727848,5531146,5335817,8364224,5735830,4611572,2940750,4239672,1630868,1704799,1699662,27265810,17752896
247,000728,2017-11-02,0.013600000000000056,0.012799999999999923,0.24147573285058213,39153.0,285478.1483674084,2682,153968400,176512191,1066087,927062,14296859,11446825,16522410,13969983,23669374,22226637,18845729,16086448,9155229,11801193,10223389,11155667,60189323,88898376
248,000729,2017-11-02,-0.019077901430842648,-0.015898251192368762,0.14899558092775606,11818.0,109321.84800917914,1785,38854232,33333975,1296468,1714891,7418606,9024609,4487108,4476243,4022416,5237505,4413966,2185004,4981401,2622889,2698007,2648867,9536260,5423967
249,000731,2017-11-02,-0.01797175866495504,-0.01797175866495504,0.2508810037073588,14630.0,88796.63298288002,964,25488424,11846312,740067,835108,5285230,4515822,3044888,2031374,3770767,2798045,3126662,809402,3273973,306125,1325174,0,4921663,550436
250,000732,2017-11-02,-0.007449856733524274,-0.010888252148997024,0.45491116631583695,8662.5,56775.184636335056,1472,25779480,11986083,2262052,866043,7063841,3684035,4557635,3197281,4385014,2504192,1891295,731540,2204730,1002992,831405,0,2583508,0
251,000733,2017-11-02,-0.026751592356687892,-0.026114649681528657,0.4349838611016213,15400.0,148052.0855992365,1303,43481979,16944779,1109411,1182045,5874472,5525205,8555440,3220546,6680826,2681564,2287361,1641933,3584055,685550,2689266,463390,12701148,1544546
252,000735,2017-11-02,0.006045949214026791,0.01692865779927466,0.1673871857736314,43628.0,239336.42579066212,2447,156699310,140107664,1527826,1127285,11096070,8920147,15889524,12517747,22602213,19659072,21599949,16550853,14593785,13444529,11478656,11048200,57911287,56839831
253,000736,2017-11-02,-0.023661270236612686,-0.019302615193026118,0.4797646735830861,15670.0,73756.06432342992,1121,27110763,14320542,991372,1084419,6111739,4272376,4963453,3071529,4886697,3118503,4157278,1117627,3419969,761328,0,894760,2580255,0
254,000737,2017-11-02,-0.0035650623885918886,-0.02317290552584672,0.2123351425385678,9367.0,63696.34031221275,698,11613605,8941559,620696,704600,2581847,2167053,2923908,2029130,3002671,1738331,1436277,479610,1048206,723737,0,0,0,1099098
255,000738,2017-11-02,-0.022270505160238985,-0.020097772949484005,0.43759301493179614,19987.0,115241.25535471576,1770,65235116,34976434,1027623,1480649,7807636,7909729,14644371,7211661,13413697,6379594,8752731,4779605,4089062,2119535,1912626,1759086,13587370,3336575
256,000739,2017-11-02,-0.01805555555555549,-0.012499999999999956,0.32907421321103036,7130.0,68012.87419194334,478,8904054,3598966,662051,520949,1786530,1136883,1495417,669838,1641162,327060,1045086,255255,355000,688981,0,0,1918808,0
257,000750,2017-11-02,0.011009174311926495,0.0018348623853210455,0.12921821108418602,11957.0,107775.45849168865,1782,41926044,39875903,2000872,992177,9772241,4956157,6028489,4796143,6937492,5302061,4759882,3833994,2580108,2423374,2658032,4101898,7188928,13470099
258,000751,2017-11-02,0.00746268656716409,0.005597014925373012,0.13774028260561025,10860.0,130628.40442246059,1516,37930823,24541004,1644370,785767,8546855,4686992,7187069,2451883,4933917,3756703,3780283,1967775,3759478,2614254,1313924,1286898,6764927,6990732
259,000752,2017-11-02,0.0014513788098695635,0.002902757619738905,0.6304695209661609,8292.0,98890.24683000748,477,7176568,5049582,432296,428592,1832582,1443880,992628,1039101,1436158,534987,250142,729546,300762,386976,0,486500,1932000,0
260,000753,2017-11-02,-0.018223234624145768,-0.015945330296127436,0.15823853076709454,4310.0,51687.94597000429,770,9864292,5485677,606608,915785,2087206,2115905,1669495,621830,2112478,675411,874025,690836,1026910,0,920374,465910,567196,0
261,000755,2017-11-02,-0.038961038961038974,-0.03710575139146555,0.13905776204230386,12028.5,64210.32735410724,1506,28612573,18986114,1310025,1122163,7968477,6211316,6020439,3127919,6655823,4180008,2722921,2132001,616659,1382512,1251122,830195,2067107,0
262,000756,2017-11-02,-0.04610951008645536,-0.03458213256484155,0.41566098098831084,20724.0,104367.23486416317,1745,53467019,39896655,701249,1238385,6062578,11076048,6464055,10045271,16791300,8655508,6256375,3715761,4811258,2021199,3093057,1326421,9287147,1818062
263,000758,2017-11-02,-0.014285714285714235,-0.011428571428571455,0.18258072604967243,8304.0,95581.37479023747,1471,31068502,17832872,1190001,1537186,5851071,5247945,4426777,3270223,3613300,2937309,3953005,1579285,2752375,1324088,1254651,1413677,8027322,523159
264,000759,2017-11-02,0.027253668763102867,0.024109014675052443,0.2261550164117845,10466.5,71626.34919809297,1782,21879817,33055452,2080645,1545504,7360838,7547099,4456986,5535997,4069528,6722181,1115092,3660655,1401951,2067483,0,992428,1394777,4984105
265,000760,2017-11-02,-0.03676470588235292,-0.026960784313725505,0.2162992710359,4010.0,46006.07596917015,1425,15094790,9717027,1705253,1051082,4265272,2386295,2990957,2539191,2443518,1390933,934602,1150871,354926,763200,1759464,435455,640798,0
266,000761,2017-11-02,0.0018761726078799779,0.007504690431519689,0.1152294015129255,5410.0,91279.4913473945,2147,30089582,35727172,2164558,1328858,5857652,8650508,4171103,4658528,5454193,5880172,4378789,3288491,1637133,2347448,1865792,499113,4560362,9074054
267,000762,2017-11-02,0.005316007088009389,0.0041346721795629815,0.35333524545123196,29104.0,218092.06235718014,2298,115816822,98016778,1449228,1082593,10646034,8983092,12245478,11814655,19790303,20052786,14056155,11997753,11014377,7422873,6623367,7652426,39991880,29010600
268,000766,2017-11-02,-0.020378457059679667,-0.018922852983988325,0.46765290450603086,13440.0,115697.97909013488,863,17295392,15442602,703248,833450,3668929,3525035,2896414,1946434,2997244,2250902,1968080,1503891,1616122,2042810,0,478608,3445355,2861472
269,000767,2017-11-02,-0.012307692307692353,-0.012307692307692353,0.14725511592426616,6156.0,74832.84498031819,487,9240626,4399833,507307,414125,1763733,888439,1930798,589980,1434819,1844998,694156,0,323000,662291,869060,0,1717753,0
270,000768,2017-11-02,-0.021299836155106333,-0.017476788640087393,0.3872247474977658,26925.0,185834.04501203203,2236,110298251,69549884,1474556,1440287,11398187,10680963,12882643,10966398,15287485,11805794,10417704,7948166,10815978,5339666,7982313,4435492,40039385,16933118
271,000776,2017-11-02,0.0033783783783782884,-0.0033783783783785104,0.3362439003989653,62820.0,396905.85767845466,2791,298043748,284934224,1138673,1058593,9797224,9656016,14148448,15253924,32916522,24852380,21208953,21941713,17557833,21507628,16954854,14312753,184321241,176351217
272,000777,2017-11-02,-0.016493585827733637,-0.014660965180207763,0.5395276708680706,11304.0,76580.51081777684,920,19102378,9985404,965989,951275,4785726,3174365,3401397,1679939,3986301,1425114,1052616,299646,676944,785376,2068801,0,2164604,1669689
273,000778,2017-11-02,-0.01683501683501687,-0.013468013468013518,0.12120542707245044,15353.0,167249.94669410316,2408,79605598,51137814,1667046,1446471,12085308,8717897,10777032,7994572,11805382,7284123,9993020,5493514,5354824,3696218,5802221,2316580,22120765,14188439
274,000779,2017-11-02,-0.017857142857142905,-0.01845238095238111,0.6229389340415659,16690.0,72735.37625734626,727,16608142,7204881,473828,507668,4492987,3522146,3975435,1600171,2089291,645504,2536181,200760,699920,728632,412343,0,1928157,0
275,000780,2017-11-02,0.0,0.0,0.22306392941750638,4995.0,51730.36325833625,492,7232422,4452282,446607,415987,1623676,1545947,1060145,1192531,2091584,347163,1195310,474154,321100,0,494000,476500,0,0
276,000782,2017-11-02,0.0020811654526535772,0.007284079084287187,0.3034438060598577,12467.0,58066.35720891737,1003,17767734,13958843,1162940,992131,5762757,3270560,4410649,3572992,4552509,1754923,1566229,949808,312650,1670465,0,897884,0,850080
277,000783,2017-11-02,0.007803790412485911,-0.0033444816053512794,0.19125464629855984,10728.0,155251.39005571196,2202,70787949,51022165,2678535,1717838,8522129,7208327,9274836,7075981,8824922,6044770,5857156,4729135,8084640,5508265,4317021,3051983,23228710,15685866
278,000785,2017-11-02,-0.023191094619666064,-0.029684601113172393,0.4798865472156295,11179.5,142745.65955635952,504,11730442,8359794,319740,478467,2648591,1594232,2459991,785016,2643287,1269179,1647664,212800,978836,0,0,0,1032333,4020100
279,000786,2017-11-02,-0.06434782608695655,-0.060434782608695725,0.39534115740432507,75915.0,545807.2920148772,3389,433372780,330003735,673363,723810,12664826,13153940,19557127,21912095,38058884,35443996,31382028,26757203,33726416,25049102,35902971,14480140,261407165,192483449
280,000788,2017-11-02,-0.0064239828693790635,-0.005353319057815886,0.36199721553886166,5604.0,51609.441008667185,665,10059353,4873657,627637,701158,2478514,1908091,3169882,1232881,1188793,527412,742248,0,734714,0,466565,0,651000,504115
281,000789,2017-11-02,-0.02810304449648693,-0.021077283372365363,0.2138560265466897,12690.0,76855.72093875222,1597,33676018,26532463,1088347,2266473,6289656,7586971,6065124,5911822,6006313,6450825,5051601,1143910,1996096,2584798,848344,0,6330537,587664
282,000791,2017-11-02,-0.0021905805038336945,-0.008762322015334112,0.20003766818588656,19089.0,102473.56354826227,2085,65009264,40863566,1913620,1431370,11141813,8961735,11057971,9135766,14673219,9180570,6324289,2036456,5427435,3500092,3023168,4335150,11447749,2282427
283,000792,2017-11-02,0.016883116883116944,0.022727272727272707,0.2649199193638441,121737.0,564938.977431211,3384,467151470,548561180,659238,678863,10042701,10744869,18549537,18379561,38018291,44036059,39555405,42135350,40810650,36356100,25437506,36676026,294078142,359554352
284,000793,2017-11-02,0.0,-0.007729468599033784,0.27862273901699497,37814.0,184716.0026795861,1380,90994227,43837257,719297,308790,8683169,2398613,13209666,1908306,14737783,7280541,10898752,6925629,13163318,4834498,5785848,4360434,23796394,15820446
285,000795,2017-11-02,-0.025757575757575757,-0.018181818181818077,0.14670780248242388,13100.0,76545.11373791094,2027,43025456,28908019,1509018,2304640,10317911,8971377,9991422,6639617,9595926,4620133,3643247,2406943,2412535,1734409,835212,0,4720185,2230900
286,000796,2017-11-02,-0.01882845188284521,-0.019525801952580135,0.37199578981538556,14135.0,70493.88181649776,1486,33576243,22478758,1481159,1339930,7478831,6284631,7008014,4244730,9135940,4544332,2917627,1756246,2513737,1292213,1714980,1390868,1325955,1625808
287,000797,2017-11-02,0.003961965134706924,0.008716323296355188,0.3765574122456479,24151.0,156656.72386758152,1124,36228287,28613903,625630,607845,5727572,4609786,6180034,5070841,6407993,6558412,7510470,2621238,1005798,1786971,811904,2628185,7958886,4730625
288,000798,2017-11-02,-0.017391304347826098,-0.016304347826086807,0.3067867774246711,10032.0,63079.76171082613,899,18357571,8932715,825284,899964,3915782,3397171,3516688,2045085,3402458,1813631,1904519,460384,2344348,316480,441640,0,2006852,0
289,000799,2017-11-02,0.020848056537102533,0.01519434628975258,0.5046163946441575,60690.0,214385.12472994195,3148,191375690,200454848,701466,976919,10736187,16365382,21855289,21342670,35684473,36412704,30232289,32700002,24267033,21085694,16843745,13524657,51055208,58046820
290,000800,2017-11-02,-0.01589958158995808,-0.023430962343096162,0.2638937736183863,29700.0,232600.7659944976,2053,108201731,75026263,878274,1232340,8905620,8545210,14459503,10571479,16795373,12701509,13951043,8073921,9633753,5863141,6299633,4161724,37278532,23876939
291,000801,2017-11-02,-0.024193548387096864,-0.021505376344086002,0.24825623872058114,9516.0,64755.83429018478,898,17089736,10609241,809191,1063988,3301287,3287820,2657985,2606262,3235302,1813786,2369558,702228,2055248,1135157,1398858,0,1262307,0
292,000802,2017-11-02,-0.026350461133069825,-0.01844532279314881,0.38114582914429557,19493.5,79471.19925187569,1586,43592767,26503279,1133811,1102964,9068256,7743544,8893777,5634075,11723385,8643273,4163156,1629374,1741554,611810,1812547,446985,5056281,691254
293,000803,2017-11-02,0.04084442404772837,0.016521340064249657,1.4407117011507067,11062.5,33528.20088329993,228,2756599,2584863,230985,142858,916945,920296,675312,850143,933357,671566,0,0,0,0,0,0,0,0
294,000807,2017-11-02,0.01181434599156117,0.01097046413502123,0.21765523634961007,50484.0,293330.35820526216,2968,200214468,204421167,1193380,1230680,12439040,11589927,18465481,18232829,30127932,29329650,24058365,27405283,19145737,17774003,13676086,11734195,81108447,87124600
295,000809,2017-11-02,0.01703163017031617,0.01703163017031617,0.20380593331218433,12600.0,97514.78132585771,406,7284472,8380349,375821,223734,2173653,1347361,1151759,1732941,1960036,1651906,879522,1152290,329600,632678,414081,0,0,1639439
296,000810,2017-11-02,0.0065543071161049404,-0.0074906367041198685,0.36324692159184685,9567.0,63781.52401565832,864,14907309,8531903,1151197,670233,3473836,3000053,2904981,1513451,2414389,1355159,652589,1141284,1287879,0,1332942,0,1689496,851723
297,000811,2017-11-02,-0.03498871331828424,-0.02934537246049662,0.24163509179223053,15858.0,106325.98577723833,1345,37087699,20620102,813240,1455320,5135149,4550828,12450032,3685081,4970574,2110048,3518521,3326416,1976594,1081420,2202411,1266844,6021178,3144145
298,000812,2017-11-02,0.01840490797546024,0.024539877300613355,0.3496778248993244,16660.0,109402.47213400019,543,11921910,16642534,481655,391268,2767735,2241093,1401368,2854952,1726273,3696523,1829868,1167239,346920,2657039,828146,1305493,2539945,2328927
299,000813,2017-11-02,-0.006605019815059565,-0.014531043593130843,0.22070697677751086,2996.0,26359.40153448607,1177,8895775,2684566,2441470,566904,3033390,782741,1268756,917073,1121537,417848,203184,0,350438,0,477000,0,0,0
300,000815,2017-11-02,-0.01853707414829664,-0.0010020040080159776,0.5439945622801474,19790.0,89293.03481468729,1347,34065709,28078632,1184859,993509,6031466,6925670,6615596,5901050,7059188,6040200,3986181,3229656,2247521,2079361,886796,913499,6054102,1995687
301,000818,2017-11-02,-0.001776198934280604,-0.002664298401420906,0.41178176555167745,11220.0,65400.33729084718,747,14539125,11454843,657747,818512,3079962,2253630,3256716,2177819,2929677,2599757,1917587,1812531,2138936,618200,0,0,558500,1174394
302,000819,2017-11-02,-0.022566086395873652,-0.0180528691166989,0.7134041607215086,10713.5,45803.81750227333,472,7501989,3927467,389491,554373,2819257,1255772,1630244,732854,1059061,835875,768662,242793,0,305800,835274,0,0,0
303,000821,2017-11-02,-0.020516214427531376,-0.017207147584381244,0.3675543474338034,28120.0,122208.11082912261,1692,64326380,40958557,951007,951602,9088383,8641653,13871926,5509286,12323115,7593011,7563288,4488188,4705477,3396971,2224587,3274240,13598597,7103606
304,000822,2017-11-02,-0.03652968036529669,-0.0237442922374429,0.235093464620316,20558.0,145649.70786728893,2171,77128767,44165111,1411834,1862893,9914145,10706758,11556363,8481852,15102805,8736367,8993010,4521744,5466687,2084490,2742707,1805190,21941216,5965817
305,000823,2017-11-02,-0.014634146341463317,-0.017682926829268197,0.31907277472321033,47313.0,290957.2890739736,2648,204392073,143504374,1205119,941659,19899621,8186588,18863981,13750428,31164078,21119148,18554648,14568033,13958393,12573089,11455572,9799187,89290661,62566242
306,000825,2017-11-02,-0.007547169811320753,0.0018867924528300772,0.09240174426371571,37346.0,296706.7298479636,3308,193701555,177839183,1408842,1526518,15063469,16804508,19805356,20222450,27116286,27646500,19337743,16694099,12548831,13425261,10186313,7569268,88234715,73950579
307,000826,2017-11-02,-0.02108678021086785,-0.02622330359556635,0.7583362087172103,39908.0,365460.93761150975,2380,197060080,122458482,1084107,835549,11504341,10026050,13622672,10821867,24096743,19926020,17769679,11707569,21873971,15735503,8643678,7024928,98464889,46380996
308,000828,2017-11-02,-0.0008183306055645767,0.0,0.39028485683030767,6115.0,59501.01867051985,980,12079012,10791983,764645,1435873,3760127,2629663,2203429,1834732,2852542,1916250,482728,458700,368400,710294,0,1806471,1647141,0
309,000829,2017-11-02,0.004854368932038833,-0.001941747572815622,0.29279588931059003,14398.5,75334.53679559223,1238,28473386,12324278,1038678,711609,9130144,3646448,4561322,2342056,5382200,2666408,2238307,934150,1758046,1046179,450975,451140,3913714,526288
310,000830,2017-11-02,-0.03223070398642913,-0.004240882103477395,0.21124130008860637,38692.5,225919.44726693947,3122,189118434,158562865,1945661,1173153,15844014,10463889,19701029,14247606,31904258,26705152,24471354,20015379,15607313,13482974,9837614,13108797,69807191,59365915
311,000831,2017-11-02,-0.03279938977879482,-0.022883295194507935,0.28967376515226567,19530.0,177698.86805333887,2049,78779797,45671546,1209773,1544253,9937576,9593234,10514396,9190633,13173976,10386038,8444393,5541375,6610735,2737939,2765910,1331534,26123038,5346540
312,000833,2017-11-02,-0.016883116883116833,-0.016883116883116833,0.26407102981759917,8321.5,39505.89142560389,850,11893271,6754187,1020386,817306,3923775,2823814,2451569,1578821,2677117,1534246,646634,0,667940,0,0,0,505850,0
313,000835,2017-11-02,-0.011956521739130421,-0.014130434782608559,0.35166984632794374,9165.0,70980.42559352148,684,15184321,5709963,628189,623138,3968044,2051772,2301290,685157,2244502,631496,1476377,528555,1452072,348460,1258029,841385,1855818,0
314,000837,2017-11-02,-0.023066485753052923,-0.01899592944369055,0.23086091757682553,14600.0,73252.65254933255,1019,27274337,15770064,863350,919507,4709258,3573331,5620096,3713873,7132159,4246562,4342698,1671843,3059109,0,454375,0,1093292,1644948
315,000838,2017-11-02,-0.019169329073482455,-0.019169329073482455,0.18223533983420537,11704.0,52453.21608867606,1181,20684991,10857109,1165589,1076670,5728608,4177109,4881291,2055546,3579393,1967462,2421344,475910,1687376,693799,430500,410613,790890,0
316,000839,2017-11-02,-0.016695957820738294,-0.01493848857644986,0.2031428424307513,66198.0,426889.2583892726,3141,341752571,257431376,1012485,654048,14287733,9763313,19905032,13251377,43950127,31574128,33942393,29323958,26630347,24582128,15393961,15183024,186630493,133099400
317,000848,2017-11-02,-0.028917910447761264,-0.02425373134328357,0.24726555014694304,13584.0,143508.5044327145,1883,74424598,39567060,1518362,1303608,7845414,5338689,8946369,6536805,9075941,7394037,9822500,5703932,7302128,2351283,3201775,4034753,26712109,6903953
318,000850,2017-11-02,-0.011857707509881354,-0.011857707509881354,0.21468583774400854,8551.0,79867.89783243797,555,10608776,4592745,1130994,659870,1796326,1268122,1250408,1153653,1493764,200800,1960585,245952,973700,0,451799,0,1551200,1064348
319,000851,2017-11-02,-0.011549566891241647,-0.014436958614052031,0.3745850659980237,13403.0,113876.36056277594,769,19084680,13127453,531628,478176,3853049,3187749,3142978,2251862,4494091,2257051,1781443,1407477,761498,370888,0,446423,4519993,2727827
320,000852,2017-11-02,0.002640845070422726,-0.002640845070422504,0.2949254074978125,15910.5,104114.74997640488,1484,34093332,29607935,1069661,988174,7856907,7011807,6150865,5131837,5550452,5369766,3002519,2276996,3428697,2885332,1317299,904020,5716932,5040003
321,000856,2017-11-02,0.01656695812241149,0.01334560515416472,0.4619297888788178,26508.0,108790.95674159953,2214,61178786,78795037,1242273,969307,11547768,11721509,10943592,13687943,14569110,18206058,9208860,11280277,4884222,3586716,2582794,3478227,6200167,15865000
322,000858,2017-11-02,0.00850111856823288,0.0004474272930647949,1.146466410743439,147686.0,847253.4072939986,3421,640602701,588415864,397461,403863,7847050,9539783,16724012,19846071,45045716,43819888,45652576,44355538,41993412,41517544,37233917,29264888,445708557,399668289
323,000859,2017-11-02,-0.018595041322314043,-0.016528925619834767,0.18050727216358833,9600.0,74536.982439666,719,15019197,7230538,625064,894984,3350742,2610328,2493609,1421726,2893253,538158,3304555,431156,333200,376186,482000,0,1536774,958000
324,000860,2017-11-02,-0.0025510204081633514,0.0005102040816324926,0.4927274002478201,13762.0,111605.06992129255,1582,42079731,28768951,1823177,1266879,7682731,4954429,6197388,5021881,7956204,5552670,3789772,3056945,3282051,3486442,446282,1322512,10902126,4107193
325,000861,2017-11-02,-0.005571030640668551,-0.00835654596100277,0.1634604157550382,7140.0,35836.90355574111,482,6073742,3380037,469204,427639,2075082,1442060,1502412,363387,1379792,1146951,262772,0,384480,0,0,0,0,0
326,000862,2017-11-02,-0.05140961857379778,-0.03814262023217252,0.20894587965029932,11020.0,53369.88841120499,850,12582831,8992065,659801,844690,3864150,3222903,3148977,2272294,2394054,1930702,202420,721476,374400,0,0,0,1939029,0
327,000863,2017-11-02,-0.012012012012012074,-0.013513513513513487,0.3106331254282998,7249.0,42185.89391250158,459,6514527,3449620,396434,378015,2697112,1170012,1132456,901767,645447,669826,902542,0,316140,330000,424396,0,0,0
328,000868,2017-11-02,-0.020652173913043415,-0.015217391304347738,0.16646711121337066,41560.5,322479.4356525782,3060,233165557,159554960,1629429,1437236,14321736,11974385,18979304,13994569,33857254,24979704,22023831,24792900,16459531,13860509,17301464,10765261,108593008,57750396
329,000869,2017-11-02,-0.01635155850792025,-0.01124169647419515,0.954615653504844,27509.0,149176.6633554628,1681,72363677,49088248,948465,1085404,8884124,7873080,11185120,5846020,13645354,10296030,7435765,6439523,9417507,3429997,4443968,1239429,16403374,12878765
330,000875,2017-11-02,-0.010729613733905574,-0.008583690987124526,0.17462890794977456,9220.0,63048.54308217761,712,11432886,6791815,790659,772443,3627849,1954504,1700362,1240275,1567796,1227783,1468969,759810,964681,0,0,0,1312570,837000
331,000876,2017-11-02,0.007978723404255428,0.0026595744680850686,0.15346525551113568,22740.0,198361.91277040567,2405,76898866,118632951,1606631,1754450,8517828,10537020,8981351,15135475,14671454,18652160,8784245,11932253,8308576,8773228,3943772,6098155,22085009,45750210
332,000877,2017-11-02,-0.019475021168501305,-0.014394580863674844,0.23968675523982458,21319.0,91321.56283196842,2429,67492851,54039163,1304458,1833779,13053722,11609392,13397128,9781331,16311475,16026956,7855703,4327456,4449423,4508581,3504787,492896,7616155,5458772
333,000878,2017-11-02,-0.013581129378127166,-0.007862759113652529,0.29358637556294614,27850.0,182297.86351827864,2272,94827252,81500938,1636086,1086090,11765839,10388268,12930829,10095451,19613436,15398979,6632993,12790629,9214023,3332737,6588943,4759151,26445103,23649633
334,000880,2017-11-02,-0.019886363636363757,-0.01799242424242431,0.42029209716852556,5205.0,39703.26835116268,631,9151931,2804063,989679,424209,2327537,1385692,2237244,517787,1855826,161975,904645,0,312000,314400,0,0,525000,0
335,000881,2017-11-02,-0.03074027603513174,-0.01693851944792968,0.44037532404089635,15730.0,83540.0489048135,1310,37023006,15499340,1236905,989909,8454537,4879618,7035290,3639146,6539066,2387016,2862056,1239431,4181187,692322,1411913,474140,5302052,1197758
336,000882,2017-11-02,-0.011869436201780381,-0.008902077151335397,0.11513850043946078,6680.0,79405.1041505191,858,16039064,8068721,810261,729187,4088087,1962158,2497593,1328378,2551158,1023930,2311432,1261424,700993,1331615,0,432029,3079540,0
337,000883,2017-11-02,-0.010141987829614618,-0.010141987829614618,0.134586229197378,5379.0,101892.37452518898,1344,23329544,11352259,2488852,999311,3641007,3447291,2875579,1841175,1831076,2029732,1453580,1429020,745953,351820,1427373,0,8866124,1253910
338,000885,2017-11-02,-0.042828685258964105,-0.032370517928286824,0.3915599540709812,35514.0,154013.404977321,2631,132310269,82742963,1161266,1910438,12046166,14166032,16290484,15873371,26274998,18374813,17242977,11587961,14476552,6437094,7658281,3607237,37159545,10786017
339,000886,2017-11-02,0.0,0.0,0.21354110276736013,16491.0,148268.9239717075,1180,37966320,27429614,1277603,602790,7193751,2385913,4810580,3698027,7306156,4739873,3694326,4589486,2418168,3067786,1274565,1276800,9991171,7068939
340,000887,2017-11-02,-0.006315789473684275,-0.0057894736842104555,0.513263949834168,18915.0,149159.99767678734,1370,44014782,38108399,966007,1653859,6169519,6572690,6782799,4846367,7540727,8702420,4723309,4564125,3474902,2049199,842630,1810117,13514889,7909622
341,000888,2017-11-02,-0.020560747663551315,-0.017757009345794383,0.40834209248941716,10560.0,67284.15118718431,686,16429611,5207021,350465,632581,2513687,2707284,2465925,1338092,5856922,318664,2461863,210400,691064,0,934685,0,1155000,0
342,000889,2017-11-02,-0.019354838709677358,-0.02150537634408589,0.3171373710241619,23766.0,487817.1674770242,1940,83764513,102369273,1253218,1623303,7374997,8621856,7852237,8391390,15694497,14437718,10355139,8209191,6354385,7486520,6249042,8525793,28630998,45073502
343,000890,2017-11-02,-0.026243093922652005,-0.023480662983425438,0.23865991135612027,14160.0,105702.0267814069,921,26530821,14015051,558066,972201,4717691,3316492,4648803,3032334,4841346,2143021,2751551,736274,2211126,657660,912800,0,5889438,3157069
344,000892,2017-11-02,-0.01869158878504673,-0.02453271028037396,0.25485255741069823,12510.0,114705.6226548097,1131,28061146,17123299,1130091,1066418,4784123,5188740,4338362,3387064,5545157,2571011,1085937,711631,312832,738188,1670386,485715,9194258,2974532
345,000893,2017-11-02,-0.051933701657458586,-0.038674033149171394,0.23300978317321236,13140.0,57709.46023519308,1510,28951584,16052923,1295358,1678679,8102862,6358920,5107648,4074657,6581225,3020850,2047544,269997,1693572,649820,444416,0,3678959,0
346,000895,2017-11-02,0.01261467889908241,0.003822629969419067,0.5041089280152069,36386.0,186721.56863902984,2697,111650650,120085410,1469438,1296826,12797758,9572163,16797085,28573064,18279117,17685348,10521344,6180225,4838493,3714916,6274216,9412847,40673199,43650021
347,000897,2017-11-02,0.007334963325183352,0.012224938875305513,0.11792527441080307,7885.0,87421.59530059806,1205,16158102,24516291,951186,1057466,3753488,4513513,3758944,3376499,3387175,3685190,1849532,2508563,1111697,2675935,1346080,466792,0,6232333
348,000898,2017-11-02,0.009569377990430672,0.004784688995215447,0.13530901692452954,11394.0,408719.06736069557,2152,82564149,103207719,1261058,1511487,6902092,7889578,7275747,6150958,10795059,8252191,5234478,4335206,6372111,8454075,2610498,2255888,42113106,64358336
349,000899,2017-11-02,-0.02571428571428569,-0.02857142857142858,0.27445231263574593,7601.0,170860.49784795253,651,22498666,6745757,686269,750713,2493168,1800482,1568043,1274709,2008860,1734754,1431133,671775,0,0,0,0,14311193,513324
350,000901,2017-11-02,-0.026345083487940624,-0.0278293135435993,0.6439876008376294,26180.0,107152.30455315637,1751,60373555,38324191,560713,1477014,8092253,9781986,10024726,8192079,13260746,7359125,7945672,3998914,4594384,3016992,2673110,816570,13221951,3681511
351,000902,2017-11-02,-0.01227573182247399,-0.009442870632672351,0.32520650501308523,7420.0,91359.8041066014,1061,15755993,16929749,613494,2235459,2900547,3117302,2931649,2310009,2246633,2858671,1466487,1729252,1297615,1058484,900309,486540,3399259,3134032
352,000903,2017-11-02,0.0,0.0,0.11508041089608881,9048.0,64050.49432750357,1087,16958409,9342480,1872365,874289,5401185,2813323,2349758,1699394,3443159,1002871,994518,508410,754000,0,1322992,0,820432,2444193
353,000905,2017-11-02,-0.006042296072507614,-0.012084592145015116,0.3345803774987525,15708.0,113396.6181833692,1566,42141818,28941617,1136238,1244628,8559247,7406115,7043780,5662188,7169197,5377013,5308430,3051076,2488795,1108043,1752245,410130,8683886,4682424
354,000906,2017-11-02,-0.015873015873015706,-0.008547008547008628,0.300609756838538,4887.0,44507.79426535326,742,9862611,3276303,1002254,587282,2016038,1788466,2497868,633961,1176944,266594,569742,0,1275874,0,1323891,0,0,0
355,000908,2017-11-02,-0.007042253521126751,-0.007042253521126751,0.355540565668693,7788.0,35252.888875721386,398,5288032,2377859,408230,310010,2106763,1303256,1306987,512589,722696,252004,0,0,301462,0,441894,0,0,0
356,000909,2017-11-02,-0.014574898785425061,-0.012955465587044523,0.5238945621161929,9888.0,100331.17982998726,555,12417224,4191672,589291,629450,2801252,1753287,1566424,704787,1397801,460564,1010040,208884,1144858,0,492765,434700,3414793,0
357,000910,2017-11-02,-0.014847161572052348,-0.01091703056768556,0.5471114100045602,6813.0,80142.52952156671,1759,27946287,14294688,3684477,1418896,5859801,3335535,2403814,2200852,4200438,2108122,2442419,1727230,1420951,1058436,898496,917513,7035891,1528104
358,000911,2017-11-02,-0.03136531365313655,-0.023985239852398532,0.3214776666410511,10730.0,70169.14853072577,1137,19173128,11543903,775113,1118272,5977133,4686564,4007957,2373432,2879668,1336280,1188666,729034,321300,342287,481380,418034,3541911,540000
359,000912,2017-11-02,-0.026345933562428425,-0.025200458190148933,0.23571044472837444,9393.0,40366.589186457364,1372,18516846,12230212,1387181,1707710,6984884,4790285,4419520,2299813,3929118,1548625,545897,1051985,672942,0,0,831794,577304,0
360,000913,2017-11-02,-0.008858780614903639,0.0031266284523188137,0.5786765661246517,19205.0,102168.53172317638,1100,26761562,25237004,1217727,698425,5855017,4208204,4758926,3606555,5179560,4847115,3875965,2375177,1302808,3824405,894775,1283321,3676784,4393802
361,000915,2017-11-02,-0.0019701660568534063,0.0045032367013790875,0.8854717431408694,21369.0,130695.41540488074,1610,52224768,46262582,890255,1354536,5888037,8732849,6958862,7204828,12576022,9812643,4505645,4533826,3817515,2087000,2596591,3598840,14991841,8938060
362,000917,2017-11-02,-0.012896825396825462,-0.008928571428571397,0.28679873488903457,18180.0,143276.54967594703,1235,42272853,25185906,770134,626222,5731036,4048830,6186725,4447483,9791026,6953047,6408836,3729518,3848268,1286858,881721,0,8655107,4093948
363,000918,2017-11-02,-0.020408163265306256,-0.02478134110787167,0.22014882899855837,9520.0,73801.0471920919,971,19935997,11742354,687592,1172862,4473526,3107321,2933193,2129815,3643157,2317207,3776933,438696,1031832,642295,445400,913920,2944364,1020238
364,000919,2017-11-02,0.0,-0.0020000000000000018,0.34727491323373977,14562.0,100727.0181152953,832,20999497,15442088,828672,492013,4583558,2657678,4369437,1507296,5008641,1848569,1727404,989998,1758004,668853,1325909,996999,1397872,6280682
365,000920,2017-11-02,-0.01598579040852577,-0.017761989342806372,0.39779901071251755,15498.0,85564.26640908698,801,21254005,11371302,601755,684963,4114862,3107989,4639774,2324394,3369221,2385459,2667047,966745,336600,793336,1342685,0,4182061,1108416
366,000921,2017-11-02,-0.03915275994865208,-0.03209242618741981,0.3286651158229076,28785.0,178620.99613424053,2249,111221285,82255863,1219133,1366485,9413896,9776107,11882543,12308898,19712672,17474201,9096237,12085841,11563316,4094682,5719245,3587277,42614243,21562372
367,000922,2017-11-02,0.039312039312039415,0.029484029484029506,0.2774890396346507,16260.0,71431.10117935996,860,13941652,20107450,768826,851413,3732452,4408470,3967159,3598574,2922671,4522664,696950,2134621,635970,1676300,1217624,1908073,0,1007335
368,000923,2017-11-02,0.0015835312747425334,0.004750593824227822,0.7172361321469791,15222.0,62583.809838082954,1242,22058158,18295791,711321,1107752,5855231,6918824,4427193,3443662,4537509,3002346,1940954,1936153,2466208,702540,860594,0,1259148,1184514
369,000925,2017-11-02,-0.005552128315854388,-0.006785934608266486,0.5751179257486303,14476.5,89445.04953626673,794,18409139,11997828,698359,716849,4007078,2765831,4214423,2653630,2249702,2402614,2399200,979624,1717500,741571,1286750,439279,1836127,1298430
370,000926,2017-11-02,0.0016366612111291534,-0.01227495908346976,0.2808105563381398,13266.0,124590.57515084915,1896,53085805,31850144,2287805,2183112,11277126,5558856,6164354,3233325,7500148,9972477,4365451,3445315,2511754,1593986,2202721,2224427,16776446,3638646
371,000928,2017-11-02,-0.04398447606727052,-0.04269081500646832,0.17514251697364908,17784.0,88085.34509579408,1951,61377376,30075713,966649,1520477,14740098,7492140,9029182,5156655,10439621,6030750,8575078,1908835,6093301,1643765,4603554,2613886,6929893,3709205
372,000929,2017-11-02,0.0056588520614389015,0.0008084074373484462,0.5763125218779702,8715.0,69297.41617370996,460,9173138,5579443,347690,464313,1681801,1172123,1793265,754682,1843780,2124557,1013682,751768,1703160,312000,0,0,789760,0
373,000931,2017-11-02,-0.027027027027027084,-0.021621621621621623,0.2494098364718714,10248.0,60502.84095188067,880,17308763,7514826,789765,1120979,4574133,3201333,3113632,1124939,3562545,1238802,1372281,441221,975684,387552,920166,0,2000557,0
374,000932,2017-11-02,-0.0024875621890546595,0.007462686567164312,0.15661541843201005,12090.0,114759.17082427176,2640,53333653,57392836,3287793,1224271,12397752,9305569,10332210,7780573,10479637,9419385,7101023,4706836,2939535,5796811,4490685,4280990,2305018,14878401
375,000933,2017-11-02,-0.01298701298701288,-0.009990009990009985,0.19340147926617637,30495.0,228319.00390736666,2682,149620393,120424531,1208931,1308835,18015958,9783129,16702355,10127256,22793899,17805187,20986071,11544700,12601574,11691099,5319532,10270158,51992073,47894167
376,000935,2017-11-02,-0.025423728813559365,-0.018220338983050866,0.42733852779360326,46600.0,173796.11561658146,3052,167380919,122460002,1365613,1256521,15229636,12456409,22419576,19189778,35406268,29718630,28759141,14758702,13766508,13478192,9542375,8086440,40891802,23515330
377,000936,2017-11-02,-0.02114803625377637,-0.01812688821752273,0.19698571580096513,7800.0,63311.36014176883,1130,15947545,8372034,1721132,790237,3880520,2927927,3286095,2032075,1968251,2167418,1007923,454377,379584,0,831180,0,2872860,0
378,000937,2017-11-02,-0.0032573289902279035,-0.0016286644951140072,0.13516983987775721,6732.0,113344.12045146144,2067,41181861,31201616,1710026,1083638,6634639,5968318,5928108,5916626,7188901,6131829,3363288,4048516,2928151,1351791,1366858,936976,12061890,5763922
379,000938,2017-11-02,-0.002567806130637229,0.001283903065318448,1.3819502668486492,43582.0,190159.34119772786,2033,110708555,87132779,995662,657404,9747564,8082723,14356867,10170806,20364502,18576230,13744111,11162881,12940189,13478142,8987818,5014305,29571842,19990288
380,000939,2017-11-02,-0.02400000000000002,-0.026000000000000023,0.12291909672330617,9780.0,163745.5513818263,1659,46595599,32097254,984952,2155818,5442724,6188502,5269470,5155273,6175694,5845557,2540148,4290457,1299572,1058624,1802011,0,23081028,7403023
381,000948,2017-11-02,-0.021015761821365997,-0.02276707530647981,0.4122780226373536,8936.0,113722.55505619201,767,11376939,9956398,657717,678945,3135241,2574828,2771380,1309952,2998472,1228510,956969,715035,300160,0,0,0,557000,3449128
382,000949,2017-11-02,-0.004662004662004726,0.0,0.19926620420475963,8580.0,78854.28135631565,463,8807005,7083783,712791,263190,2445982,1063443,995581,485141,972143,1166179,3221268,745403,0,696600,459240,862999,0,1800828
383,000951,2017-11-02,-0.020238095238095277,-0.01845238095238111,0.407584813981379,13300.0,74167.75457222472,1700,37850420,23571046,1449792,1682373,8778370,6063262,9805299,5293361,6713858,5037774,2757930,1759178,3015998,1313027,1425339,483933,3903834,1938138
384,000952,2017-11-02,-0.0567741935483872,-0.05225806451612902,0.4273247159242571,15490.0,108624.6572911106,1317,42450069,22759060,615390,1367559,6335465,6021820,6211553,4417043,6614187,6008632,6162655,1650979,4391869,638185,1763530,430650,10355420,2224192
385,000955,2017-11-02,-0.009302325581395432,-0.0031007751937984773,0.34155692206790134,17118.5,64887.52187675793,356,8004246,6173773,272757,224676,2043718,1132118,1963324,1067981,2349633,1575891,665914,1107841,708900,639530,0,425736,0,0
386,000957,2017-11-02,-0.02487961476725531,-0.01765650080256831,0.3261395041514239,16159.0,69333.10788126437,1460,39147390,20765845,970049,1254500,7321715,6773523,7606699,4593147,10816915,4796160,4740639,2076756,3880241,636969,1673799,0,2137333,634790
387,000958,2017-11-02,-0.0058651026392961825,-0.01319648093841641,0.1840423020622822,11381.5,83157.00063551626,1374,24323739,21897662,1080241,1405651,6366335,5732113,4761197,3888950,3553591,3514639,2207392,2413243,1792556,1038703,1877021,415642,2685406,3488721
388,000959,2017-11-02,-0.015082956259426794,-0.010558069381598867,0.1496047686908199,3924.0,106294.09205973058,1969,24806351,16520082,2349325,1784713,5372341,3977279,2826772,2185417,3955454,2858987,1761169,756610,1681026,1338913,0,410685,6860264,3207478
389,000960,2017-11-02,0.0035868005738881603,-0.002152080344332785,0.3334393690809968,22288.0,163237.43886531563,1748,71375342,51599909,1433639,953589,9552781,6868795,9022221,7324036,15556904,7448759,5317909,6480737,4651447,4787254,3073354,2711111,22767087,15025628
390,000961,2017-11-02,-0.009693053311793265,-0.011308562197092087,0.18202412294533,11124.0,112374.35053046078,1157,36488311,18412489,835098,822290,5188851,3292855,5650484,2957767,5942705,1850426,2627694,2133476,6469497,2795883,3094811,2290756,6679171,2269036
391,000962,2017-11-02,-0.026519337016574607,-0.02209944751381232,0.27710630793945745,13260.0,55145.52747681591,1067,19296726,13693865,1103182,1046685,5864917,4335562,4381680,3640635,4354800,2431057,738360,1124827,312438,642198,1702709,472901,838640,0
392,000963,2017-11-02,0.0075301204819278045,0.011483433734939652,1.1116792816374255,42768.0,249594.30648882664,2283,110577300,143179350,905642,723826,11047686,10322687,12917120,15190672,18237325,22339111,12495411,16157955,4985919,16181964,8050204,9953455,41937993,52309680
393,000965,2017-11-02,-0.01388888888888895,-0.010802469135802517,0.22198019021530724,12293.0,78546.99356346788,852,16740816,11855918,654606,852902,4665505,2673830,2820051,2165351,3634704,2534922,2442691,1066861,642641,1085454,0,0,1880618,1476598
394,000966,2017-11-02,0.011135857461024523,0.011135857461024523,0.18293274122006994,9922.0,61142.36174262688,602,7280246,8022689,820621,372880,3707497,1719189,1228095,1660080,824110,2024062,273728,492452,0,621526,426195,0,0,1132500
395,000967,2017-11-02,0.01691542288557213,0.010945273631840724,0.312283533351769,15059.0,80638.63844483435,1036,17889758,20236287,804455,694702,4385845,5430254,3596903,3780555,2569473,4719452,2711240,1260450,1453709,2038873,869543,1357827,1498590,954174
396,000968,2017-11-02,0.016971279373368064,0.01958224543080922,0.5743480904472286,15560.0,79279.18287308254,711,12977890,13943886,699624,470728,3511564,2975574,2937539,3824102,2214857,2588214,983172,734909,307000,1653185,465000,899960,1859134,797214
