,code,date,pchange_whole,pchange,change_std,amount_median,amount_std,length,sumsell,sumbuy,sell_vol_0,buy_vol_0,sell_vol_1,buy_vol_1,sell_vol_2,buy_vol_2,sell_vol_3,buy_vol_3,sell_vol_4,buy_vol_4,sell_vol_5,buy_vol_5,sell_vol_6,buy_vol_6,sell_vol_7,buy_vol_7
0,000001,2017-11-23,-0.05280528052805289,-0.04290429042904298,0.2530298994296667,335240.0,1566981.7485725093,3591,1212050352,1373337556,141891,142166,3490724,3222296,11800644,11941375,44536765,46661187,46801971,57435221,46544243,53229216,45373141,53764793,1013360973,1146941302
1,000002,2017-11-23,-0.034546576187538536,-0.013571869216533083,0.5456224254756745,154944.0,603525.083359758,3537,622602216,559455342,495570,200069,8732808,6287357,23454863,18701202,58641050,53240125,42549366,45649498,38957419,44835943,39838358,31878649,409932782,358662499
2,000004,2017-11-23,-0.08246414602346808,-0.057366362451108155,0.7148481456317977,20289.5,121401.13457924641,1846,49740795,33957776,1532347,1367924,10451746,9156768,10423278,7539113,10435927,6578924,4155032,2065294,3427180,316050,1304217,0,8011068,6933703
3,000005,2017-11-23,-0.034324942791762125,-0.02517162471395884,0.13819686015721638,6450.0,48604.93393869055,1001,13676459,7574577,795883,1295241,3877483,3613914,1815427,1350069,2366558,1049183,2092358,266170,686063,0,886583,0,1156104,0
4,000008,2017-11-23,-0.0045045045045045695,0.0,0.2192198777931926,4495.0,85184.88035237043,1642,28454675,17171536,2107495,1623754,4653945,4458496,3348940,2609248,4738256,3498778,1982622,1847682,2117346,713370,2275676,929745,7230395,1490463
5,000009,2017-11-23,-0.017060367454068248,0.002624671916010346,0.17537098487298566,9180.0,142731.40745345622,1890,34493962,40025506,1550638,2357426,6316692,7540879,5411382,5450509,5393893,6735135,4721088,2172856,2139629,2359840,1447265,1755653,7513375,11653208
6,000010,2017-11-23,0.028901734104046062,0.046242774566473965,0.12407912041323026,13932.0,123353.87565567088,1757,38907199,45775387,1371352,1391524,7585689,6963190,6909139,5829159,8400212,7589759,6020111,5955290,3409257,1672490,984814,3642202,4226625,12731773
7,000011,2017-11-23,-0.03904428904428914,-0.020396270396270455,0.4803349515237362,16760.0,59762.81168478312,1276,25642885,15924910,1123543,1070661,7406725,5549118,5895044,4104503,6318097,2787718,926400,218367,1988978,982605,470098,414466,1514000,797472
8,000012,2017-11-23,-0.02813852813852813,-0.006493506493506551,0.16522808394108943,63597.0,312726.35953824833,3133,276216895,227480703,1273760,995085,14199010,11203310,20167958,17250645,36936339,35999352,30881060,31001160,20060246,18855425,22879611,20703649,129818911,91472077
9,000014,2017-11-23,-0.006069802731411222,-0.00531107738998482,0.3422517643146819,15696.0,104393.89183198276,1485,43811453,25153665,878526,1185377,6490892,7108034,6014986,4957653,10399390,6175612,6354099,1972330,4675945,324625,1389975,1352032,7607640,2078002
10,000016,2017-11-23,-0.0426179604261796,-0.0243531202435312,0.1421193424809919,18004.0,141587.4452156846,2142,81651370,40495039,1677343,1503879,10061265,7497392,13203197,7432805,16082652,8640909,9267700,4438275,6046162,2341994,2192123,1786088,23120928,6853697
11,000017,2017-11-23,-0.0014925373134327957,-0.010447761194029903,0.2896873518351445,6720.0,57745.133427716995,535,6967112,5298875,566701,646475,2350356,1249519,1092736,955687,873079,1365072,517840,480612,325984,0,0,0,1240416,601510
12,000018,2017-11-23,-0.01134751773049647,0.005673758865248235,0.20893710329723086,11312.0,88446.54039193403,1142,20572830,21714024,1108062,1270751,4968165,4316166,3831055,3816450,4627138,3334782,2085971,1914053,1413916,2139179,1313297,854677,1225226,4067966
13,000021,2017-11-23,-0.044265593561368166,-0.024144869215291798,0.19122859972870923,24550.0,169182.1752643738,2706,118682168,73508782,2311595,1926529,15612162,10859368,15419514,11276256,18081907,15639834,14935775,10945233,9739581,4821129,7224010,3986183,35357624,14054250
14,000023,2017-11-23,-0.007898200965335667,-0.001755155770074568,1.3064357294002908,17158.5,73262.77613323923,304,8825404,3707359,205523,153156,1602531,1510474,639285,542230,2780111,548010,1536852,953489,649350,0,865542,0,546210,0
15,000025,2017-11-23,-0.019656019656019708,-0.00982800982801002,1.068027481021816,12259.5,50637.40860685863,1452,21030860,19632468,1308721,1774393,7769312,7141570,5371901,3059400,3731916,3374989,1659746,1974371,700505,0,488759,885796,0,1421949
16,000026,2017-11-23,-0.02329916123019571,0.0009319664492077884,0.5104407432973724,10760.0,29556.88763206185,441,5680329,3668500,405513,355305,2276377,1878466,1506912,824249,1256959,610480,234568,0,0,0,0,0,0,0
17,000027,2017-11-23,-0.011456628477905073,-0.00327332242225864,0.1924644531444868,3660.0,69896.47825278447,1008,14898109,7438693,967209,976274,2601811,1951144,2205807,1303065,1950905,1329861,2533229,719349,1221660,0,420900,0,2996588,1159000
18,000028,2017-11-23,-0.03865767395953279,-0.028129626583319634,1.5040565433564643,17941.5,100967.44067934468,1634,41066177,26262737,1668328,767064,11170077,7627970,5913805,8060852,6450223,3753582,3552290,1751570,3056109,0,1382104,1347659,7873241,2954040
19,000030,2017-11-23,-0.025862068965517127,-0.011083743842364546,0.23524121078738275,5670.0,89003.27612724439,1192,18356881,6915949,1422972,943223,5381599,1843927,3915833,1531227,2166111,890397,952125,543630,1266901,359744,0,803801,3251340,0
20,000032,2017-11-23,-0.00970017636684295,-0.006172839506172867,0.4046212353687371,11330.0,31650.431355186443,785,9700517,6527687,686154,526490,5173091,2901638,2378276,1349908,1462996,371915,0,737238,0,640498,0,0,0,0
21,000036,2017-11-23,-0.026652452025586304,-0.01279317697228155,0.2565364868533664,15827.0,193840.55115995262,1337,44927488,34605119,1164699,1085801,6378748,5648084,6021515,4804272,7510996,3623194,6002661,3847169,703843,3438364,2620703,1324532,14524323,10833703
22,000037,2017-11-23,-0.01758499413833514,-0.011723329425556872,0.5335313876782055,5112.0,34043.8491498381,255,2609524,2281411,212589,285359,965939,519802,748309,350612,682687,1125638,0,0,0,0,0,0,0,0
23,000038,2017-11-23,-0.05409705648369134,-0.032617342879872724,0.5054287022022774,26686.0,156500.37862709595,2479,81993707,78003073,1501913,1877552,13183002,12890608,13146894,12519401,18183612,16296379,8446921,7259507,7682856,4801549,2268520,3219414,17579989,19138663
24,000039,2017-11-23,-0.04090685066535227,-0.012814194184327166,0.40176088672700744,24372.0,189537.47876651876,2553,120719928,82088956,1043852,1656551,9754673,12446374,12056744,15007398,20886186,14513609,13004420,13836732,8452082,6649443,8053285,2996322,47468686,14982527
25,000040,2017-11-23,-0.020979020979021046,-0.002097902097902171,0.46556188393999554,7105.0,118768.60002052068,944,19943526,14969394,911096,916446,3230831,2263704,4561788,2422128,4486159,2235330,1944527,1622246,1449665,357432,492450,899192,2867010,4252916
26,000042,2017-11-23,-0.03151125401929267,-0.019292604501607746,0.9706015626886516,4620.0,20589.709784264294,256,1972388,1393752,462219,160573,757023,648594,753146,459535,0,125050,0,0,0,0,0,0,0,0
27,000043,2017-11-23,-0.005859375,0.0087890625,0.43244642193500427,18711.0,127478.29804448385,560,15498556,18936598,319844,344007,2451589,2118384,2785243,1646026,2013960,3485230,1443996,2013674,2092150,2042917,494252,0,3897522,7286360
28,000045,2017-11-23,0.0009661835748790981,0.0009661835748790981,0.3478591890192157,10460.0,49629.95319059172,885,14399700,9871928,640593,785160,4683544,3702080,2942753,2460790,3388939,1521739,1365095,501452,704502,312006,0,0,674274,588701
29,000046,2017-11-23,0.01303780964797907,0.0,0.27890774297880366,7680.0,56320.09179544748,756,8489771,9996258,850373,801822,2961490,2307929,1926476,1736288,1610968,1458342,501425,1443689,0,723152,0,828436,639039,696600
30,000048,2017-11-23,-0.005037783375314908,-0.0067170445004197665,2.0146586792075554,11830.0,40610.51480626124,139,1875749,1244227,138354,141785,672129,650145,229688,185737,598878,0,236700,266560,0,0,0,0,0,0
31,000049,2017-11-23,-0.006470588235294117,0.0031372549019608176,1.0840844218101071,35665.0,137334.3800397518,2214,87996397,86186206,605578,701598,11166653,10987523,12811930,14289633,19439144,18587541,13296647,14380119,7654106,8681310,7126017,1848073,15896322,16710409
32,000050,2017-11-23,-0.06203473945409432,-0.02026468155500405,0.43277193134623076,64710.0,376002.87594027387,3126,288776305,230271564,991160,788845,13189796,12896185,17297359,18225758,38151499,35895446,29351043,28203939,24541911,19268496,16411815,14242615,148841722,100750280
33,000055,2017-11-23,-0.023809523809523836,-0.008928571428571397,0.19483670460967234,6039.0,69294.16287799118,1191,18530417,9704305,1524684,899150,4342205,3442566,2678297,2344750,4071249,1320370,1126892,1137741,333000,0,0,0,4454090,559728
34,000058,2017-11-23,0.011299435028248483,0.02033898305084736,0.2230386976633062,17052.5,92454.56569532378,1580,36588639,36243392,1623546,1477842,7177938,7095879,6072317,5706944,7820695,8394701,3785253,4259309,3822282,2358490,1703809,3581886,4582799,3368341
35,000059,2017-11-23,-0.027613412228796985,-0.0147928994082841,0.2461813128969334,16112.0,159262.04068263364,1697,68239265,40305391,1105026,1429115,7136430,5983404,7940891,6308030,9960754,7160652,7566399,6540223,6260841,2742108,3152135,853501,25116789,9288358
36,000060,2017-11-23,-0.014326647564469996,0.010506208213944657,0.19414750989462165,24449.0,192806.69015421197,2912,98782230,139402331,1947352,1675199,13457906,14008954,12941523,13706698,19037876,20644248,11238909,13336442,8495479,11249550,4478023,7463353,27185162,57317887
37,000061,2017-11-23,-0.01813471502590669,0.0038860103626943143,0.3323114829327535,4644.0,58084.12172087727,539,5605323,4204456,612414,613570,1541838,1542753,930698,1121457,1167913,541676,200460,0,0,385000,0,0,1152000,0
38,000062,2017-11-23,-0.011774600504625754,0.004625735912531459,0.8162837635416419,14271.0,49466.925584259945,848,13990280,11133678,864102,641452,4644745,4087694,2273275,2579236,2349571,2370976,2666913,788269,716074,666051,475600,0,0,0
39,000063,2017-11-23,-0.029749999999999943,-0.004250000000000087,0.6675450243249565,603136.0,1694950.6863440643,3595,1908660750,1823410594,15788,19876,1055631,1169362,5252917,6051392,26941805,28728624,35385242,40580026,45405927,49055279,46496590,52444862,1748106850,1645361173
40,000065,2017-11-23,-0.04183673469387761,-0.028061224489795977,0.5190613562601486,13629.0,85888.00441537646,1426,35609794,20342598,1095845,1471979,6424345,5842293,5985631,4808820,8389575,4218129,2599451,2221400,1712281,346785,1293007,886568,8109659,546624
41,000066,2017-11-23,-0.03888888888888897,-0.019444444444444486,0.16184271223921426,14153.0,129298.71037762763,1982,63771487,32713021,1516148,1714075,10171665,7827839,6732263,6862843,8395438,5720157,7549602,3654699,4263930,2752009,2645522,3106421,22496919,1074978
42,000068,2017-11-23,-0.017513134851138257,-0.003502626970227629,0.25648003343389125,7910.0,76746.29616395787,495,8630421,4249918,493065,406364,2085987,1641983,1472461,840785,1092660,647990,696540,712796,731933,0,0,0,2057775,0
43,000069,2017-11-23,-0.018701870187018743,0.0033003300330032292,0.16121724683952657,35724.0,333915.9892372016,3188,242004835,191506014,1840868,1438829,12216706,14350804,14726802,16124875,26897351,24862269,25495185,17425740,15470447,15581725,14113660,13982408,131243816,87739364
44,000070,2017-11-23,-0.034872761545711506,-0.01979264844486328,0.29132792768222937,10560.0,77616.85208395375,1327,25597857,17961214,969683,1325193,5238184,6542110,5018068,2756225,4695698,2790849,2353679,751726,985900,646236,2248710,865393,4087935,2283482
45,000078,2017-11-23,-0.022222222222222254,-0.01025641025641022,0.14201569909318948,11540.0,111172.82897206437,1700,42966995,25346808,1595106,1911521,5850917,7135869,5226883,4870561,4758958,4333138,4466543,2578734,3160893,982981,2230617,1400608,15677078,2133396
46,000088,2017-11-23,-0.031175059952038398,-0.014388489208633004,0.308542398560577,9102.5,94145.78150432293,730,15210119,8151440,734615,885768,3271122,3101805,2691164,1841627,1118683,838058,1225487,744893,1877781,311250,836852,428039,3454415,0
47,000089,2017-11-23,-0.03516483516483515,-0.01318681318681314,0.1835447242872733,5403.0,92716.08829222906,2464,45589901,28341437,1923231,2881086,7379669,6926537,6780580,4317121,7343864,5894518,4283891,2329883,4587620,610566,1351255,405449,11939791,4976277
48,000090,2017-11-23,-0.0281007751937985,-0.018410852713178216,0.23648612903622473,4060.0,49790.97105582051,1907,21676373,11243927,2230162,1330417,6258391,3613459,4240724,2259098,3228761,2454031,2074075,0,1653638,666003,854488,0,1136134,920919
49,000096,2017-11-23,-0.019330855018587334,-0.0074349442379182396,0.8188675715414709,6675.0,34266.12194640814,269,2940661,1889496,272543,272445,997312,763136,253358,394802,1152648,459113,264800,0,0,0,0,0,0,0
50,000099,2017-11-23,-0.03448275862068961,-0.0233265720081135,0.32482887580215497,9670.0,59623.55099128739,921,17626206,8813164,996400,1181267,4138598,3285317,2778206,1367357,3471118,1700184,1918465,761767,2858173,0,848284,0,616962,517272
51,000100,2017-11-23,-0.06507592190889389,-0.026030368763557465,0.07788344156146398,107338.0,744801.5292350384,3527,634161990,504878234,605606,703346,11024635,10342330,24985530,20554734,45577872,45147949,43254500,33990651,39515837,33942816,27558340,31071298,441639670,329125110
52,000150,2017-11-23,-0.0010504201680671121,0.0014005602240896309,1.2775094771212783,8694.0,55076.29931473235,499,5597715,5811624,371476,759334,2038540,2205353,1380627,905847,1451947,383172,0,222299,355125,0,0,426150,0,909469
53,000151,2017-11-23,-0.06187050359712243,-0.016546762589928043,0.5065010748441262,11128.0,51713.54227812174,753,12857462,7695961,885629,710009,3640602,2707187,2313332,1840411,2172472,1582043,823541,528066,1338010,328245,1683876,0,0,0
54,000153,2017-11-23,-0.023631840796019876,-0.008706467661691475,0.33453299605684905,7990.0,61506.8089796538,577,9511677,4587391,520218,531443,2574871,1654439,1278649,1008924,2622472,1392585,0,0,0,0,0,0,2515467,0
55,000156,2017-11-23,-0.004451038575667643,0.005192878338278861,0.43719957380311736,4080.0,90424.96888466782,951,14170325,13619003,455060,1475677,2080329,2451243,1571754,1747182,2869597,3419257,201150,2113573,994192,315135,421611,871220,5576632,1225716
56,000157,2017-11-23,-0.011210762331838486,0.0,0.09456609662013911,8940.0,162601.016891953,2234,47671631,47361225,2462464,1754056,9210309,7749028,5466205,7216998,5421013,5412410,3548957,5211643,1457989,1994782,3951670,2130329,16153024,15891979
57,000158,2017-11-23,-0.0235294117647058,-0.005882352941176561,0.23738449992613514,9449.0,63566.290167856394,1283,20691036,19729406,983273,1727072,4289838,5976188,3887136,3364019,6542494,3481125,2613574,1481906,703206,1501149,407835,1372085,1263680,825862
58,000159,2017-11-23,-0.005338078291814985,-0.01245551601423489,0.26016336982994165,10583.0,33576.42003406042,466,5446652,4317518,323012,439459,1835742,2117160,1052405,1177860,1492114,583039,743379,0,0,0,0,0,0,0
59,000166,2017-11-23,-0.017574692442882345,-0.00702987697715296,0.11482504331554397,14125.0,170455.2185940141,2463,82047266,61839852,1442104,1218622,14163002,9621266,9480584,7153416,12010491,9321857,10374538,7561432,4665703,4664199,4456852,2780891,25453992,19518169
60,000301,2017-11-23,-0.013201320132013028,0.00990099009900991,0.12877927402162825,19776.0,106751.54278433102,2219,61943033,60901277,1678529,1494935,11755625,9760339,10118447,9005947,13470476,13937750,8065045,8280959,4526475,4599298,2669705,3661021,9658731,10161028
61,000333,2017-11-23,-0.04741532976827101,-0.019429590017825404,0.9423220943304638,226608.5,1174558.729274128,3546,839545515,809981600,186471,60473,4986201,5939870,14195333,18330967,44472741,52119058,50539970,51179727,43228568,51948879,44544581,47262726,637391650,583139900
62,000338,2017-11-23,-0.05411499436302125,-0.018038331454340306,0.15133759859253249,76560.0,393125.2703536366,3443,352614782,275575060,719902,980162,12689897,13771770,21973000,26573017,43600314,47571220,27583949,39437100,27761545,24319196,18834636,17875452,199451539,105047143
63,000400,2017-11-23,-0.014046822742474818,0.006688963210702337,0.4071654854253229,12048.0,98236.0272463928,1348,23161739,24848447,1297438,1267539,5785050,5644968,4251736,4180042,3757710,3774298,1435806,1613292,2620488,0,917379,2188560,3096132,6179748
64,000402,2017-11-23,-0.015165031222123204,-0.015165031222123204,0.24434688282867534,10995.0,222908.2212803446,2108,75548114,42924798,1452593,1957210,7993576,6560012,5971132,7404876,7091298,6555998,5025779,3426239,2711410,4224015,1787797,2254635,43514529,10541813
65,000403,2017-11-23,-0.0020908004778972256,0.0005973715651135247,1.5819407088345583,33650.0,313753.8576884164,447,33946014,25444729,140739,97906,2063557,1694286,2093699,2415040,6057075,3332465,1454979,1450854,3088479,3327158,485315,1709818,18562171,11417202
66,000404,2017-11-23,-0.007824726134585291,0.003129890453834161,0.26608910922930246,12207.5,78480.42996828462,576,11547533,10803024,608888,500552,2323347,1717601,2922216,1360808,3874518,1641440,1300964,1480283,0,726809,0,888242,517600,2487289
67,000407,2017-11-23,-0.031209362808842678,-0.01950585175552666,0.35648926900142336,14478.0,161085.5464538458,465,15941712,6790216,362771,430946,1988497,1809416,1970589,1166526,1757328,1664156,640244,681300,1607473,0,458538,0,7156272,1037872
68,000408,2017-11-23,-0.04401805869074482,-0.026523702031602592,0.4822688832275542,22386.0,147901.6897717169,1353,49283638,39851947,754621,942985,5126234,4938665,9293785,5410716,12334505,9164869,4816806,5188205,3520283,3086465,4124367,4021944,9313037,7098098
69,000409,2017-11-23,0.0032102728731941976,-0.01605136436597121,0.22746017224023102,9210.0,65230.641617175075,750,11526498,10550716,670173,954402,2773406,2684332,2218084,1062572,3552184,2888436,478351,1188736,318570,361725,882895,491013,632835,919500
70,000410,2017-11-23,-0.03389830508474578,-0.01564537157757495,0.20961808342077998,11295.0,147951.25094413554,1341,26816817,30694383,1337553,1535038,5741617,5297028,4838906,3416316,3848352,4773954,1881071,3353484,2395719,1720932,2120509,909138,4653090,9688493
71,000411,2017-11-23,-0.005494505494505475,0.003996003996004083,1.4684125684380471,10035.0,127292.59457994389,185,5671987,1212702,196603,106433,749800,604096,622582,261093,766826,0,0,241080,400000,0,834916,0,2101260,0
72,000413,2017-11-23,-0.046795523906409064,-0.0050864699898270915,0.17552009949515213,42505.5,262869.65208214696,3140,192163000,162661297,1410040,1796996,15200567,15423209,19424106,19660496,28204572,31343724,22533358,21644069,12137620,16905242,10741397,10144109,82511340,45743452
73,000415,2017-11-23,-0.00983606557377048,0.0,0.13305480351636212,7936.0,151949.20597035694,2108,51011969,40612210,1230963,2653783,7425324,7420547,4108419,6424625,4259526,6724930,3235879,3750955,3355065,2816324,0,2253578,27396793,8567468
74,000416,2017-11-23,-0.04806565064478319,-0.015240328253223745,0.23574235095550958,13592.0,63512.009482901194,1310,27293664,15792771,1131676,1231021,6881404,5554568,6013063,3906652,5345400,3526148,3584830,1183874,1334653,390508,0,0,3002638,0
75,000417,2017-11-23,-0.011029411764705843,0.0,0.2759833989613497,4080.0,31269.737436813703,874,5791887,6285510,907009,1075233,2383641,2262872,984996,1025432,935016,1236222,255225,274176,326000,0,0,411575,0,0
76,000418,2017-11-23,-0.03457491231000498,-0.024553198596960035,1.4998696768311863,26931.0,164251.8463227866,1599,71107250,44265994,1002923,864125,8005877,6713915,8137509,5669270,13066067,11439322,7486821,5414573,5105010,2652591,2255019,3134034,26048024,8378164
77,000419,2017-11-23,-0.01636661211129309,-0.008183306055646544,0.355220214440158,7302.0,47581.21342994491,295,5587277,1660524,235135,249050,1286441,681428,902095,730046,1614156,0,1549450,0,0,0,0,0,0,0
78,000420,2017-11-23,-0.028735632183908066,-0.02011494252873558,0.08462880868543271,10185.0,93524.02407149857,1700,31703223,32168173,1183910,1431591,5566361,7672228,4124059,5344883,6261967,7303018,4269679,2724541,2693767,3783685,1264412,409200,6339068,3499027
79,000421,2017-11-23,-0.0031397174254317317,0.0,0.29726383741805096,3840.0,35117.4778510768,459,3209975,3080362,373231,776808,719468,697611,1032080,955375,316294,650568,243078,0,0,0,0,0,525824,0
80,000422,2017-11-23,-0.016355140186915973,-0.004672897196261738,0.17542026286919393,8520.0,67718.97686764508,595,8896435,8794283,606903,437034,2723947,1900678,2014203,1775709,845977,1305773,1395320,821544,321685,372963,424000,426000,564400,1754582
81,000423,2017-11-23,-0.023719761231542513,-0.014137606032045169,1.181914830433479,44611.0,239207.22368017174,2901,195903032,137734741,911659,1352149,11853101,13515603,19014037,17870654,35023528,26176287,21413809,18693092,15005556,12361365,10084045,5670085,82597297,42095506
82,000425,2017-11-23,-0.010362694300518172,0.002590673575129543,0.06839323205501603,27090.0,214548.9876613917,3213,142111195,152868044,2304673,1455138,15420598,12252580,17720720,16671234,24401731,26394382,13266007,14226595,10149728,13599591,8404390,13165320,50443348,55103204
83,000426,2017-11-23,-0.016913319238900604,-0.003171247357294016,0.21516758762156385,6677.0,102935.49897087053,1936,30199254,31841804,2222392,1329644,7583370,4581898,7597891,5533927,4180855,6594957,3581277,4667363,2006870,2083570,1279721,1383050,1746878,5667395
84,000428,2017-11-23,-0.012195121951219523,-0.004878048780487698,0.22892534263379402,4761.0,29333.127683446124,320,3687609,1288252,311135,348493,1137799,683884,1106070,255875,879480,0,253125,0,0,0,0,0,0,0
85,000429,2017-11-23,-0.0025316455696202667,0.005063291139240533,0.2225046757928303,4752.0,81222.27611003413,1261,16080949,17603952,1378692,1128087,3274438,3076277,2222669,1818369,2532526,2863184,1641551,2451469,1048326,2801893,475899,936064,3506848,2528609
86,000430,2017-11-23,-0.012181616832779518,0.006644518272425293,0.5033157707385064,9110.0,30428.067943638474,321,2747284,3487037,383650,373062,1298248,1143681,896851,755045,168535,995575,0,219674,0,0,0,0,0,0
87,000488,2017-11-23,-0.03470588235294114,-0.0117647058823529,0.34338570357678866,28729.0,191585.8859670586,2452,123852180,90995916,1161184,1131290,11940404,11239006,13011845,12388374,22304335,18041360,12981370,10376986,12464185,9487670,8455967,3202353,41532890,25128877
88,000498,2017-11-23,-0.003039513677811634,0.0,0.15597883915686453,5320.0,32914.105883899014,1783,15308031,14578149,1927666,2022625,5627588,5523011,3429067,3276682,1775105,3127946,1352642,627885,310009,0,885954,0,0,0
89,000501,2017-11-23,-0.019208381839348032,-0.004656577415599439,0.44323814242308046,6874.0,58619.66434117813,1506,19487617,11374506,3043931,1454182,3995036,3643541,3076424,2151530,4221121,1388004,1157101,1535514,311948,0,0,0,3682056,1201735
90,000502,2017-11-23,-0.034150612959719884,-0.02189141856392296,0.5508841450489823,10181.0,101855.33331547206,429,10009796,4018462,389536,360722,1861263,1328718,1379928,982701,1688062,0,885728,0,1096539,0,927960,0,1780780,1346321
91,000505,2017-11-23,-0.0231388329979878,-0.01609657947686116,0.45426914667963264,9770.0,34540.77948438398,478,5144005,4277095,574351,708718,2011981,1679933,1239267,844764,811931,435760,506475,294000,0,313920,0,0,0,0
92,000506,2017-11-23,0.0,-0.0012642225031604948,0.3356772086060756,7870.0,51068.526840949526,555,6914094,5770477,542526,532886,2176997,1870643,1276089,970795,1051496,762151,663310,495646,314364,1138356,889312,0,0,0
93,000507,2017-11-23,-0.017034068136272507,0.0010020040080160886,0.2379827616892041,15030.0,97152.94582780567,1759,39094451,30790012,1391100,1293680,10178778,6720617,7671148,5583947,6055879,6865572,2423454,4199009,1370220,2543044,2253620,1228492,7750252,2355651
94,000510,2017-11-23,-0.02846534653465349,-0.014851485148514865,0.2724313887389776,12847.0,66670.41355080319,880,20941597,10191510,702325,806101,4687562,3644391,4527892,2213172,4955773,1153695,2738590,970322,1410555,374912,492900,422400,1426000,606517
95,000513,2017-11-23,-0.06577066056619951,-0.04675436088075491,1.2295777179245841,68085.0,379722.6145228202,3240,305037579,206970871,907891,773081,13601467,11893562,19590654,20011675,41343139,32875493,42639499,27938944,28989328,19527103,23561301,13565660,134404300,80385353
96,000514,2017-11-23,-0.020989505247376306,-0.01799100449775115,0.2264938010707027,7980.0,44545.38753295414,867,10978265,6769351,853249,837583,4042815,2908440,2592299,1250194,1709803,698290,0,0,1780099,376781,0,0,0,698063
97,000516,2017-11-23,-0.022044088176352727,-0.01002004008016033,0.14391630558875362,9920.0,199534.293186936,1204,39628874,27320178,716446,1712991,3829529,6191228,2907587,3979682,3667807,4043128,2229490,1764866,2675883,716314,1835081,449618,21767051,8462351
98,000517,2017-11-23,-0.002577319587628857,0.0077319587628865705,0.1508145366377493,5835.0,55168.74427016834,662,8627254,5830881,822037,608896,2745106,1269744,1387581,1139289,997374,1516793,792480,538779,1415876,0,466800,0,0,757380
99,000518,2017-11-23,-0.028614457831325213,-0.015060240963855387,0.2916364073631249,6550.0,124936.67548455902,518,15469820,3595723,667179,556238,1302338,1099589,1944818,397345,2259471,763166,1225698,0,1469667,0,493563,0,6107086,779385
100,000519,2017-11-23,-0.029691211401425166,-0.009501187648456089,0.20827044840137413,9984.0,80683.33788763451,1636,32520539,21894434,1383418,1512028,7263645,5839424,5277572,4365289,6689773,4200313,3476211,1791188,2118741,650573,1367596,969306,4943583,2566313
101,000520,2017-11-23,-0.011111111111111072,0.0022222222222221255,0.16548541773913225,8960.0,137502.6917938809,740,11384643,11671924,895467,600094,3687133,2424283,2143049,1246846,2405520,1232696,1907744,226500,345730,638106,0,414900,0,4888499
102,000521,2017-11-23,-0.0369685767097967,-0.020332717190388205,0.19263432254061089,10680.0,118022.91665408532,789,20913486,9106749,527654,743551,3693744,2662861,2640756,2053708,2632258,1113416,990923,1555384,1015065,382704,1723419,0,7689667,595125
103,000523,2017-11-23,-0.030998851894374457,-0.018369690011481032,0.36983152088855986,9520.5,61107.49428756352,554,11221080,4739494,530311,720764,2319019,2191633,2493243,1109448,2575185,493115,741605,224534,317830,0,828871,0,1415016,0
104,000524,2017-11-23,-0.021793797150041927,-0.015088013411567402,0.4684144528837692,3528.0,62262.73749086439,648,6624996,2242735,828945,282587,2522217,972248,595978,443721,939223,339591,261068,204588,0,0,0,0,1477565,0
105,000525,2017-11-23,-0.05408913890090872,-0.023366508005192466,0.6427443388668382,22510.0,169861.87844340358,1293,41585363,31259668,830919,837583,6975383,6128733,5197140,4172915,7621198,7399935,6813192,3696877,2706893,3410316,844675,2301300,10595963,3312009
106,000528,2017-11-23,-0.008917197452229186,0.002547770700636942,0.16347180132915207,7860.0,78180.1192713972,2309,38276617,33665466,2410166,1512766,10391293,6170923,9069799,5686184,6929296,6042337,3227059,3659020,1303058,2570862,3009051,1368957,1936895,6654417
107,000529,2017-11-23,-0.015109890109890167,-0.006868131868131844,0.2756458517728636,4374.0,18185.87219240098,697,4095856,4082068,425180,1449930,1998671,1957831,939005,558396,733000,115911,0,0,0,0,0,0,0,0
108,000530,2017-11-23,-0.00857632933104624,0.0,0.23870270058998463,6391.0,67192.77508769014,596,8568909,6743313,526898,646157,1939968,1828140,1492233,749187,2014967,1005724,1364437,438471,309720,0,406580,0,514106,2075634
109,000531,2017-11-23,-0.009422850412249661,0.002355712603062443,0.32244645112035597,11955.0,69536.73511600673,693,11355342,9958348,864365,444697,3523667,2897854,2395298,2616535,1682279,1049833,456376,471199,342400,1457380,476591,0,1614366,1020850
110,000532,2017-11-23,-0.036195286195286336,-0.014309764309764272,0.47841373433862516,11675.0,60133.49139533092,616,13539079,5658525,446628,609839,2642489,2361643,2639303,1269659,2522530,827920,2107502,235000,987046,354464,2193581,0,0,0
111,000533,2017-11-23,0.007194244604316502,0.007194244604316502,0.4853229861448884,9820.0,25626.934626417755,401,4283877,3775946,676293,294500,1719463,1817651,1567964,1305524,320157,358271,0,0,0,0,0,0,0,0
112,000534,2017-11-23,-0.01447277739490005,0.001378359751895264,1.013560975528831,11612.0,50450.092720082226,204,3826285,1109653,197791,147345,938382,727858,512932,69696,1050865,164754,400200,0,322681,0,403434,0,0,0
113,000536,2017-11-23,0.0,0.006048387096774244,0.18522997062627544,5020.0,64651.48026024218,717,10447638,6868412,626067,636641,2809358,1818030,2136071,1151568,2355903,1518945,285028,264027,737211,309646,500000,474555,998000,695000
114,000537,2017-11-23,-0.04391891891891897,-0.05608108108108112,0.3063950147897757,28230.0,236064.91848620173,2340,115597319,92587357,919726,1364279,13187032,10749053,12470509,11213809,18906225,13459425,13999256,9309357,6734840,5282804,7390128,6700981,41989603,34507649
115,000538,2017-11-23,-0.048590864917395504,-0.030029154518950496,1.8653059551843676,60495.0,485967.32534799044,3046,339216039,230225032,996581,1253416,13283606,12610883,18860494,18077139,38258187,25783724,26320557,23676676,26553219,14928410,13517884,8605527,201425511,125289257
116,000539,2017-11-23,-0.011928429423459397,-0.005964214711729698,0.18832895069414826,3513.0,59711.20670414038,713,7950000,4208028,1322251,306735,2005363,674876,401217,772537,952060,227400,794763,505704,752976,366184,433500,1354592,1287870,0
117,000541,2017-11-23,-0.022845275181723856,0.0020768431983384517,0.20483751910170825,19360.0,176773.18952713715,2212,84637928,51700842,2138480,1708940,11468305,8398772,12230333,12281610,12997190,11265792,9168635,7384049,4383283,2161028,2672842,2243940,29578860,6256711
118,000543,2017-11-23,-0.013565891472868241,-0.007751937984496138,0.18186212622196946,4626.0,81700.37990117009,805,13478251,6566925,1229096,578716,2437622,1938369,1729868,943040,2328800,957818,2083999,433850,1091253,0,0,411200,2577613,1303932
119,000544,2017-11-23,-0.008383233532934131,-0.0077844311377245345,0.5636671619711163,8310.0,51936.18100825812,877,13561238,6218982,1553744,961239,3713434,3150731,2370643,1263492,2211484,119736,898726,246568,1084159,0,898548,477216,830500,0
120,000545,2017-11-23,-0.02564102564102566,-0.007889546351084853,0.17073276174288662,10030.0,87584.7759008287,882,20123180,11662020,691088,783143,3292442,3046715,2694439,2903968,3755926,2146486,2573470,1448066,1037636,1333642,2748949,0,3329230,0
121,000546,2017-11-23,-0.01641337386018238,0.017021276595744705,0.4796388177719522,13412.0,121745.77486279098,1178,28699732,22126782,1290169,706254,5040511,4048131,4149191,4885313,5955235,4911154,2688083,2093232,2122902,1083414,433825,1383506,7019816,3015778
122,000548,2017-11-23,-0.019607843137254832,-0.0015082956259426794,0.313367217585806,6640.0,82800.26474676651,447,6189570,3237252,524892,574304,2053718,1245330,770891,687894,530069,255579,0,0,0,0,0,474145,2310000,0
123,000550,2017-11-23,-0.009883720930232487,-0.0005813953488370549,0.7028355842365586,10320.0,55803.50717322286,598,9346879,6044482,658733,450207,2695701,2504948,2040655,1198122,1150099,1402725,474237,0,688079,0,432975,488480,1206400,0
124,000551,2017-11-23,-0.015348288075560879,-0.0035419126328218864,0.44044925024586135,13519.0,72686.94534508548,369,7660359,5260571,299333,416242,1946464,1161658,1880091,836282,2144591,551752,545880,955593,0,367112,0,466732,844000,505200
125,000552,2017-11-23,-0.017094017094017033,-0.005698005698005604,0.07924024346954035,1755.0,48178.8071954891,1976,16163139,15265637,1310475,1803953,4104661,3222132,3333870,2634102,3095491,4103878,1632557,1723143,608318,1076078,442309,0,1635458,702351
126,000553,2017-11-23,-0.018529956763434274,-0.0037059913526870103,0.3780260751234769,16180.0,97770.04853695087,1835,43431926,34477492,1050552,1079478,8299998,12187736,7449671,7698748,9978983,6465414,3930842,1082598,3539792,1429570,2335635,0,6846453,4533948
127,000554,2017-11-23,-0.00486026731470246,0.013365735115431265,0.22280766441806069,14994.0,103005.17053038852,1365,27158273,33467718,1352271,1392620,5990452,6249231,4405529,5720271,4929999,5626220,2991192,3950317,2796914,1037275,444420,2130391,4247496,7361393
128,000557,2017-11-23,-0.04313725490196074,-0.025490196078431393,0.15095000827747737,5976.0,43495.521389824906,1143,12925769,6421214,1123197,952374,5225070,2956891,2542603,998219,1922251,818428,552480,258743,0,0,0,436559,1560168,0
129,000558,2017-11-23,-0.02717391304347816,-0.009057971014492683,0.1755627851114248,7686.0,41568.64061295758,989,14812653,6618681,1140698,1026636,3912260,2585719,2737815,1542467,3936849,770278,2376547,693581,708484,0,0,0,0,0
130,000559,2017-11-23,-0.029126213592233108,-0.023300970873786464,0.20634912254046467,20813.0,200550.78123214009,2494,93325136,98467499,964256,1878749,10644945,11981127,9226419,11601189,14846004,18344447,10578550,11226557,7544230,9032098,7583013,3205806,31937719,31197526
131,000560,2017-11-23,-0.029743589743589705,-0.006153846153846176,0.2733076043246924,12597.0,102107.0558226406,1273,32431354,16844154,1632240,1236208,6642895,5176053,4627760,4421836,5187756,2566345,5717154,1876687,978132,357050,1259172,0,6386245,1209975
132,000561,2017-11-23,-0.044289044289044344,-0.015151515151515249,0.3331082284899841,8430.0,46494.55750156771,663,9697914,5043045,820361,656522,2863148,1919400,2054427,789702,1698609,1014721,1050972,0,307211,662700,903186,0,0,0
133,000563,2017-11-23,-0.045454545454545414,-0.022727272727272596,0.11781991045176352,10122.0,121757.01820342701,1691,44015180,20762647,2004927,1437977,8982417,5293752,6637225,3472303,7010566,2895224,6633903,1911611,1322008,709902,869642,434764,10554492,4607114
134,000564,2017-11-23,-0.032128514056224966,-0.016064257028112428,0.12817059859063082,5855.5,250519.06016486307,1514,40738015,25187823,1220659,1701821,4367994,5336329,3124610,3346662,3720693,2250335,532212,896978,3024609,392667,3253600,1420838,21493638,9842193
135,000565,2017-11-23,-0.020969855832241202,-0.010484927916120546,0.3145046774383391,7525.0,51519.98228495772,588,7697136,3922900,702975,604369,2260344,2080470,1757481,704066,651119,533995,506661,0,387556,0,0,0,1431000,0
136,000567,2017-11-23,-0.0130306851618327,-0.003783102143757877,0.7241484888823683,11970.0,74711.54056795189,1080,17021596,21687430,622386,1644364,4280878,4124812,3133999,4126861,4125567,4525468,2133033,2136397,1043640,1482498,476000,886680,1206093,2760350
137,000568,2017-11-23,-0.04567993989481589,-0.021637866265965422,1.1619510070393848,77520.0,682847.0523793385,3287,497934815,435047101,639803,856676,11751779,10939028,18930411,19349930,29308716,32054771,29193253,28965598,28669069,28179303,22087824,20978762,357353960,293723033
138,000570,2017-11-23,-0.015075376884422065,-0.00335008375209378,0.27119247814830894,9624.0,45049.04490242577,484,5931406,5710816,523196,538341,2035429,1723494,1635486,1093250,1446725,669653,290570,535070,0,661096,0,489912,0,0
139,000571,2017-11-23,-0.001712328767123239,-0.001712328767123239,0.1620355010775955,4081.0,46208.86024377344,1300,13446439,9926054,952441,1114291,3874886,2858311,3226300,1796671,1672811,2671113,1743230,754094,1395190,0,0,0,581581,731574
140,000572,2017-11-23,-0.048319327731092376,-0.027310924369747913,0.12888986186699503,9420.0,117572.61720905213,1366,36609151,19692593,1454893,1328275,5760102,5138434,5078086,3420338,4677577,3764764,4231500,965360,944929,1370106,2674534,1834177,11787530,1871139
141,000573,2017-11-23,-0.02729044834307981,-0.023391812865497075,0.20062944010235045,8096.0,113675.77743685985,654,13298071,7731008,358038,743919,2283504,2422999,2027108,1689379,2597039,671181,1386875,1408443,0,0,401897,0,4243610,795087
142,000576,2017-11-23,0.00728155339805836,0.0060679611650484855,0.9831727561152958,14872.5,85855.6876280512,280,3383064,7212436,365563,206975,1622940,998863,1005068,536971,389493,242922,0,998914,0,1725972,0,1905299,0,596520
143,000581,2017-11-23,-0.045255474452554734,-0.009854014598540184,0.4947902157388283,70174.0,359785.50947578717,3069,319932264,225009981,693149,702100,12276411,11515034,19764019,19032110,41505941,36104047,29419033,25109559,23157229,21056952,19827439,18510507,173289043,92979672
144,000582,2017-11-23,-0.04428044280442811,-0.009225092250922495,0.3341457441293657,11781.0,49815.150323583744,1052,19330389,11023409,951430,802866,6437106,3683469,5036781,2480958,3227123,2503381,1325611,644400,984380,355740,827608,0,540350,552595
145,000584,2017-11-23,-0.033333333333333215,-0.014965986394557707,0.44043187756559005,22125.0,98969.5496379931,1114,35116749,27938437,1057933,383030,7280647,3340647,5424926,3875668,10917181,8460568,3216690,4067846,2140964,1766558,1710162,3069258,3368246,2974862
146,000586,2017-11-23,-0.019736842105263164,-0.018724696356275383,1.2923125059496825,9695.0,90315.16506120813,233,3140838,4409108,332145,232741,884547,297986,805260,248789,732886,411854,0,0,386000,1279802,0,444906,0,1493030
147,000587,2017-11-23,0.0,-0.009132420091324311,0.18899751872954074,15660.0,69087.99221006598,1210,32649421,17284358,1052619,799503,4532238,5299550,6675904,3082427,13823798,3009679,3112490,2858533,0,1624028,1333891,0,2118481,610638
148,000589,2017-11-23,-0.023060796645702153,-0.010482180293501009,0.21193057416011946,1898.0,29576.20787012004,506,4024437,1876597,546284,335086,1466602,653789,1049268,88740,725283,247501,237000,216600,0,334881,0,0,0,0
149,000590,2017-11-23,-0.011042097998619771,-0.0041407867494824835,0.8078690563121114,8652.0,101607.91488349062,321,5274432,5334370,501128,184520,1504346,833214,1008492,703188,1470082,528360,790384,778728,0,711360,0,0,0,1595000
150,000591,2017-11-23,0.0,0.023703703703703782,0.1333727435701355,25916.0,153917.78662036866,2569,104299494,90460316,1660977,1373949,12037894,10751539,12383614,8957169,29165412,16733444,11635085,15194914,10255408,11148745,8977173,5410089,18183931,20890467
151,000595,2017-11-23,-0.024528301886792447,-0.007547169811320753,0.17738115193836004,8400.0,43966.64238646335,893,13244526,8223516,687399,927492,3729561,2719626,3169489,1330907,3037015,1946504,2246212,996170,374850,302817,0,0,0,0
152,000596,2017-11-23,-0.050075872534142696,-0.03125948406676782,1.3114781095452501,37638.0,199636.4348003974,2527,142918351,105577503,789567,1559786,12153996,12820948,15788531,11827112,25681826,19147074,12614145,12618283,14038577,9631823,6846804,5343774,55004905,32628703
153,000597,2017-11-23,-0.0106122448979592,0.010612244897959311,0.2439732993244477,39029.0,196761.38558377948,2525,116128554,122733472,1185621,1073768,14401618,11107738,17614801,13964370,26203426,17807708,18191360,13684793,10503789,8279582,7206710,7658711,20821229,49156802
154,000598,2017-11-23,-0.018115942028985477,-0.0036231884057970065,0.12958884128899617,10990.0,182402.6787949858,1818,46159168,35988212,2809435,1103264,9123703,4796353,3780887,4349329,5323092,4804103,4342812,4440185,2818839,3671309,2562053,402600,15398347,12421069
155,000599,2017-11-23,-0.023333333333333317,-0.009999999999999898,0.2527361084417316,10764.0,42314.91090403038,563,8214770,4980842,343395,433907,3671312,1449614,1993530,1053629,1643231,583074,202722,978218,360580,0,0,482400,0,0
156,000600,2017-11-23,-0.03176470588235292,-0.003529411764705781,0.22608919675332007,14399.0,156771.49286372095,1415,31676247,33857814,1393364,1189505,5999848,6321654,4420202,3917270,8710969,5537888,5719007,2699357,966895,2121889,899952,3565472,3566010,8504779
157,000601,2017-11-23,-0.0040322580645161255,0.004032258064516014,0.3069691338454821,7420.0,113152.89731082866,587,11154448,6982926,745184,621469,1767915,1456500,1469057,1601618,1196568,1440770,446241,764291,1021469,1098278,445014,0,4063000,0
158,000603,2017-11-23,0.000860585197934638,0.015490533562822817,0.3936008482622773,11890.0,41415.76773733946,871,10854414,12189204,684789,775286,4049614,4390961,3325429,2401612,1367195,3027424,1427387,235400,0,1358521,0,0,0,0
159,000605,2017-11-23,-0.022017409114183262,0.01024065540194563,0.5818358895735288,15816.0,88533.67919784981,1127,22275955,21620601,1202797,1150054,5283459,5302528,4463742,4715993,3596295,3961937,2622241,1291285,1063749,728594,466800,892392,3576872,3577818
160,000606,2017-11-23,-0.01931330472102999,-0.01716738197424894,0.4385006618785125,9290.0,75133.77398462783,451,9699715,4542641,483513,498940,1944532,1910739,2180320,913635,1874768,572320,255640,204379,1410782,0,415800,442628,1134360,0
161,000607,2017-11-23,-0.022955523672883782,-0.010043041606886516,0.2711810969220083,6246.0,42300.331286191926,660,8649187,4494309,740666,424687,3027985,1444273,2032686,1287914,2025540,662735,476310,0,346000,0,0,0,0,674700
162,000609,2017-11-23,0.013599274705349051,0.02447869446962847,0.3192929283345831,17460.0,69128.39963136589,1197,26286592,19926928,548320,977200,6169598,5432501,6395224,4802618,5606560,3930282,2576984,1861767,1613394,1451020,926740,896540,2449772,575000
163,000610,2017-11-23,-0.023076923076923106,-0.02230769230769225,0.6509413560365962,12750.0,92992.18556235275,398,12243373,4448755,359020,283102,2431502,1008076,1947836,728273,1511405,982306,945125,935723,1802592,0,0,0,3245893,511275
164,000611,2017-11-23,-0.029005524861878462,-0.008287292817679592,0.4608009878460486,11448.0,46647.666983761475,246,3906658,2080703,152855,163908,1115461,879255,1004870,419628,944244,350816,200200,267096,0,0,489028,0,0,0
165,000612,2017-11-23,-0.014042126379137487,-0.0010030090270811698,0.30281959971453215,7912.0,62073.793261553714,1084,15797645,11463437,1418524,1144009,3880195,3714651,2323443,2640512,2787170,2203903,1338748,439638,1271435,644932,495500,0,2282630,675792
166,000613,2017-11-23,0.0063775510204080454,0.0140306122448981,0.33663817179736794,8080.0,38669.87099903716,542,5415417,6211817,589136,576525,2309225,2133520,1321200,849985,665061,1348776,530795,665011,0,638000,0,0,0,0
167,000615,2017-11-23,-0.03915662650602414,-0.009036144578313365,0.22191288031768877,19740.0,72910.32593748505,2016,49564281,36269931,1652717,1820146,11537538,8641061,10772007,8255745,9903144,9215930,5842738,2251075,4338807,2869658,2544500,1866616,2972830,1349700
168,000616,2017-11-23,-0.03124999999999989,-0.01302083333333326,0.15179888058376576,4946.5,68759.12403631107,640,11050847,5865083,568356,743676,2026556,1837812,1471456,858433,2569787,1047796,763848,527722,1267702,0,939240,849644,1443902,0
169,000617,2017-11-23,-0.05266666666666664,-0.019333333333333313,0.5183450081531839,7387.5,41726.56721674904,840,7969574,8172973,614677,840301,2692716,3003573,1043981,1650036,1211919,1532459,1654591,519540,348968,627064,402722,0,0,0
170,000619,2017-11-23,-0.04141291108404399,-0.012180267965895442,0.4814851294125523,9756.0,71046.39679795665,290,4343995,4003357,230154,259002,1248603,986095,854368,1038406,991080,577966,0,0,328050,0,0,417280,691740,724608
171,000620,2017-11-23,-0.032362459546925404,-0.01941747572815533,0.24760572141406081,6070.0,53323.66620570959,623,8073525,4039398,760293,568072,1765519,1877131,1227048,531985,1097846,262006,860311,437809,691404,362395,0,0,1671104,0
172,000622,2017-11-23,0.0018867924528300772,0.0018867924528300772,0.28227564222025503,7154.0,36331.465332811815,352,4137035,2638958,235846,319320,1495715,1163658,847951,604159,805639,299488,751884,252333,0,0,0,0,0,0
173,000623,2017-11-23,-0.04703476482617586,-0.024539877300613355,0.442080645902688,63076.0,335679.98151301785,3060,265064976,222033113,751281,1186914,11688432,14170119,17649520,20003151,33627495,36772309,36081103,27589544,25301849,23154908,21941683,11428142,118023613,87728026
174,000625,2017-11-23,-0.012820512820512775,-0.002262443438914019,0.2638691399041184,18536.0,147476.91482840021,2526,81344012,60542680,2030363,1623676,14295629,12209959,11515277,9200353,14775441,9917665,5749474,5620650,5846366,4557216,4088059,3447882,23043403,13965279
175,000626,2017-11-23,-0.0364341085271318,-0.01782945736434116,0.4170398222927512,11385.0,42652.503296318384,957,15306817,8556873,850599,1020098,5812531,3123847,3418262,1681453,3354340,2052015,909349,271148,0,0,441037,408312,520699,0
176,000627,2017-11-23,-0.00587659157688547,0.019588638589618013,0.1787285710585098,51303.0,225228.57951189423,3270,191368844,191907435,1009634,1103127,15412543,12996760,21242450,19890034,37555990,33018265,23934350,28515136,23498415,16987185,14496425,14843707,54219037,64553221
177,000628,2017-11-23,-0.02887700534759352,-0.010695187165775333,0.32915587016116504,9240.0,40943.01006165433,807,11242955,6954266,869877,562538,4312133,2417067,2361789,2234821,2279280,1517764,430032,222076,0,0,460500,0,529344,0
178,000630,2017-11-23,0.007352941176470562,0.018382352941176405,0.05035426662235972,16402.0,251154.8655701752,2965,84185062,134651163,1826591,2416303,11373630,14571492,12393525,14200739,12175284,16231806,5665696,10279857,2808307,6472338,2723017,2984095,35219012,67494533
179,000631,2017-11-23,-0.04646017699115046,-0.028761061946902644,0.11777326410912901,6652.5,82038.2942665591,1478,27628989,13069270,1384312,965732,6394013,4230528,3923963,1896641,4330119,2554759,3120112,2118476,301203,313687,867166,445000,7308101,544447
180,000632,2017-11-23,0.0031897926634769647,0.006379585326953707,0.3252880911633129,8268.0,39056.160808046865,371,3447060,4511554,235974,301903,1249015,1440014,889002,1320765,1073069,595022,0,220850,0,633000,0,0,0,0
181,000633,2017-11-23,-0.04516129032258065,-0.01935483870967758,0.35379446525330605,9220.0,38379.95360111898,691,9928523,5825834,796141,757434,2826001,2644434,2130953,1378035,2854136,602991,957292,442940,364000,0,0,0,0,0
182,000635,2017-11-23,-0.028122956180510084,0.0019620667102682177,0.5755760466905021,10675.0,40268.27119392476,705,8956563,6326203,1001394,568352,3332902,2946998,2060622,1319135,1538155,487348,0,442014,1023490,0,0,0,0,562356
183,000636,2017-11-23,-0.005818786367414619,0.026600166251039115,0.20851305520569607,65610.0,321370.41679754696,3339,273869044,274132956,1373882,867622,12829241,11606304,23063908,16493052,45217563,35617022,32331217,30710944,28095641,23935607,16452169,14611561,114505423,140290844
184,000637,2017-11-23,-0.013651877133105783,-0.0034129692832765013,0.2797590831352066,5830.0,33726.9025242648,438,4441467,3498169,464720,381546,1624808,1153028,1109191,790228,1041030,797155,201718,0,0,376212,0,0,0,0
185,000639,2017-11-23,-0.013007284079084247,-0.010405827263267442,0.503305451911083,5781.0,93467.90326807008,1458,30779425,12947320,2193821,822230,6539879,3277436,4208592,1830651,6222065,2751259,2629475,1551481,710320,1734943,494000,405120,7781273,574200
186,000650,2017-11-23,-0.023214285714285743,-0.008928571428571397,0.19975274496358333,6110.5,95157.47532560582,786,15346258,5060442,955636,665684,3431712,1784434,2342804,570274,2217413,1351937,1408243,688113,316386,0,0,0,4674064,0
187,000651,2017-11-23,-0.04254413954477776,-0.02488832163369481,0.7842017800042136,380472.0,2005454.0705509558,3595,1661275337,1337758696,47178,46368,1746828,2689064,7498782,11244163,33339456,47863077,47790540,55448421,47381677,62327281,49371523,54417351,1474099353,1103722971
188,000652,2017-11-23,-0.02079002079002068,-0.008316008316008316,0.16697841599018184,6706.0,68469.77506658756,830,13148080,9307925,840415,884933,3996312,2566547,2132754,1422779,1749303,1513164,1004855,1218485,1393814,324762,849967,1377255,1180660,0
189,000655,2017-11-23,0.001386962552011095,0.01664355062413314,0.19592800785542855,13718.0,77262.97480235435,1355,21940836,29585151,1120067,1238853,5843848,5715588,5414685,5672673,4318441,5969150,1755403,2992457,311540,3544775,442800,2128159,2734052,2323496
190,000656,2017-11-23,-0.023706896551723977,-0.015086206896551602,0.14260777871871433,9220.0,127785.96283400181,1060,27393518,11959323,1172043,861345,6482100,2826966,2164694,1243665,3309362,1893756,1840272,918566,2078620,0,2749297,909468,7597130,3305557
191,000657,2017-11-23,-0.008077544426494443,0.005654281098545821,0.38031115918697084,11250.0,71914.21120081157,1061,14531109,16674649,1017917,1075072,4364952,4203034,2359184,3252745,2477230,3969128,735594,1096351,704532,683609,0,867871,2871700,1526839
192,000659,2017-11-23,-0.005249343832021025,0.005249343832020914,0.18893772076054818,9714.5,50490.40034818295,406,8590441,3795624,303408,343349,1930773,1380036,1597692,1077137,3870330,648011,538638,0,349600,347091,0,0,0,0
193,000661,2017-11-23,-0.06054200542005417,-0.04850948509485087,3.949861811034423,69846.0,339762.6879939305,2184,234314567,132000091,7064,0,8013904,11135719,13891380,13060018,27333941,24954971,17661615,16236953,19721765,13885906,18113430,11466858,129571468,41259666
194,000662,2017-11-23,0.0,-0.008649367930804952,0.5169563476840912,16401.0,226866.8717579781,845,15671624,17315514,732048,535988,5150912,4374196,5491195,1853088,1801980,2017849,886403,733713,310783,0,445800,0,852503,7800680
195,000663,2017-11-23,-0.03358425014475963,-0.017950202663578385,0.7293751659146761,15205.5,76694.34123656971,560,13741112,6744730,498687,450830,2972804,2108110,2330110,1379888,2959602,1235848,552102,895138,1370256,674916,430847,0,2626704,0
196,000665,2017-11-23,-0.012621359223301098,-0.003883495145631133,0.4157841600199816,8192.0,87808.98006553191,613,11950936,8229372,1013788,248987,1864484,2139827,1991133,1711650,1993778,1652349,1363209,500871,307500,307500,455672,0,2961372,1668188
197,000666,2017-11-23,-0.026576341844710916,-0.00990099009901002,0.4420508558808204,15280.0,117099.79234660826,1885,53810988,40390337,1875057,1674206,8025963,8350941,7214841,8433071,6461272,9179646,6618010,4330616,5252651,2698379,3990632,2633890,14372562,3089588
198,000667,2017-11-23,-0.01628664495113996,-0.006514657980456029,0.10470214208701258,4124.0,56059.04904181249,862,10643234,5226662,1073545,680622,2719502,1716855,1200245,685360,1536955,1012708,1431122,493478,1253786,0,0,0,1428079,637639
199,000668,2017-11-23,0.01196808510638303,0.00997340425531923,0.9880591023391946,6044.0,84301.09301189118,231,4179141,2400854,292668,186334,513078,584470,522565,345449,678410,581987,0,294104,759750,0,0,408510,1412670,0
200,000669,2017-11-23,-0.008023340627279496,-0.014587892049598872,0.3919581542282891,4041.0,66752.80073056149,1224,18041731,9708138,1320602,989352,3478239,3424291,1951877,1698507,2311501,2312362,3807605,706254,308005,0,1338470,0,3525432,577372
201,000670,2017-11-23,-0.009389671361502261,0.009389671361502483,0.13205843417957244,17864.0,80305.49091270358,2348,55967392,45170443,1981668,1700971,12172714,10124178,12581371,11385823,10845262,11559443,6025259,4242989,1744827,2865381,3249434,2228369,7366857,1063289
202,000671,2017-11-23,-0.017910447761193993,0.010447761194029681,0.13621618008641498,19770.0,137212.37622167278,2427,88859465,68299359,1743994,1481688,10780751,9994104,11936702,8130762,15069696,13431250,12251591,9615639,10301486,4230258,6317887,4786050,20457358,16629608
203,000672,2017-11-23,-0.01245753114382775,0.01925254813137034,0.19523241557327733,15164.0,61194.51135091642,2047,35288634,39328884,2293361,1832862,9796589,8761945,8706023,9366676,6343269,9677832,4454314,5510760,2858001,1711821,837077,837315,0,1629673
204,000673,2017-11-23,-0.002624671916010457,-0.004374453193350725,0.5631962663182136,11460.0,185855.2071025876,411,15114471,6400909,390292,290588,2136367,1200374,2293941,506524,1498231,670480,1532241,430696,697182,356304,477660,0,6088557,2945943
205,000676,2017-11-23,-0.036256323777403066,-0.015177065767284947,0.3204440595996897,5950.0,46304.93533020846,1370,19346350,10200695,1780246,925801,5562324,3855582,3699194,2450887,3437339,1418614,2212816,1549811,1079907,0,894455,0,680069,0
206,000677,2017-11-23,-0.012722646310432628,-0.007633587786259555,0.165621623671928,7740.0,42210.91149357415,563,7035336,6503003,354985,620330,1905313,2076763,2153240,1251389,2401006,1897851,220792,0,0,656670,0,0,0,0
207,000678,2017-11-23,-0.0064683053040104355,0.009055627425614388,0.45557947912782154,7770.0,30867.50938136544,287,2690599,2343356,264951,319527,1357207,957545,546160,600672,0,465612,522281,0,0,0,0,0,0,0
208,000679,2017-11-23,0.02614379084967311,0.02614379084967311,0.25723490562909246,9444.0,63609.859928454025,885,12080482,14262695,999239,671010,3960505,3007206,2836801,3143605,2668318,2890862,698004,1663108,0,1294485,917615,459969,0,1132450
209,000680,2017-11-23,-0.0165631469979296,0.008281573498964745,0.14104833287633062,9348.0,65967.53933548948,1174,17185378,18344501,1217383,1444988,4930374,4074526,1900313,3336685,2857322,4351054,2038342,2014547,1341380,2082956,491000,491870,2409264,547875
210,000681,2017-11-23,-0.038360483447188676,-0.012086179716237488,0.4682592570093975,15280.0,125330.20183648108,1655,55141743,19799032,902742,1273235,13151701,6005286,5878914,3237012,6819234,3866677,4965334,655638,3559261,1656179,3124618,846232,16739939,2258773
211,000682,2017-11-23,-0.01698513800424628,-0.00849256900212314,0.16876088460863997,7939.0,41826.312852433504,779,9247485,6381522,882759,743750,3922286,2397112,1543792,913974,2016624,781503,495348,0,386676,603702,0,941481,0,0
212,000683,2017-11-23,0.0,0.007067137809187329,0.07592203814211747,8610.0,110386.59456571219,1398,23609719,29606631,920884,1481282,4389606,5664371,2805987,5430072,2754572,5308317,1602596,4604926,621504,2464238,478764,1705042,10035806,2948383
213,000685,2017-11-23,-0.015252621544327938,-0.006673021925643452,0.340950086854391,7294.0,137954.82949317904,946,24309092,14569814,736465,868199,3378720,2878670,1977652,1094631,4584482,2081777,3922465,1852313,2629963,668952,416706,459024,6662639,4666248
214,000686,2017-11-23,-0.026483050847457612,-0.008474576271186418,0.19742099098017193,9460.0,119555.89422023951,2288,65551778,34927908,4334291,1383215,9049836,6907978,7103326,6491158,10810940,6385754,8116830,4920649,4228833,2499541,5337815,2523092,16569907,3816521
215,000687,2017-11-23,-0.04915254237288136,-0.03305084745762721,0.3179665864496891,14794.0,135646.50388686525,1379,39092080,22132550,877710,1083384,6010365,6750163,5992360,5475618,5770271,4901059,2470104,2066541,1991044,1406193,1372330,449592,14607896,0
216,000690,2017-11-23,-0.01251564455569465,-0.008760951188986232,0.2352181854628995,7960.0,162589.05173112627,1154,31978304,17346589,1244946,768011,5085385,2187886,4883336,3424408,4573692,3455385,2066272,1968395,3021694,1535679,2108827,0,8994152,4006825
217,000691,2017-11-23,0.054913294797687806,0.06069364161849711,0.2389747318234806,12960.0,98502.13770322366,839,10886482,18384641,727136,767854,3683417,4164555,1648006,3407837,1671977,2488999,635040,1258221,716000,2770079,0,1303117,1804906,2223979
218,000692,2017-11-23,-0.04492187500000011,-0.033203125,0.1671393656937492,5000.0,60721.83990005652,940,12160676,9116680,344263,1346245,2287987,3779537,2225972,1766025,1973757,1230130,2239974,0,0,0,417500,437975,2671223,556768
219,000697,2017-11-23,-0.0072033898305085,0.0004237288135593431,0.6327357543859621,19152.0,93627.93482215474,1391,38056805,31057812,1233871,1173621,7565038,7052509,5970265,5659882,8495300,6627364,3599970,2866400,1784980,2458333,4243641,1318750,5163740,3900953
220,000698,2017-11-23,-0.02866779089376048,-0.018549747048903775,0.2314725041746334,8189.0,89707.29710229648,656,12694006,8438034,557095,707177,2481773,1882952,2302841,1174303,1979203,1298193,1012734,526104,1701616,635216,855694,0,1803050,2214089
221,000700,2017-11-23,0.012326656394453073,0.024653312788905923,0.14337286701573243,20100.0,330365.8544167809,2054,64824215,107020281,1214177,1488261,7725359,9361372,6968961,10412784,9639330,15526175,6210964,9841920,6751831,9016034,5339965,7216372,20973628,44157363
222,000701,2017-11-23,-0.02477064220183478,-0.013761467889908285,0.31139354229458027,6470.5,33511.81942388969,1226,14268851,7378799,1924388,1091426,4827547,2552811,3239586,1891320,2241633,1843242,1136788,0,0,0,898909,0,0,0
223,000702,2017-11-23,-0.010217113665389577,-0.005108556832694733,0.3123576599842263,10140.0,37547.79350490507,628,9616722,4019879,843234,438206,3440820,1767451,2252684,1172251,2094067,426059,457612,215912,0,0,0,0,528305,0
224,000703,2017-11-23,-0.0042219541616402845,-0.0012062726176115257,0.38848447017757337,16600.0,125956.06008139571,1825,58988062,50477242,1801142,1159453,7537476,5704424,11062601,5178219,10753004,9030925,4526740,5814993,7070194,6095136,5130020,5260199,11106885,12233893
225,000705,2017-11-23,-0.010227272727272751,0.003409090909090917,0.33891916514658565,4422.5,28907.80234110912,674,4886214,3702829,880402,810637,1866886,1543082,728428,911180,472701,210401,246960,227529,690837,0,0,0,0,0
226,000707,2017-11-23,0.0016051364365969878,-0.014446227929374111,0.2702206764938126,4291.0,44564.99505761631,531,6625443,2770019,535603,465141,1563124,894072,1124559,588253,1296592,822553,643385,0,972580,0,489600,0,0,0
227,000708,2017-11-23,-0.019376579612468303,-0.002527379949452402,0.4077343910792905,14304.0,76389.55078573302,847,17468878,10862871,822000,559212,6009985,2796982,3496208,1910775,1654115,3278008,2302346,711066,1108185,305152,488579,1301676,1587460,0
228,000709,2017-11-23,-0.01243781094527352,0.0024875621890549926,0.07689634892971063,14544.0,271271.60889066855,2751,124026512,108756112,2586663,1657496,12696901,10011385,10778102,7889468,13068085,9764223,8009345,10147868,6811464,2860595,7293472,8551646,62782480,57873431
229,000710,2017-11-23,-0.07029478458049898,-0.041269841269841345,1.2945974980653858,52440.0,262310.4797752672,2615,175923616,124283862,721633,1173200,10436697,12312447,17739123,17521224,31790271,24330745,25280485,18282930,14268121,13378325,12270600,7289893,63416686,29995098
230,000711,2017-11-23,0.0349206349206348,0.03333333333333344,0.2843281736251758,19545.0,73614.00625312384,1967,39283254,48398488,1159121,1301469,9255343,10228994,8660977,9769073,9913511,12516249,5633786,5681662,2050746,1358048,1274628,4499073,1335142,3043920
231,000712,2017-11-23,-0.012103746397694626,0.006916426512968199,0.42502437636207463,8850.0,82537.53779660403,1667,32355632,28359432,2097168,1002339,5783731,5623644,5745017,5177774,7058064,7736037,3846171,2518725,3359153,2739488,1306938,955069,3159390,2606356
232,000713,2017-11-23,-0.015027322404371657,-0.00819672131147553,0.40691400182200277,8796.0,40918.42777955286,323,4567596,2364884,297993,220406,1455578,1233136,1431260,131060,391882,561582,0,218700,990883,0,0,0,0,0
233,000715,2017-11-23,-0.017185821697099923,-0.012889366272824998,0.4160740495042413,7440.0,30748.216038755098,501,5585602,2753397,491034,294313,2938868,1159607,920904,682639,929546,370123,0,246715,305250,0,0,0,0,0
234,000716,2017-11-23,-0.019677996422182376,-0.008944543828264706,0.18119051015706264,8904.0,45135.71640102342,952,13272513,8045942,945613,789896,4735705,3610041,2218256,1434870,2542480,1522454,984754,277816,390600,0,817410,410865,637695,0
235,000717,2017-11-23,-0.011286681715575564,0.019187358916478603,0.15280246792828173,79431.0,427464.1238996086,3371,369804017,341476312,982522,1033484,12635430,12615925,22344287,20135252,43134583,34460874,37226085,36778628,29986641,31868618,23963277,21981518,199531192,182602013
236,000718,2017-11-23,-0.012219959266802527,-0.012219959266802527,0.1481225411275497,4629.5,137371.5570543064,1100,22597410,12313149,1067449,1327017,2679662,2276693,1610824,880419,4383484,941844,1745877,761661,716175,344470,1427959,904604,8965980,4876441
237,000719,2017-11-23,0.004188481675392541,0.003141361256544517,0.34786756763051147,4790.0,30625.83987668526,753,7544903,3863383,1195617,931929,2707169,1277684,1652817,984014,1131890,403154,467504,266602,389906,0,0,0,0,0
238,000720,2017-11-23,-0.01650943396226423,-0.009433962264150941,0.1855302378333037,8380.0,88792.66900537115,522,8850606,8050766,450438,520132,2048591,1816867,2032158,769491,1716040,409402,862416,1007025,381555,312416,830672,0,528736,3215433
239,000721,2017-11-23,-0.023026315789473673,-0.013157894736842146,0.276188714957841,6030.0,47351.12853962735,484,6722840,3553417,450468,503385,1904442,1476183,582063,954693,1494501,619156,1041216,0,300500,0,949650,0,0,0
240,000722,2017-11-23,-0.013157894736842146,-0.006072874493927127,0.5088920245877308,9830.0,31873.66522419067,376,4988430,2134212,604786,494003,1675592,918016,1408631,609033,759106,113160,211345,0,328970,0,0,0,0,0
241,000723,2017-11-23,-0.011780104712041828,-0.010471204188481686,0.19088481479305486,6903.0,96793.51262027078,1604,35421587,23602041,1265152,1249441,4950677,4637518,5190001,3181699,6035159,6258893,4238738,3575563,4528502,1403205,1704584,905720,7508774,2390002
242,000725,2017-11-23,-0.04866562009419162,-0.026687598116169498,0.1063256500141133,1143780.0,6134633.536172226,3602,4288239950,4539769512,0,0,88317,44730,559089,687009,7770583,8565103,16677397,26507200,37202880,48422160,37844202,62861635,4188097482,4392681675
243,000726,2017-11-23,-0.010036496350365076,-0.0045620437956205295,0.3069001812909731,8728.0,76737.39560373276,1275,21721904,16444504,1081593,1992013,4504315,4660409,2747902,2699079,3761550,3150930,3324291,1797417,951132,967552,438000,0,4913121,1177104
244,000727,2017-11-23,-0.015810276679841695,-0.0039525691699603405,0.06772622763637227,4554.0,133777.1743695126,1407,28715981,16365005,1051323,1267340,3643719,3807699,2725247,2971228,3250693,3863310,2394879,490059,1082316,308913,858564,833905,13709240,2822551
245,000728,2017-11-23,-0.021933387489845746,0.008123476848090894,0.2421619928715573,24880.0,299473.0753138067,2587,106778879,135674247,1621395,1414357,11966760,10966996,13130685,11036365,17746126,17792292,14123067,14542229,11699489,5820157,8023270,7780676,28468087,66321175
246,000729,2017-11-23,-0.006779661016949157,0.0,0.13250334375332642,4123.0,87060.45195242291,1986,22620103,27669029,694420,2559690,2972440,5897930,8809709,4849569,1337057,3351011,2367315,861172,1320658,1332924,1438059,484029,3680445,8332704
247,000731,2017-11-23,-0.01904761904761898,0.004081632653061273,0.2535875011673472,8808.0,88958.89456717347,840,15490965,11568734,663546,697807,3546540,3537502,1813215,1923648,2627726,2041006,1534484,710088,2483465,676289,896692,0,1925297,1982394
248,000732,2017-11-23,-0.011384062312762233,-0.0149790293588975,0.45532342603930465,8335.0,78451.23632034488,1344,27649258,14972319,1092916,2023181,7577564,4042897,3455100,3107641,4027618,2316967,2436370,667431,1015144,1014356,1335972,469745,6708574,1330101
249,000733,2017-11-23,-0.028436018957345932,-0.008124576844955933,0.45485205524748795,13306.5,68707.39507998078,1054,24960241,12642355,1096316,793112,4694817,4245968,3831951,2536438,5639832,3598378,3689108,500703,2753891,0,879600,435676,2374726,532080
250,000735,2017-11-23,-0.02089136490250687,-0.00835654596100277,0.1779177927162246,19264.5,150357.59550063164,1632,62889279,36950600,1267116,1116806,8441271,5297711,8311193,5257916,9034229,9822010,4546872,4072629,7913115,1692739,4021816,1357176,19353667,8333613
251,000736,2017-11-23,-0.028178694158075612,-0.005498281786941561,0.6091947015235932,10080.0,26887.18790262337,570,5831967,4393305,497749,572917,2456888,2572524,1565738,1001137,865111,246727,446481,0,0,0,0,0,0,0
252,000737,2017-11-23,-0.061111111111111116,-0.02777777777777779,0.16529536727233185,5310.0,63300.01793819461,1068,12717616,9748772,595861,1364698,2578269,3911705,2445594,1753783,2236491,1313744,1490854,265056,335475,320250,408630,0,2626442,819536
253,000738,2017-11-23,-0.03305785123966953,-0.008854781582054438,0.4396483639210641,15093.0,65411.76795809985,1485,27118240,21051201,975340,1226233,6214415,7644049,5686393,4375641,4840094,4120731,3020378,2031704,1345639,661306,1797276,991537,3238705,0
254,000739,2017-11-23,-0.016393442622950838,-0.01341281669150518,0.26231966344882945,6007.5,80966.28883189228,654,13803430,5273472,1108122,521171,2090552,1430988,1935907,1264226,3150632,515120,473250,201000,635238,668967,401400,0,4008329,672000
255,000750,2017-11-23,-0.01333333333333342,-0.005714285714285783,0.11916245429385851,6850.0,92265.87305158643,1946,35362109,28252372,3432904,1641780,5207631,5593760,6893771,5009718,6505455,4854476,3000915,3675813,1291455,2042735,884247,843963,8145731,4590127
256,000751,2017-11-23,-0.002049180327868827,0.018442622950819665,0.10714930400925225,16068.0,164460.85961187797,2080,51515737,66866602,1707223,1949632,8702472,10329042,6296129,9569910,7980022,9096790,6850506,5551484,1030440,6738646,3029680,3146960,15919265,20484138
257,000752,2017-11-23,-0.016091954022988575,-0.008429118773946476,0.6583820768213168,7686.0,48461.12469964236,392,5039784,3473166,391323,429822,1686142,1230400,1165949,266252,1313106,560612,483264,0,0,321000,0,0,0,665080
258,000753,2017-11-23,-0.035175879396984966,-0.02010050251256279,0.150568024842369,7760.0,57716.418746261064,699,11904780,6428535,585089,736794,2634041,2090576,2388451,1203840,2726673,1613189,1110968,784136,1137805,0,0,0,1321753,0
259,000756,2017-11-23,0.0,0.022578295702840423,0.32349713979324873,14938.0,115980.12338809506,1803,36204489,48820859,880308,2071786,7667858,8181175,5092244,8600285,6023863,10510972,4798526,3479918,1907945,2777957,1926767,1892203,7906978,11306563
260,000758,2017-11-23,-0.009273570324574876,0.007727975270479082,0.1515124902883688,12464.0,93696.87122556125,1826,30830342,39246729,1658991,1807716,6806950,7944141,5988056,7908097,4630744,7515193,2512606,3000976,2158222,4321906,1405442,2672573,5669331,4076127
261,000759,2017-11-23,-0.05227272727272736,-0.026136363636363735,0.2676916059641763,8720.0,60509.0714076666,1081,19142556,10273941,1261717,940243,5728586,4071823,3035296,2040206,4325071,1135963,2042150,966693,397184,0,1260219,434720,1092333,684293
262,000760,2017-11-23,0.01900584795321625,0.029239766081871288,0.18324077521069906,17352.0,83171.74375667481,1397,32407721,33178083,1374086,952670,6501596,5007529,5500467,7200734,8785388,8771075,3201749,5816185,2690060,2676462,1391845,1303391,2962530,1450037
263,000761,2017-11-23,-0.022140221402214055,0.0036900369003691758,0.12647122040215467,12100.0,108182.79221121287,1842,42550631,46391310,1618410,1332688,8149079,5883383,6768353,6445652,6655732,8844560,3082060,5081770,3399835,3977575,3089737,4502761,9787425,10322921
264,000762,2017-11-23,-0.01713909030982197,0.007910349373764003,0.3257901881952372,19968.0,108073.37723049709,2170,55714877,64003238,1448132,1685951,8845400,11137640,10679540,10370656,12533389,13261472,4074472,9134635,5204102,4141491,3937510,1302302,8992332,12969091
265,000766,2017-11-23,0.0007358351729211954,0.00735835172921262,0.43744392555509,13400.0,242699.51475386912,965,21274607,28150299,889545,787502,4537962,3577971,2608789,2011106,3686257,3417247,1241584,1799440,1703339,1658410,961169,491400,5645962,14407223
266,000767,2017-11-23,-0.01650165016501648,-0.0066006600660065695,0.13604311512195819,3906.0,118840.05869405034,496,7305183,5703813,469668,504403,1489875,1039301,1110003,773516,458700,406568,532468,276600,685870,328090,0,409210,2558599,1966125
267,000768,2017-11-23,-0.022349570200573154,-0.008022922636103158,0.3681158202004077,20952.0,167190.8695908362,2248,80632517,57558359,1288205,1923240,11237371,10075246,11141247,10538273,14973204,10884255,6726481,5734479,8156875,4290500,3967150,3957489,23141984,10154877
268,000776,2017-11-23,-0.030944625407166138,-0.010314875135722157,0.32317284467476465,69920.0,429264.3862060683,3251,351337118,294626616,1050729,537142,15527658,9799290,24314258,19285796,38602200,38341567,29217825,27597523,20228043,24158976,19785414,16776125,202610991,158130197
269,000777,2017-11-23,-0.02749999999999997,-0.004375000000000018,0.49678910130845305,12863.0,72508.55894401718,1037,21427600,14136020,778312,1216416,4257474,4495939,3813544,2610942,5720141,2854990,2507385,1303676,1361764,714757,489800,939300,2499180,0
270,000778,2017-11-23,-0.02678571428571419,-0.0071428571428571175,0.13096660663959356,13887.0,158592.57967775493,1832,60947821,40667085,1545450,1264281,7547629,6931388,6367167,7507827,10590700,6532745,5907751,5007454,3537997,3533130,894986,2699663,24556141,7190597
271,000779,2017-11-23,-0.05684596577017109,-0.024449877750611138,0.5638785354256881,12912.0,78192.29514358155,842,19190500,7379717,879009,798937,3881856,3443709,3200703,2405789,3412677,394955,1724442,0,1328228,336327,1400580,0,3363005,0
272,000780,2017-11-23,-0.010638297872340385,0.006382978723404209,0.1905933535728882,1874.0,93272.80802523489,608,5156852,7993887,219276,652320,1162579,1509603,910657,1011043,1688888,865093,449302,269206,726150,339340,0,0,0,3347282
273,000782,2017-11-23,-0.005780346820809301,0.0011560693641619046,0.3727442762681472,9570.0,83104.23562500953,538,11088604,6056946,417886,899936,2392158,1854206,2165689,1268383,1671345,389279,1194498,284050,366296,328214,865500,0,2015232,1032878
274,000783,2017-11-23,-0.020111731843575398,-0.004469273743016644,0.18579021721827382,19580.0,110491.50777788392,2323,69063598,51813663,2387327,1394318,16413269,10487950,8620712,5418526,9219331,5599769,9573251,14367723,5849388,1690254,9847885,2196309,7152435,10658814
275,000785,2017-11-23,-0.0050709939148071426,-0.011156186612576002,0.6276322361659555,9810.0,75146.46538358039,246,5277740,2277916,267097,265020,1208431,933191,1036326,603016,664243,476689,699284,0,0,0,488999,0,913360,0
276,000786,2017-11-23,-0.03838383838383841,-0.026666666666666727,0.4276558150523821,81201.0,500495.7376336455,3362,372915247,364721128,495582,1292331,9449828,15102365,15862709,20841904,29539348,50143647,33795544,36626038,27213720,29287397,19765595,19482712,236792921,191944734
277,000788,2017-11-23,0.011702127659574346,-0.0021276595744680327,0.3766687329393398,9395.0,41620.14990109063,622,10571966,5987384,822766,622932,3459483,1733763,3049485,1535924,2385306,1143900,463780,950865,391146,0,0,0,0,0
278,000789,2017-11-23,0.03298969072164959,0.06804123711340204,0.17491477130741123,48761.0,196565.31693471182,3092,133105261,198075358,1021170,1197622,11490964,14985971,17322987,21675280,30689876,35885212,21814372,27340083,10847408,16365195,6170021,15596439,33748463,65029556
279,000791,2017-11-23,0.0074349442379182396,0.023543990086740907,0.19372380468188913,16239.0,82161.99220259367,1737,38541841,35681345,1460361,1614463,8000197,7912855,7016602,7407662,7827576,7220679,4951216,4443235,3770399,3000530,1726042,1341063,3789448,2740858
280,000792,2017-11-23,-0.032282859338970016,0.006917755572636519,0.23747431198052626,45727.5,276086.2258289167,3006,203295847,207976646,1045914,1315936,13292080,13198008,15612667,16169017,28944919,32370378,21684517,24334469,16692057,15461257,15248553,17516685,90775140,87610896
281,000793,2017-11-23,-0.002830188679245227,0.002830188679245449,0.23810147301155346,33544.0,268609.1016863872,1984,64595257,135649456,825920,1351680,5941299,6893086,7111979,17960504,14113175,31626747,7483753,8131845,5038424,5039562,4016971,4514723,20063736,60131309
282,000795,2017-11-23,-0.013223140495867813,0.0049586776859504855,0.15315740927945518,12120.0,66967.00406376418,1562,26142688,24306954,1769131,1416321,6246108,5862634,5488118,5818474,6460760,6331415,2278298,2952891,1681724,698159,418102,0,1800447,1227060
283,000796,2017-11-23,0.0007849293563579884,0.018053375196232402,0.3656653484610345,12855.0,52421.12014278601,1214,14941163,21507529,1154930,1185072,5676005,4215571,3505107,5148421,2810598,7854104,684678,1421243,698335,385200,411510,0,0,1297918
284,000797,2017-11-23,-0.04117647058823537,-0.01911764705882346,0.3755871045469323,13380.0,124038.25468081396,1312,41760787,24555634,1127670,848863,5933365,4528494,6588989,4201590,7739092,3281236,3712549,2838640,2578082,2078229,2231720,1317176,11849320,5461406
285,000798,2017-11-23,0.0,0.013253012048192625,0.44634779126444174,8380.0,27660.16633093407,345,3790641,2470597,338641,383029,1502873,1393038,1141087,378024,573405,316506,234635,0,0,0,0,0,0,0
286,000799,2017-11-23,-0.04844290657439443,-0.02214532871972308,0.5223635002612489,42585.0,285442.18554777233,3064,189305578,145253406,896789,1578036,13316732,14246471,18643808,18552737,31151197,31739534,22513370,17201675,13815769,12094541,17195291,7162648,71772622,42677764
287,000800,2017-11-23,-0.04014939309056975,-0.01400560224089642,0.23969818856220002,29694.0,310583.2828159873,2000,117903324,99293585,745960,1143478,7533543,8582300,9592971,9351046,23773462,15423637,9184057,9333877,9565998,7432930,4844333,4822099,52663000,43204218
288,000801,2017-11-23,0.004524886877828038,0.02413273001508287,0.18548028152673462,12168.0,95949.817574165,1283,24268288,25938585,1245767,1171189,5040031,4841397,4118609,4140542,3892363,6345402,3206095,2111244,2178032,1720434,1394080,473200,3193311,5135177
289,000802,2017-11-23,-0.022962962962962963,-0.005185185185185182,0.44619873526935017,13420.0,64675.390344880405,915,16438612,12123224,740445,846129,4908234,4324828,3223558,2994628,3107690,2966276,1338616,407328,713112,0,469350,0,1937607,584035
290,000803,2017-11-23,-0.04988747186796705,-0.0386346586646662,1.332580445742395,18175.5,99367.38283718136,400,9237069,10143595,225929,194143,2004820,1765711,2058878,2113438,1405612,1732740,1394970,1213494,309600,315275,0,0,1837260,2808794
291,000807,2017-11-23,-0.007954545454545436,0.017045454545454364,0.15123017340549957,90900.0,528776.8307669895,3394,358904453,439620980,928021,1018296,10678105,12218626,19220802,21575202,38175876,46662621,38118449,45091005,23652132,36856114,30235467,23270054,197895601,252929062
292,000809,2017-11-23,-0.01897018970189701,-0.005420054200542035,0.17445965305155353,12993.0,53929.36601876171,447,8229636,5905716,201689,441357,1990192,2171694,1394272,1516797,2712929,975161,762570,800707,724761,0,443223,0,0,0
293,000810,2017-11-23,-0.03154574132492105,-0.014721345951629883,0.3167945310010369,3779.0,22323.54260167103,901,6329916,4198806,1363768,823659,2841112,2049745,1013389,1060258,769701,265144,0,0,341946,0,0,0,0,0
294,000811,2017-11-23,-0.010962241169305886,0.0036540803897684437,0.32136848529138196,8230.0,62177.988929895146,652,8576837,7228396,820253,579020,2794148,2058852,1847802,1366245,1199172,919705,707220,767212,301842,709794,0,0,906400,827568
295,000812,2017-11-23,-0.01243781094527352,-0.01243781094527352,0.3695786854267761,8734.0,110660.68563163429,473,11923143,6545912,701852,274405,1613386,1164626,2848255,1202585,1386876,1227916,749975,247380,755588,796500,0,0,3867211,1632500
296,000813,2017-11-23,-0.031016042780748543,-0.019251336898395643,0.2088100651220767,18240.0,91838.09672795882,2012,49480914,30812530,1892745,1229482,11639477,9109051,10980297,6618191,9641333,6181367,6266093,4085678,2042624,655395,1709446,0,5308899,2933366
297,000815,2017-11-23,-0.07000538502961773,-0.04523424878836835,0.587046180197888,12754.0,91959.56261525326,1003,21038948,19045789,776949,1120138,3515868,4765375,3222123,3813279,4208743,3851917,2759523,480482,2711380,648482,444522,494006,3399840,3872110
298,000816,2017-11-23,0.03208556149732611,0.013368983957219305,0.09163753725635788,8976.0,102749.61038005445,1673,23124849,37122877,1298112,1614463,4993758,7412786,3250936,6130943,4539991,6281936,1169085,3769733,1417074,3225948,446639,1820764,6009254,6866304
299,000818,2017-11-23,0.003442340791738552,0.01118760757314985,0.32600685277758845,17535.0,119148.78886915873,1271,29665817,32264793,824090,894303,6634189,7050838,5225352,5619906,5441731,5030449,2774487,2632069,1715783,1713144,1409299,1394634,5640886,7929450
300,000819,2017-11-23,-0.017001545595053957,0.0,0.5153787580976847,12890.0,50108.67782194824,630,8632573,8164216,612098,582915,3212221,2139040,2860613,1458110,1947641,1822875,0,559800,0,395415,0,0,0,1206061
301,000822,2017-11-23,-0.02710551790900284,0.004840271055179146,0.2215041367918771,20720.0,115971.73077270207,2177,65867691,47822371,1281810,1216306,11585004,10875306,10617183,8396289,11957950,11059567,8043778,6366799,3526722,2606095,2103839,1729804,16751405,5572205
302,000823,2017-11-23,-0.05938242280285033,-0.038004750593824244,0.346389727270639,37628.0,379909.117911591,2373,206097901,122778892,1110881,1326581,8789175,10878234,10290269,12581582,23555558,22043501,13874573,13646541,16536601,6814023,10291260,6906213,121649584,48582217
303,000825,2017-11-23,-0.01383399209486158,0.0039525691699606735,0.10081203672755436,15748.0,194658.64656361396,2529,74596783,97834578,1612836,1730177,8906946,10545774,8553380,12171950,12900993,14231336,8290050,12673464,4366819,5823027,4486216,2732110,25479543,37926740
304,000826,2017-11-23,-0.013940256045519295,0.0014224751066858055,0.7972508814518482,35260.0,248512.18194110968,1944,114791631,96950811,786072,1167266,8474879,9765838,8935381,8518694,16834589,16590827,16780716,10828462,10130450,10761973,7499610,5701508,45349934,33616243
305,000828,2017-11-23,-0.019014693171996555,-0.006050129645635338,0.49121502932351224,6980.5,50416.66017238968,554,9337032,3720530,536086,333241,2170375,1564320,1736246,995673,2402048,231598,1143340,216690,345978,379008,411700,0,591259,0
306,000829,2017-11-23,0.01271186440677985,0.02012711864406791,0.2450276572159449,8523.0,49932.736942787924,1485,14523095,19058251,1306994,1684528,5403621,5180887,3266264,3845927,2788405,2916573,648603,1457456,701423,1754458,407785,419520,0,1798902
307,000830,2017-11-23,-0.04532967032967039,-0.02472527472527486,0.24685849319542652,112687.0,552526.5279321637,3486,520967905,393032115,559213,846664,10002891,10545302,20886984,23400895,47321111,49425872,44096970,41153134,36469531,31515448,29939339,25396888,331691866,210747912
308,000831,2017-11-23,-0.0025597269624574315,0.017918088737201243,0.26065162896598154,20434.0,88604.0492388102,2023,49903218,53171236,1460254,1195500,9660192,10256754,11155590,9459512,10454481,12251293,7183504,7192913,3130429,5831696,2268171,2249679,4590597,4733889
309,000833,2017-11-23,-0.03142857142857136,-0.0028571428571427804,0.31347183943609624,7683.5,36257.55392000089,498,5038991,5639223,512979,420110,2666927,1749866,813870,1155153,779915,1161077,265300,1153017,0,0,0,0,0,0
310,000835,2017-11-23,-0.016607354685646558,-0.005931198102016477,0.3820900539947573,10062.0,45188.29788526725,486,8217951,4091059,485366,416855,2495792,1832778,1903056,778354,2139385,226530,500428,428890,693924,0,0,407652,0,0
311,000837,2017-11-23,-0.036163522012578664,-0.007861635220125951,0.23663544506315493,7517.5,52902.234642412455,722,11497664,6956040,571206,775535,2391133,2536166,3430871,1574177,1842544,1247117,1627991,207025,371555,616020,0,0,1262364,0
312,000838,2017-11-23,0.025679758308157163,0.03776435045317217,0.11999461380833074,29197.0,191691.2031292477,3055,118424721,138944648,1885877,1857120,14331444,15028799,15284232,17656886,22592887,19398199,17773706,16480006,16446137,10333414,5741216,12180896,24369222,46009328
313,000839,2017-11-23,-0.06642402183803464,-0.02820746132848051,0.18492123265396612,115766.5,602343.3616008509,3538,449776783,406758076,349736,480813,9630517,12728193,22884949,22567874,55115349,55895731,49294075,50308668,37804861,33619295,29982434,28412831,244714862,202744671
314,000848,2017-11-23,-0.011627906976744318,-0.00634249471458781,0.23995441267050704,7528.0,141249.6013601496,1555,43544428,20768509,1173122,2388721,6365015,4278449,3868123,3706495,6093689,3812795,2868603,2315392,2854532,1373559,4546260,1761338,15775084,1131760
315,000850,2017-11-23,-0.01898734177215189,-0.008438818565400852,0.23333475002824125,2355.0,57257.8802586749,412,6650079,3301479,328801,232744,1051094,901567,1292810,968923,1234176,461400,1476082,736845,375200,0,891916,0,0,0
316,000851,2017-11-23,-0.014008620689655027,-0.003232758620689613,0.267453790596636,18500.0,151911.2022391683,1205,32497149,35893753,985961,1164640,5633002,5688169,5142807,5453688,5455143,6688252,2267591,3131759,2168368,1778847,1807866,3113055,9036411,8875343
317,000852,2017-11-23,-0.02717825739408475,0.014388489208633004,0.2380192485926806,34074.0,140508.11885031994,2767,107932226,101585309,1137611,1358892,12689386,13591730,16842321,18168540,26507511,25115140,16033806,9844872,5692910,7168724,6367253,4053107,22661428,22284304
318,000856,2017-11-23,-0.04052631578947363,0.008947368421052815,0.43990130490664,22728.0,139387.53225179334,1867,53652149,60175193,1345333,1406248,9127158,9321806,9633926,8889677,13622430,9525557,6516536,5460682,3541165,4153870,3107317,3060339,6758284,18357014
319,000858,2017-11-23,-0.05164912280701761,-0.027368421052631597,1.190069347407479,394212.0,1089388.4521165611,3587,1300002926,1185783938,34625,89485,2291536,2832025,8561965,9753264,38513199,37480339,54994320,43689474,57488039,49857988,58859052,55229334,1079260190,986852029
320,000859,2017-11-23,-0.04241071428571441,-0.0267857142857143,0.17679030836738913,5328.0,64625.3682818159,642,10606496,4555849,480377,595978,2070015,2008259,2082223,509914,2148878,258706,919610,239134,680929,0,1317838,408394,906626,535464
321,000860,2017-11-23,0.009798865394533118,0.012893243940175436,0.37893018096543957,11670.0,121235.65132842989,2620,59832994,57259842,3223671,2429689,7882141,11435392,8362813,11531391,11239819,9224806,5195730,6371433,3929823,2679901,2684516,2601862,17314481,10985368
322,000861,2017-11-23,-0.012269938650306678,0.0,0.13389028156598007,5850.0,42094.60672931371,593,5606807,4237152,589821,540975,2250212,1576892,1039450,546230,1030522,424945,0,202120,696802,326652,0,0,0,619338
323,000862,2017-11-23,-0.015564202334630406,0.001945525291829009,0.23374610631811327,5599.0,28666.219037290066,483,3687187,3419618,556618,447459,1332650,1698796,1184119,854367,205800,154800,0,264196,0,0,408000,0,0,0
324,000863,2017-11-23,-0.017799352750809017,-0.009708737864077555,0.3299601163282419,9816.0,59133.676665047096,350,5628744,4453761,283334,360914,1428827,1220893,1138336,881999,384538,831328,736848,652687,1656861,0,0,0,0,505940
325,000868,2017-11-23,-0.0874524714828897,-0.025348542458808576,0.14523025364993977,28224.0,158133.17546234198,2959,115229590,104692184,1593162,1715430,15096172,14309157,15821422,16371586,23876617,19746774,14404121,12298815,8798341,8612861,5757237,7206281,29882518,24431280
326,000869,2017-11-23,-0.025576869613566866,-0.019182652210175122,1.0588653644719308,17657.5,121689.2806764161,1154,36902262,19487132,564047,1126383,5769699,5608582,4223703,3285793,7323487,4120603,2136660,2149124,5594596,1033971,1776907,887040,9513163,1275636
327,000875,2017-11-23,-0.01707317073170722,-0.007317073170731603,0.16118138702937013,4499.0,46193.06418280743,647,7796603,4757414,651728,732614,2196097,1398642,1413257,821157,1392149,382664,1314994,640915,375498,329245,452880,452177,0,0
328,000876,2017-11-23,-0.02264150943396237,-0.008805031446540879,0.15383980883171394,25120.0,174443.43765390478,2675,110687997,97110610,1145161,1704764,12039137,16059317,13044876,12577817,21348752,19240870,11738100,9545068,9985272,9193611,5720829,4425811,35665870,24363352
329,000877,2017-11-23,-0.006930693069306937,0.002970297029702973,0.2184875549228275,15059.0,64540.96177427937,2138,40031538,36217497,1671718,1412628,10490249,10273124,8335012,8155724,9648667,6470717,5268096,3794165,1657022,3304471,1275809,872820,1684965,1933848
330,000878,2017-11-23,-0.014274385408405976,0.011102299762093537,0.24492991145615833,39959.0,202735.31625766167,2653,117144832,162742031,1134530,1106866,12086180,11764064,14509895,17165355,24399102,27027531,16312153,20332144,13007599,17197548,5992054,10285177,29703319,57863346
331,000880,2017-11-23,0.004060913705583813,0.013197969543147225,0.3012162676647479,14189.0,90189.94373447399,1072,21718238,19782545,829985,903771,4752261,4776854,3888746,3249376,5211052,3044524,2038204,2021892,2865200,1373542,1236070,427975,896720,3984611
332,000881,2017-11-23,-0.02726602800294775,-0.007369196757553431,0.4102325209989108,17498.0,75359.9009019121,1094,26251378,18111739,736741,834913,6593578,4551418,5377246,5389706,4561611,3742131,2400226,1407634,1692838,725819,1305745,830470,3583393,629648
333,000882,2017-11-23,-0.022727272727272818,-0.009740259740259827,0.11675400272441616,6100.0,84320.13547058098,697,11026817,7555256,628019,779073,2281505,2022817,1374647,624665,1472546,2081163,942321,417213,1038564,0,0,0,3289215,1630325
334,000883,2017-11-23,-0.014613778705636848,-0.008350730688935326,0.1291451367718315,3815.0,70516.81529583035,1378,16615649,7705122,2048200,1115237,3212266,2627566,1356319,1490772,1561043,1321298,945447,533975,1118903,616274,1770690,0,4602781,0
335,000885,2017-11-23,-0.015151515151515138,0.0039525691699604515,0.35599840307155833,16654.0,73939.36838643963,1819,34148595,37843776,1429959,1507195,8508632,9958917,6657158,9537512,7730636,8997440,2823362,3964812,2009335,1383345,861003,428120,4128510,2066435
336,000886,2017-11-23,-0.00924499229583986,0.0046224961479197635,0.19582893274067456,14995.0,181389.7361742383,1099,37640056,26104853,955950,878774,5283010,3721623,4370448,4235542,5892021,5501179,3127090,4331251,4133433,681524,2716336,2182940,11161768,4572020
337,000887,2017-11-23,-0.034946236559139865,-0.023655913978494647,0.49838105103065744,16713.0,132308.8336040628,1393,52367310,23679041,900746,1086072,9043495,5951066,4990138,4576199,7242833,4688321,5316486,2619037,2468522,982616,3417925,444000,18987165,3331730
338,000888,2017-11-23,-0.03448275862068961,-0.0233265720081135,0.28375896146984037,9640.0,89236.83047463113,1208,23362315,9113368,1850052,837177,7205771,5383736,2690238,1061560,1798600,1086152,1493664,419875,318171,324868,891455,0,7114364,0
339,000889,2017-11-23,-0.02089783281733748,0.009287925696594312,0.5624761271214209,10408.0,56797.855958692235,527,8400684,5025310,560500,368348,2306700,1924553,1916680,1191584,1703494,906910,485610,238815,0,395100,0,0,1427700,0
340,000890,2017-11-23,-0.0015723270440252124,0.00943396226415083,0.27328431167023437,8333.0,52216.7651370462,541,7047905,7152196,488665,593130,2283031,1959492,1703070,1093095,1352422,1089191,222600,662452,998117,1350982,0,403854,0,0
341,000892,2017-11-23,-0.005610098176718092,-0.011220196353436185,0.3273137129381363,8799.5,44821.65714466716,474,7006488,4691271,373466,519842,1767262,1849276,1260220,1236055,1762623,590984,1540786,495114,302131,0,0,0,0,0
342,000893,2017-11-23,-0.004021447721179627,-0.002680965147452974,0.3324065903605569,6687.0,27950.991303412335,503,4120597,3331576,562316,615435,2160591,1184599,829178,759540,364581,371322,203931,0,0,0,0,400680,0,0
343,000895,2017-11-23,-0.030445813700616164,-0.01232330554548744,0.5069500966075943,51984.0,262927.19898637803,2965,237627167,183191199,1364794,1131040,11160318,11134163,17318516,13870168,38393650,31266073,25900696,19438912,21308708,17747359,13470698,15287974,108709787,73315510
344,000897,2017-11-23,-0.021563342318059342,-0.008086253369272156,0.12601476651038135,4810.0,62943.01944148736,868,12843064,5410376,995457,903585,3021658,1869223,2258526,866564,2122433,1296358,423150,474646,1040972,0,470640,0,2510228,0
345,000898,2017-11-23,-0.0030487804878047697,0.018292682926829285,0.11981329074815474,25818.0,374061.68722693,3007,189053636,238063244,1833534,1835767,10141026,9458875,9471767,13930353,20012095,20725855,19217973,26776724,14056890,21427263,11849689,13762647,102470662,130145760
346,000899,2017-11-23,-0.014950166112956742,-0.0033222591362125353,0.22036145856913275,3010.0,27610.7051423533,746,5182357,2923094,1372898,463866,1260306,1071119,865496,798439,1119657,287170,204000,0,360000,302500,0,0,0,0
347,000901,2017-11-23,-0.004905660377358401,0.010943396226415159,0.4992991524297045,43080.0,458386.58798485727,2820,199983409,235392961,851344,1286715,9480732,15016405,14508076,17132397,23457819,24960799,19637890,18631526,14401544,16275276,11250503,11463923,106395501,130625920
348,000902,2017-11-23,-0.012578616352201144,0.002096436058700357,0.3119777395634629,4785.0,144881.78984833538,935,18052828,11284651,827438,1158767,2444140,2107827,1806113,1609445,2012294,1815242,654429,494551,636020,382400,5147686,478956,4524708,3237463
349,000905,2017-11-23,-0.03416666666666668,-0.00666666666666671,0.399239935019143,12040.0,51517.56015537964,903,16268570,10933745,849636,665686,4799548,3440750,4040925,2471318,3919417,2228335,2336577,1346896,322467,0,0,0,0,780760
350,000906,2017-11-23,-0.04342857142857148,-0.017142857142857237,0.24575588655463396,12840.0,50853.726141770974,1268,23042853,13034120,1201068,1188811,6387729,6118072,5305489,2476909,4364037,2323309,3461946,219042,687368,707977,451500,0,1183716,0
351,000908,2017-11-23,-0.02276422764227648,-0.011382113821138296,0.2529703442950899,10285.0,50152.46084973489,591,10529302,4638091,442414,465149,3423096,1809371,1543863,1085718,2311815,778906,1165913,498947,1642201,0,0,0,0,0
352,000909,2017-11-23,0.034782608695652195,-0.009565217391304337,0.5175824433337539,11490.0,37488.32515437925,493,6192422,4483572,278847,393424,2312623,2834860,1385043,1050328,1074697,204960,216200,0,0,0,411540,0,513472,0
353,000910,2017-11-23,-0.015603487838457997,0.002753556677375091,0.4525517004496748,8828.0,92400.61005485243,2324,51246735,37597583,3876532,2254471,8243807,6741448,8394971,5309018,8486950,7581954,7302704,4900793,2437313,2042000,3584861,2738394,8919597,6029505
354,000911,2017-11-23,-0.028108108108108043,-0.00432432432432428,0.3114098719284446,5535.0,27062.012434940178,882,6580055,6502295,824710,1215880,2816057,2893145,1374652,1633692,736601,759578,516944,0,311091,0,0,0,0,0
355,000912,2017-11-23,-0.04096045197740117,-0.01836158192090398,0.20135422664766786,8334.0,39415.55813032028,1238,14328864,12208809,1206133,1273139,4589308,4789928,3452878,3015016,2533214,2666717,1144433,464009,750594,0,0,0,652304,0
356,000913,2017-11-23,-0.008679762448606687,0.01187756966651432,0.559607897467104,21720.0,119006.76271497626,1532,40900254,42624750,871169,1024862,6937729,8013498,7474782,6670578,8547371,11126458,5431571,4313204,3208195,2220416,4033376,2684633,4396061,6571101
357,000915,2017-11-23,-0.0211073722851024,-0.01590700520036692,0.9424428501782879,12963.0,104377.10599624408,1203,36300201,20221672,1243546,1349333,5289445,4102699,5696549,2264028,7104113,4732617,3332775,3240131,4643926,972881,3614419,864157,5375428,2695826
358,000917,2017-11-23,-0.039682539682539764,-0.007936507936507908,0.22913751679958833,15000.0,139204.5901408233,1936,60016341,38830680,1714430,1963900,9730188,7661371,7706529,5604187,12040568,6383734,6936436,5592495,4546181,4987706,5432929,3652041,11909080,2985246
359,000918,2017-11-23,0.007183908045977017,-0.002873563218390718,0.21548854385352365,10462.5,99767.73992251589,1044,21887216,14283182,600527,1360055,3661763,4692777,3011820,2543628,2565634,2683705,3126249,413214,3063738,2136011,859050,453792,4998435,0
360,000919,2017-11-23,-0.02176278563656142,-0.013057671381936808,0.4178010544623697,9130.0,75753.23042449474,483,9262107,5119350,443396,681040,1542737,1934120,2180779,1306543,2075949,690521,472616,507126,346710,0,925920,0,1274000,0
361,000920,2017-11-23,-0.0019212295869356355,0.014409221902017322,0.34836123930937807,15181.0,280540.992602305,894,17187174,27534996,739719,565394,4484275,4079236,2550632,3568882,4261801,4177171,1628765,973310,1961828,1072828,978670,442260,581484,12655915
362,000921,2017-11-23,-0.057768924302788904,-0.035192563081009376,0.32313708910277017,17688.0,160231.05294530402,2175,77154074,40766079,1106662,2084714,12397243,10061716,10336769,7060384,11590368,9435742,6457936,3490391,2739887,1303340,3109810,2684392,29415399,4645400
363,000922,2017-11-23,-0.024358974358974272,-0.008974358974358942,0.36105494836024055,9680.0,41275.77753977218,466,8301139,3662362,442814,461296,2388952,1537564,2297838,1282906,1676556,132784,1187749,247812,307230,0,0,0,0,0
364,000923,2017-11-23,-0.03302097278000882,-0.004016064257028051,0.6666679333008042,9084.0,84372.49094986744,1130,18698347,14657366,1289639,902194,5308313,4398258,2727579,2156286,2928694,1604706,1962150,2217313,1399671,336150,905233,899673,2177068,2142786
365,000925,2017-11-23,-0.023047375160051176,-0.007682458386683688,0.6487930343849321,7630.0,107989.01151604753,579,11814823,8549486,929356,402335,1784577,1616576,1450948,1059112,1994682,933396,728917,1591183,331560,311000,885508,1858384,3709275,777500
366,000926,2017-11-23,0.008278145695364225,-0.0008278145695364003,0.27844680688722717,9640.0,61655.585608607114,1883,31545556,28378343,805246,4670544,5948072,7884419,4305199,4912392,7952833,6990108,5876311,1046874,2061792,1686186,3968113,0,627990,1187820
367,000927,2017-11-23,0.0,0.0,0.2042750483496814,2600.0,75237.07231320962,647,0,7711080,0,1309880,0,1854840,0,960960,0,824720,0,260000,0,0,0,0,0,2500680
368,000928,2017-11-23,-0.012364760432766575,0.004636785162287493,0.19503330206500558,13734.0,63426.16451436194,1101,20430922,22049425,1007016,888324,4139690,5375277,3896349,5332893,5484671,4261945,4242046,3215707,676482,1950279,984668,457100,0,567900
369,000929,2017-11-23,0.0588235294117645,0.02714932126696823,0.4679308701992171,11150.0,140031.94329365992,559,15396601,13411660,454237,565315,2385649,2143560,1534873,1259358,1696498,558737,1426640,1129933,1074094,2061738,440426,481229,6384184,5211790
370,000931,2017-11-23,0.034482758620689724,0.007496251874062887,0.24734931474071803,8710.0,50853.28741815658,727,9020308,7412884,560346,827586,2742090,3121187,1515425,1664019,1178172,1579020,201000,221072,752779,0,1404496,0,666000,0
371,000932,2017-11-23,-0.02934537246049662,-0.005643340857787726,0.17296056406156918,30073.0,231207.07042233285,2630,138820730,110587015,2157753,1572607,13526763,9701394,14753872,13571537,22718691,18587586,13735366,12245729,9538330,11759683,10397667,6622512,51992288,36525967
372,000933,2017-11-23,-0.0035502958579880506,0.018934911242603603,0.146399582970633,68256.0,468161.9295185253,3341,304513106,389393496,1297542,1035611,13075413,11709590,17931697,19352963,32610984,39693522,27076085,37268131,21167973,31901625,18167122,26025969,173186290,222406085
373,000935,2017-11-23,-0.024188790560471962,-0.003539823008849474,0.36775905608990556,18590.0,74130.17764480517,2127,43184534,44658915,1610045,1347246,10994250,11595506,10224511,9392723,10097289,10186685,2986810,3914864,3353438,3413981,869939,2215304,3048252,2592606
374,000936,2017-11-23,-0.03370786516853941,-0.011235955056179803,0.17276678414284835,16445.0,93783.70079085602,1701,44944942,28627142,1597349,1183304,9978733,6498545,8778218,5207246,8665629,4602655,5885064,2364374,2459647,2526880,2700887,1780441,4879415,4463697
375,000937,2017-11-23,-0.022071307300509324,-0.008488964346349714,0.12274743942147587,5900.0,83641.91357680282,2307,37229931,36857159,2432596,1315299,8829255,5594235,7223742,5237368,6111931,5812182,4708388,4453592,1770573,3588690,2615091,1385524,3538355,9470269
376,000938,2017-11-23,-0.04586546131348046,-0.013560223344855071,1.3528861736567477,82368.0,377948.52490578365,3096,325239050,252433233,866828,1024312,9831156,10433051,21582198,19696712,38461306,36601486,30178761,32420993,29684978,24892067,27007384,23756439,167626439,103608173
377,000948,2017-11-23,-0.019065776930410006,-0.004766444232602529,0.4598352483458633,9445.5,65888.52822781006,520,8751152,5703447,365084,435791,2006656,1754449,1628226,1289417,2555855,1188460,759506,0,0,312900,0,0,1435825,722430
378,000949,2017-11-23,-0.010204081632653073,-0.0025510204081632404,0.19046389753410278,3920.0,35230.65944198433,423,4919204,2015507,529911,261220,1338093,1035456,1488186,477975,828088,240856,0,0,308890,0,426036,0,0,0
379,000951,2017-11-23,-0.04706601466992666,-0.023838630806845895,0.35347379541742824,15880.0,73742.37282150958,2144,50081292,32753440,1876821,1623862,10443740,9284685,10740031,6167963,12001432,6149443,4756475,5482416,2084040,1024127,1394039,3020944,6784714,0
380,000952,2017-11-23,0.0,0.016551724137931156,0.39370956709071636,15015.0,107460.76757931004,1358,29558574,33906718,1238926,1025569,6854797,5914434,7061756,4944365,6022844,7388371,2676837,3992110,1629892,2023673,1292132,0,2781390,8618196
381,000955,2017-11-23,-0.023474178403755763,-0.025039123630672844,0.3964701551828915,6260.0,140968.07326118098,259,5951048,3785351,253538,238724,661690,889385,640904,345367,1526316,114375,737310,0,628790,319500,0,0,1502500,1878000
382,000957,2017-11-23,-0.0018744142455482393,0.009372071227741197,0.29371449055640736,10770.0,81030.70967850518,1320,26347733,19384150,1101419,942330,6223148,4808007,4613480,2763827,5377709,4814344,2597812,2122388,1740358,1050850,493829,443040,4199978,2439364
383,000958,2017-11-23,-0.019607843137254943,-0.0035650623885918886,0.1701183069086131,11200.0,78710.70312895428,1088,19884167,16179664,871186,813644,4754968,4206033,4943680,2845959,4224928,3283658,1703181,1622277,1767024,756270,0,487692,1619200,2164131
384,000959,2017-11-23,-0.01125401929260439,0.003215434083601254,0.13846869719071028,4368.0,52507.86366843163,2023,22408640,17862629,1858040,2224665,5325262,4919131,3910823,3314405,4827129,2388152,2300993,1700955,2588644,1812859,436100,0,1161649,1502462
385,000960,2017-11-23,-0.014890282131661436,0.010188087774294807,0.2846104741807855,26020.0,168889.15611127738,2011,68899544,89082906,1079150,1094708,9448074,9500403,8864818,12330675,12829831,17472874,7764822,9903401,4357282,9593999,3564042,5742410,20991525,23444436
386,000961,2017-11-23,0.0,0.006589785831960571,0.15353647020310895,12240.0,188072.8619966005,1565,38997289,54962619,970412,1309375,4989578,9243546,3401557,6425707,5010440,3867998,2759818,2005991,2769127,2888007,3638017,2221881,15458340,27000114
387,000962,2017-11-23,-0.01800720288115254,-0.0024009603841536054,0.2816725124635896,9130.0,62817.600848700225,875,12600667,10062819,732696,1159462,3599736,3750895,1615129,2726016,2033949,1029077,728737,815837,678320,0,480570,0,2731530,581532
388,000963,2017-11-23,-0.030970149253731427,-0.022761194029850773,1.1241507453703121,26275.0,205974.76883561586,2275,124113304,64660678,620303,985024,15984928,8897754,13845345,8429694,17770686,9234277,13253047,8491175,7649037,4807416,6771888,2695449,48218070,21119889
389,000965,2017-11-23,-0.013745704467354014,0.0017182130584192379,0.18451659047987837,9360.0,44355.856809438774,995,13274225,11381953,1015404,842518,4579409,3598575,2585407,2361874,3244116,2487167,1534574,991447,315315,657527,0,442845,0,0
390,000966,2017-11-23,-0.02375296912114011,-0.01187648456057,0.1685356742778024,4160.0,51405.62043317695,624,8909622,3309959,1055334,442690,2161303,1383740,1714593,205841,864264,828579,1001084,0,1098346,0,460586,449109,554112,0
391,000967,2017-11-23,-0.022869022869022704,-0.007276507276507083,0.34691338427670027,12389.0,47914.70958803932,769,11951394,8417386,609366,1101941,4687344,3113225,2257657,1994474,1707768,1051752,1478048,239202,732526,0,478685,916792,0,0
392,000968,2017-11-23,-0.035805626598465534,-0.019181585677749413,0.41478832721906156,14094.0,71038.49215353982,1423,29593018,17620047,1361388,1201035,8204942,5599056,4883913,3703233,5518566,3277248,2890680,1424166,2294325,930493,473328,885056,3965876,599760
393,000970,2017-11-23,-0.02076124567474036,0.006228373702422241,0.2860064612956766,30859.5,135185.74556324963,2554,95684068,96218505,1159679,1395483,12044699,11950433,16048458,14193552,21202690,23948211,15097701,12023491,7522309,7584831,5901502,5807346,16707030,19315158
394,000972,2017-11-23,0.0,0.012468827930174564,0.15081191788116222,8000.0,101565.77608026027,708,11640184,11688851,485880,752904,2310583,2872129,1595505,1509409,1409047,1801153,727955,1125247,782197,1716226,490860,407000,3838157,1504783
395,000973,2017-11-23,-0.028315946348733245,-0.007451564828613977,0.2036272298010795,9975.0,52956.72019325238,1086,19137550,11214734,1129366,1090706,4811321,3840931,4372332,2457940,3718926,1928421,1960328,1191016,1672883,705720,400800,0,1071594,0
396,000975,2017-11-23,0.006519967400163029,0.027709861450692763,0.3825396811681053,11367.0,200407.7370446427,1029,32828960,36819695,892765,825658,3187137,3406530,2831533,3434972,3323128,7877956,2542793,1578251,1775773,2885878,1315292,886248,16960539,15924202
397,000976,2017-11-23,-0.030751708428245927,-0.02050113895216399,0.2946495699041836,8700.0,105926.7431099446,888,20088879,9754526,865240,947297,3354673,2859750,3181372,1690027,3182934,1767361,2180717,773429,1056883,0,2200040,458488,4067020,1258174
398,000977,2017-11-23,-0.055374592833876135,-0.016751977664029805,0.37119560952838027,117425.0,660830.3635137123,3359,517946165,394181498,513654,588165,8838491,9901766,17770315,17777020,44171545,37759901,45861993,36157361,30279410,34482007,35119475,27458701,335391282,230056577
399,000978,2017-11-23,-0.017162471395881007,-0.008009153318077833,0.40625039927585244,8650.0,51390.95220956919,462,6279145,5317087,561182,516310,1660654,1691371,1647046,1131477,1077549,486072,939594,200277,393120,0,0,1291580,0,0
400,000980,2017-11-23,-0.02102803738317749,-0.006230529595015577,0.2576060234397202,25560.0,97368.53286278546,2486,70214983,62148075,1122431,1542857,12548839,12338747,13783850,20388406,15784511,10760906,9165235,7156631,5196026,3406097,2519880,2202399,10094211,4352032
401,000981,2017-11-23,0.013392857142856984,0.01785714285714257,0.3128873556458011,25452.0,176525.22322533774,820,37566546,29736872,1076989,231703,4014889,2552508,4709738,3487018,5622919,7169544,4418168,6372251,1651688,1729808,2666613,2799380,13405542,5394660
402,000982,2017-11-23,-0.023026315789473673,0.0032894736842103978,0.10178108784199252,8624.0,97770.20692135816,894,15407309,15721375,622291,976379,2476250,3848906,2796688,2680444,2729227,3223846,428092,1504155,2649783,1000130,497799,478890,3207179,2008625
