,code,date,pchange_whole,pchange,change_std,amount_median,amount_std,length,sumsell,sumbuy,sell_vol_0,buy_vol_0,sell_vol_1,buy_vol_1,sell_vol_2,buy_vol_2,sell_vol_3,buy_vol_3,sell_vol_4,buy_vol_4,sell_vol_5,buy_vol_5,sell_vol_6,buy_vol_6,sell_vol_7,buy_vol_7
0,000001,2018-03-20,0.006814310051107331,0.0076660988074956915,0.2057063030025096,49413.0,617746.7262447019,3260,381805163,313468175,2000193,926433,15145122,9149408,17448731,18456132,34283485,29633092,22271248,22294356,19741917,19267060,15611203,18311411,255303264,195430283
1,000002,2018-03-20,-0.0019108280254777066,0.0,0.5484290439190199,96782.0,384383.6619781662,3279,359400235,355987864,863010,917558,10106798,8866615,18009505,25571806,34269776,44989091,36602851,42152600,35400344,32210168,24981544,24919023,199166407,176361003
2,000004,2018-03-20,0.0030932390631903672,-0.005302695536897772,1.281660447365755,11200.0,53015.65071393693,311,3188568,5072367,217730,322196,1320959,1348173,675253,1213807,323836,1250070,650790,240001,0,0,0,0,0,698120
3,000005,2018-03-20,0.02051282051282044,0.03076923076923066,0.15564774699581754,5502.0,58930.10670584509,628,6179307,7752865,579856,583708,2365768,2277309,598651,1039707,728852,512358,886600,542732,1019580,340800,0,1294663,0,1161588
4,000006,2018-03-20,0.007672634271099765,0.007672634271099765,0.15979123389553135,16411.5,137287.56727605127,2398,76597468,62462787,2434309,1420667,11469894,9054024,9011679,10127730,13484766,14912611,9681040,8040128,5293039,3807883,2717408,2669911,22505333,12429833
5,000007,2018-03-20,0.004301075268817289,0.008602150537634579,0.40105581934144025,14010.0,115978.81667242806,1211,26728237,20674137,880599,1297298,6016463,5752102,4489242,4007880,4322260,3668696,2965462,661398,2405165,380058,868340,904450,4780706,4002255
6,000008,2018-03-20,-0.004237288135593209,0.0014124293785311437,0.18643101680682295,7040.0,188832.61002297382,1443,35368257,52228548,774081,2147333,3472230,4361829,5090615,2998015,4391424,4048905,4505930,5447226,4592840,4102672,1297138,3184228,11243999,25938340
7,000009,2018-03-20,-0.010736196319018343,-0.006134969325153228,0.1422761776777041,20800.0,277169.3145136963,2104,94923593,98231859,1626795,1476398,8019757,8836116,8409970,8034343,14330919,12326606,9319315,12178146,10643033,8671141,3008820,10508796,39564984,36200313
8,000010,2018-03-20,0.010638297872340496,0.014893617021276562,0.13909344295805334,12024.0,57355.00199171441,1146,11652445,15897213,850793,1047176,4243988,7756323,2996526,2221017,1708370,1954266,971228,0,384750,325953,496790,492712,0,2099766
9,000011,2018-03-20,0.004408060453400475,0.009445843828715494,0.4445975955077692,11000.5,53546.0341263776,1276,17703013,17200241,1136994,1232555,5183084,5690103,4053963,3593001,3480327,2922994,2791012,1507741,630388,385728,427245,0,0,1868119
10,000012,2018-03-20,0.0,0.003821656050955413,0.18702128015888528,13311.0,123731.67917345396,1763,46054897,36493066,1242695,2217945,6833658,7966928,7195634,7019919,7886268,8729526,2204437,3672006,3609091,1446126,3899976,867846,13183138,4572770
11,000014,2018-03-20,0.008506616257088817,0.016068052930056753,0.34742862614196585,14825.5,73360.18814436036,928,17487854,18256577,623720,774806,4205538,4620115,4271749,3009939,3832782,3775711,1364565,1916560,1629286,2190268,466774,932748,1093440,1036430
12,000016,2018-03-20,0.041420118343195256,0.0014792899408284654,0.18106978965933937,14762.0,103429.1176987192,1395,35088559,29286939,1350934,839271,6181714,5928074,7311092,5086165,6688695,7548786,2787454,3198796,3042385,2098482,1713844,1381899,6012441,3205466
13,000017,2018-03-20,0.025773195876288568,0.020618556701030855,0.21702607100919338,11660.0,46397.834303471805,719,7176933,12320422,450730,811935,2770817,3392066,2201355,2930096,1285631,2298108,468400,1429555,0,1052458,0,406204,0,0
14,000018,2018-03-20,0.019230769230769384,0.0174825174825175,0.1847891157941897,12012.0,62200.843302621106,958,14659415,16066196,954698,760865,3244723,5394374,2748913,3563488,2996732,2579848,2178471,1755890,743330,1142761,485300,868970,1307248,0
15,000020,2018-03-20,0.01716992303137954,0.02545885139135584,0.40681932863808035,23156.0,157165.64784532535,1729,65979063,59957326,1228356,1233357,7469454,6579749,10046193,8258463,10855198,9443611,6235590,5343160,4165971,5495110,5686738,4113058,20291563,19490818
16,000021,2018-03-20,0.0046136101499423265,0.0034602076124565784,0.1825224055253801,18876.0,116878.93420089727,2259,69266789,59971878,1337436,2470577,8902428,11962169,9892872,11497318,14417453,12326302,7765226,7521765,5718025,3318030,3548651,5445453,17684698,5430264
17,000023,2018-03-20,-0.0021276595744680327,-0.0031914893617022155,0.6476476343732258,11190.0,41872.50621702932,843,10049135,10812455,481195,1008270,3625361,3425466,2902646,2999428,1318729,2179105,1721204,471666,0,326200,0,402320,0,0
18,000025,2018-03-20,0.01047642803691673,0.021202294836617508,0.8056873787774886,36801.0,130723.62028056667,2477,82219292,105407388,1288681,1356106,12372398,13141948,15845497,14678933,20383913,23812606,13793806,13423216,4176292,8626840,3043760,8231526,11314945,22136213
19,000026,2018-03-20,0.011904761904761862,0.009920634920634885,0.3806053532997793,5090.0,45001.24598211422,701,5048762,9944551,594752,564385,1642382,2915137,867705,1964026,1246269,1944400,697654,1072230,0,1060103,0,424270,0,0
20,000027,2018-03-20,-0.006756756756756799,-0.0016891891891891442,0.18873617960336866,7631.0,69972.12458867885,984,15776772,10720768,1709970,663358,3407283,2249044,2414505,2283655,2624403,2071252,1421260,1453779,678416,643244,1313077,467252,2207858,889184
21,000028,2018-03-20,0.03678589591456172,0.05187319884726227,1.268050928112745,18399.0,163332.67205466868,2166,37048320,99795541,717686,1232046,7628517,18551806,5883810,11509735,7459054,12101853,3145351,5680565,2512399,7330805,908122,4081554,8793381,39307177
22,000030,2018-03-20,-0.0040322580645161255,-0.009408602150537626,0.22419448594711794,3720.0,78952.8773355345,1102,15415064,6851008,1351069,989150,3459672,1899633,2050071,1583983,1865741,667460,1188717,957462,1372603,0,462624,0,3664567,753320
23,000032,2018-03-20,0.11450381679389321,0.11450381679389321,0.2205539620688721,18995.0,181558.01216401104,1732,47593409,51478443,1569525,1438990,8648911,7446239,8099931,7108435,9240689,9404895,4659071,5735830,4117832,4120291,1353128,1869089,9904322,14354674
24,000036,2018-03-20,0.014857142857142902,0.005714285714285783,0.25590068938641625,13095.0,101779.21832667533,1169,26688140,23548504,1085426,1483916,4948716,5081559,4329972,4634733,5299017,2151981,4017266,2283587,1704256,1444043,859189,2234626,4444298,4234059
25,000037,2018-03-20,-0.0055248618784530246,0.0027624309392264568,0.2578009690002322,9940.0,54990.73312244495,789,8243202,12817001,709086,766501,3078893,3447920,2694164,2467653,868907,2120132,892152,1884145,0,319302,0,923484,0,887864
26,000039,2018-03-20,-0.018784530386740328,-0.01436464088397793,0.37534871743809994,17840.0,156154.228136391,2326,89665298,67918162,1411002,2511991,8223824,10882419,8380271,9815346,13604255,14029674,7560226,9101574,9410621,5774666,3090782,5324355,37984317,10478137
27,000040,2018-03-20,-0.006504065040650375,-0.004878048780487809,0.45939123516869795,4932.0,41599.81188177063,718,6034677,5293218,583988,869041,4096359,1893073,711922,498395,229760,383080,412648,0,0,318760,0,0,0,1330869
28,000042,2018-03-20,0.005494505494505475,0.01717032967032961,0.6029255154188834,20468.0,95020.68436051313,583,12810873,21071615,292345,357904,2546149,2246800,2870314,3318376,2940329,6429313,2631116,2287135,346920,1389135,0,2688299,1183700,2354653
29,000043,2018-03-20,0.01348314606741563,0.008988764044943753,0.4653143506534059,9834.0,68625.27303820734,365,6363809,6176490,342445,457629,1509065,1242685,1268498,1577138,925478,1324045,766288,220255,1016571,0,0,1354738,535464,0
30,000045,2018-03-20,0.045348837209302495,0.04418604651162794,0.2660859884634376,16606.0,103740.65679621098,1045,21725027,26868599,982918,964196,4357497,5012964,3878757,5204928,3426529,5211141,3389126,3316474,314496,1797828,872352,949248,4503352,4411820
31,000048,2018-03-20,-0.009970918155380204,-0.007893643539676032,1.4139052416873188,9576.0,31937.50969801914,289,3257059,1930598,406389,363425,1406589,726327,681863,216255,513762,166320,248456,458271,0,0,0,0,0,0
32,000049,2018-03-20,0.003427592116538314,-0.0017137960582689349,0.7664449475653482,20640.0,91182.62989315456,2087,52652875,41355831,1146985,1233977,12232600,12167943,9934336,7730626,11447357,7740561,4398328,3029495,4075045,3774648,861650,906165,8556574,4772416
33,000050,2018-03-20,-0.009003601440576103,-0.015606242496998934,0.31586156964691414,32659.0,205948.71752066942,2784,136215462,111452124,965823,2266050,10453507,17005405,13559120,17053111,26971790,21965923,13429728,13483912,7593153,9929091,7438217,5014232,55804124,24734400
34,000055,2018-03-20,-0.0291508238276299,-0.025348542458808576,0.17122199881187006,19994.0,126554.46058377216,2126,70775434,56059260,1187655,2109721,8586765,11061717,10681705,10398923,16094142,10882808,11039865,5495897,4360222,3174740,5713439,3122699,13111641,9812755
35,000058,2018-03-20,0.004587155963302836,0.001529051987767538,0.2544670491621156,9058.0,33009.43272854109,660,6850602,6307672,531606,1077850,2379389,2552536,1862373,1275130,1574773,1062730,502461,0,0,339426,0,0,0,0
36,000059,2018-03-20,0.010570824524312794,0.0021141649048626032,0.27048534016404624,18880.0,140419.1024013184,1223,45315662,28491737,763749,1391232,5860922,6130184,5690835,6613647,6657211,5530258,5045069,3347916,1450446,2031392,4075729,1359269,15771701,2087839
37,000060,2018-03-20,0.0020429009193054792,-0.0010214504596527396,0.214976047290611,17604.0,167262.42542421495,2075,75909772,56282469,2406130,2165405,9567314,9168017,8709712,7830441,10897502,11742682,7435884,7277809,4380909,5541411,3685017,4151425,28827304,8405279
38,000061,2018-03-20,0.004341534008683201,0.005788712011577379,0.2789420209641432,6930.0,40919.51427911312,613,7123620,5889981,624077,922248,2022034,1942230,1877399,1130172,1733915,971567,0,923764,395600,0,470595,0,0,0
39,000062,2018-03-20,-0.009332023575638448,-0.01080550098231825,0.6350163363846313,9952.5,94586.0301907737,1028,19285688,15085989,736289,1303589,3215689,4039771,1896858,1798835,3617363,2126756,3157678,1703219,747542,1304111,0,809211,5914269,2000497
40,000063,2018-03-20,0.0174603174603174,0.013968253968253963,0.543689091288476,105072.0,449735.669761571,3357,411484747,385355717,742328,916150,10149720,11152239,21659408,19343480,49305353,41339737,38917291,32692935,36274708,35357245,27886087,31482029,226549852,213071902
41,000065,2018-03-20,0.011538461538461497,0.01025641025641022,0.45301047838054326,9492.0,79926.7362755424,1187,19801259,19765004,1311851,917249,4809000,4468481,4700495,3142782,3858108,3420149,3149791,1511821,931422,366328,462000,1308434,578592,4629760
42,000066,2018-03-20,0.06751054852320659,0.05907172995780585,0.12926788865800176,63858.0,382219.0072034092,3035,228666496,298690619,1206357,1200440,11407157,12119031,20448444,17494688,31812447,33746369,26866098,28132248,20352848,20503772,19556163,21034810,97016982,164459261
43,000068,2018-03-20,0.0,-0.002188183807440014,0.22470886356840425,5027.0,68715.77062483353,413,7156427,4080655,404332,536166,1326440,999764,662447,715541,1221544,734763,1647157,0,677605,1094421,476700,0,740202,0
44,000069,2018-03-20,0.015624999999999778,0.019230769230769162,0.15105695035263925,19205.0,319481.4732169355,3041,130927012,100958246,3540830,1463720,20248721,8724326,11884157,8787824,13572719,9779600,8647130,7823850,4499584,7271240,8251425,3617445,60282446,53490241
45,000070,2018-03-20,0.05054945054945059,0.06373626373626373,0.2236667841363516,18120.0,109535.70621979648,1658,38423978,52079883,1247812,1597731,7707430,7147729,7472176,7267568,6828294,7446955,6049109,6626786,1937656,6014373,884774,4037096,6296727,11941645
46,000078,2018-03-20,0.040609137055837685,0.040609137055837685,0.11232871928771451,15412.5,174414.88281698368,2778,76127406,107096918,2696789,1825258,10038243,10782604,12453575,11747844,12962741,15756006,5318667,13169491,5375999,12951834,3445608,7117452,23835784,33746429
47,000088,2018-03-20,0.003942181340341522,0.009198423127463773,0.2708388230461597,7660.0,67593.20849658431,789,11499312,9157450,879820,742726,3050685,2400554,3333558,1620726,1346272,1881172,700576,1194745,338772,0,1342803,0,506826,1317527
48,000089,2018-03-20,0.0011834319526629056,0.0011834319526629056,0.2353910125521727,6792.0,113585.93725441831,1290,18934857,11845136,1467713,2349014,4167475,2766208,5972075,886515,1209319,1165336,949184,3833064,0,0,0,0,5169091,844999
49,000090,2018-03-20,-0.0050709939148071426,-0.0040567951318457585,0.26478987890184325,5856.0,67340.00544795125,1387,23129660,12301593,2358461,786866,5856076,3511509,2554655,2791641,3811942,2484049,1951778,1270330,380055,655152,2116508,0,4100185,802046
50,000096,2018-03-20,0.0022658610271901747,-0.004531722054380682,0.8292722663787712,7893.0,23456.827220942014,254,2093379,1998182,248311,323078,887513,903570,706758,510019,250797,261515,0,0,0,0,0,0,0,0
51,000099,2018-03-20,0.024479804161566587,0.017135862913096656,0.20064334363627453,4145.0,38734.62791147899,1661,14861002,10616330,2864060,1131184,5189865,2427822,2726197,2689819,2822373,1385358,747878,1188813,0,1086249,0,0,510629,707085
52,000100,2018-03-20,0.0,0.002666666666666595,0.07043703660865626,18800.0,346411.11511620804,2857,163959502,141394691,2368918,1697830,12502699,10408865,12692156,9784846,18868215,17241684,11589355,9851125,7699658,9423448,6365444,7582513,91873057,75404380
53,000150,2018-03-20,0.026857983811626296,0.02244297277409868,0.9924032700917954,5662.0,29263.12112647907,750,4760163,7432238,451912,1223333,2663413,3195340,568318,1495708,508938,746301,567582,424306,0,347250,0,0,0,0
54,000153,2018-03-20,0.032467532467532534,0.03116883116883118,0.226116330842003,11985.0,63937.47655414175,1161,14066054,21645429,1210832,1169340,4207607,6282420,3676796,4481116,2940135,2466401,895301,2666942,320394,1713796,814989,439920,0,2425494
55,000155,2018-03-20,-0.02364394993045904,-0.015299026425591111,0.14300228011718932,31858.5,165084.71343550843,2534,113104407,88022888,1510795,1454848,13315743,12077709,14549869,14259139,22166920,15153181,13226320,11995476,13357365,11098490,8129413,7548426,26847982,14435619
56,000157,2018-03-20,0.0,0.0,0.1028648466126628,7614.0,129986.48409087796,1713,34717912,20397212,2247211,1379131,8371593,4838030,6193785,2602083,4327917,2583036,4590603,1165499,964556,975787,429512,1382131,7592735,5471515
57,000158,2018-03-20,0.016774193548387162,0.016774193548387162,0.2310360747754437,7830.0,45494.61777758344,1126,9765309,15927747,936111,1273496,3624203,4683853,2292713,2898330,2211623,2643025,700659,1791213,0,2205830,0,432000,0,0
58,000159,2018-03-20,0.004319654427645814,0.006479481641468832,0.18459975176681565,4610.0,32053.357273917587,629,5526198,5415703,394151,596636,1751439,2362580,1427740,1062251,1707689,686507,245179,707729,0,0,0,0,0,0
59,000166,2018-03-20,-0.001988071570576677,-0.001988071570576677,0.1504241234696945,10020.0,100010.06778873426,1119,21263500,19088416,1387714,897765,4854323,3523320,4315881,2916915,3357003,2184695,2119663,1269046,784157,1316395,888036,881607,3556723,6098673
60,000301,2018-03-20,0.007849293563579218,-0.004709576138147598,0.15160951146328194,9532.5,121130.78165842635,1768,43289687,27313376,1900555,1000108,7293394,5793733,6126240,4181887,5976467,5884234,4686501,3146575,4439979,2757129,3758231,1701376,9108320,2848334
61,000333,2018-03-20,0.0038910505836575737,-0.0018609372356622744,1.0315532929312023,94392.0,600460.9051199118,3284,445115182,388782771,341007,678964,8304253,13550256,17833966,28569084,35554527,48218586,29628758,41977190,34745975,29330279,20466462,21341590,298240234,205116822
62,000338,2018-03-20,-0.0036363636363635488,-0.0060606060606061,0.148212869375351,26144.0,245196.42637147754,3104,159759336,114222939,2343973,1808685,15619663,12868998,16494202,15589140,24461036,18750581,14787807,10275691,10296776,6786747,8304352,4386168,67451527,43756929
63,000400,2018-03-20,0.029888983774551736,0.029035012809564442,0.2559077538630853,16912.0,112390.44887656301,2095,48092497,53124544,1926855,920960,14784811,6979262,6511294,6708685,8460868,8131900,4628667,5876765,2439792,6394551,1292394,4040571,8047816,14071850
64,000401,2018-03-20,0.018296973961998475,0.02392681210415204,0.2648060078437315,42900.0,238526.383282993,2882,177197213,184039350,1423834,1101022,13122126,12709325,15506668,16398692,31365827,24947798,23638993,21770103,16146112,14011407,11398835,14058192,64594818,79042811
65,000402,2018-03-20,0.0030030030030030463,0.005005005005005003,0.2653272094836275,10020.0,109324.53621227854,1418,28598842,27956676,872249,1561134,5285737,5842580,3502689,5049579,5006007,5576563,2837409,1604416,1024066,1729525,941442,939314,9129243,5653565
66,000403,2018-03-20,-0.016185337987940418,-0.013646461440812496,1.5361996088058474,24960.0,113580.75172680529,420,12200818,10401172,222488,176214,4145471,1821483,2254377,1222510,1778056,1923276,1334283,541356,1243856,989431,449177,0,773110,3726902
67,000404,2018-03-20,0.020689655172413834,0.012068965517241459,0.2341625936510266,11720.0,52594.432672869945,613,9921592,8176545,634140,440006,2831132,2346290,2271752,2390073,1530432,1817993,1574634,537848,0,644335,430408,0,649094,0
68,000407,2018-03-20,0.0,0.010670731707317138,0.2352865319997027,9184.0,55546.99484488267,777,11214486,11167093,686879,652242,2908198,2613187,2433466,3184986,2627785,2232650,1096539,931656,0,1092562,928771,459810,532848,0
69,000408,2018-03-20,-0.009107468123861429,-0.00971463266545236,0.5473970142632507,16450.0,87901.7477917743,905,23496247,11609604,842708,753659,7438268,3091874,3270913,1734705,4632720,1772122,1616676,966200,668464,698671,486300,884712,4540198,1707661
70,000409,2018-03-20,0.0018181818181817189,0.005454545454545601,0.2441568943106949,7658.0,35936.82801626748,507,5294816,5288093,418549,440498,1904338,1717609,1318841,1265103,1410118,1106085,242970,758798,0,0,0,0,0,0
71,000410,2018-03-20,0.02959641255605372,0.03318385650224198,0.2111265261355765,34305.0,229626.34420079357,2794,110506323,148222701,1297068,1009549,13986109,13069704,15524363,16537376,25269594,26397105,15968110,14928415,11610972,14049426,7455300,7935680,19394807,54295446
72,000411,2018-03-20,0.007315957933241801,0.018289894833104725,1.4886284343206067,13218.0,65798.64022663639,215,1699805,6204179,159849,153264,1026730,959440,186720,727364,326506,1730224,0,1493712,0,693375,0,446800,0,0
73,000413,2018-03-20,0.0024449877750609694,0.0024449877750609694,0.16183432710283038,21411.0,141148.40492000154,2558,92481029,81838665,1859006,1687121,11795939,11050844,11481521,13684601,19370891,15553123,7695031,8943031,7648980,9666339,7451578,4946211,25178083,16307395
74,000416,2018-03-20,0.021705426356589008,0.02635658914728678,0.14339582728285385,17941.5,199851.06187489556,2038,65060497,75459717,1232672,1680100,6395684,9505895,6733982,11264550,9761057,12194004,9212631,7679524,3687504,4463512,4496860,4390978,23540107,24281154
75,000417,2018-03-20,-0.008928571428571508,-0.008928571428571508,0.2612029149253609,5446.0,33899.97066935668,901,7753267,4735297,1671534,721940,2591748,2237352,1460223,804135,452476,971870,519686,0,0,0,436800,0,620800,0
76,000418,2018-03-20,-0.0008329862557268086,-0.0033319450229070124,2.0954040150202546,14340.5,134984.25387990326,1182,28194114,13414278,1695555,1074025,6296376,3553113,4008374,2302994,3880410,2419442,1962086,698176,1038781,997598,859799,462800,8452733,1906130
77,000419,2018-03-20,0.008960573476702427,0.005376344086021501,0.2746467784836977,10592.5,57852.66051043375,412,5612585,4751197,303659,320856,1775021,1580086,668016,1169357,740950,1234259,487932,446639,0,0,463703,0,1173304,0
78,000420,2018-03-20,-0.00340136054421758,-0.006802721088435382,0.12006935033091871,4380.0,56385.7809599666,600,8327407,4132644,560527,546867,1792818,1445149,1607998,704448,765919,1143180,1189135,293000,697554,0,422232,0,1291224,0
79,000421,2018-03-20,-0.005415162454873723,-0.0018050541516244634,0.22780775160048933,3815.0,24735.024025216826,591,4533498,3747623,595944,396521,1900873,1410876,1059057,1083274,977624,856952,0,0,0,0,0,0,0,0
80,000422,2018-03-20,-0.012195121951219412,-0.009146341463414531,0.09771103086244558,4508.0,81023.26477186478,1131,18263878,9404788,1088236,906122,3623068,2936627,2840864,1770801,2528000,2609443,720223,759625,2101113,0,445326,422170,4917048,0
81,000423,2018-03-20,0.014691791759821271,0.015490258703289683,1.1445338433251373,76296.0,307584.83767549286,2993,269347276,271828426,531739,924061,7764572,12682566,19204868,23027538,39785357,33826490,34367901,27287745,22583973,22812738,17120395,16071176,127988471,135196112
82,000425,2018-03-20,0.012077294685990614,0.004830917874396157,0.08380354992447814,9568.0,163515.11926088683,2455,70276501,52827396,2005577,2277151,11320112,7956939,8467881,7505482,7531256,6551051,5850184,4492239,2997192,1677839,7499092,4601283,24605207,17765412
83,000426,2018-03-20,0.010945273631840724,0.006965174129353047,0.2305198650504434,10029.0,110018.94731128338,1902,40270689,38925291,1144286,1967992,5045975,8382055,4891428,5460036,7564888,6688991,4747218,3572333,3676924,2660573,2536436,2755198,10663534,7438113
84,000428,2018-03-20,0.016000000000000014,0.016000000000000014,0.18461496765028707,4953.0,63538.16983225743,412,3422776,6380374,170818,815536,801541,1429384,1132313,671203,288012,831271,240792,765909,377000,345567,412300,850044,0,671460
85,000429,2018-03-20,0.01913265306122458,0.010204081632652962,0.27239509233171216,3144.0,55521.572510748214,828,6008717,8558701,561199,1106082,1828399,1863075,864376,1055833,713481,1330331,945264,1310612,312878,633200,0,0,783120,1259568
86,000430,2018-03-20,0.0037453183520599342,0.0037453183520599342,0.46976112025902633,7164.0,23632.741094762587,290,1741876,2805326,289849,248740,963069,1226635,385738,870273,103220,252505,0,207173,0,0,0,0,0,0
87,000488,2018-03-20,0.010734463276836248,0.002259887005649608,0.3524927741889681,35140.0,242383.45697950735,2522,150304776,111037408,1023915,1495283,9859628,13785107,12922699,13359872,26127784,23856373,14521646,14042318,14060696,9509256,11546415,5272466,60241993,29716733
88,000498,2018-03-20,0.003129890453834161,-0.004694835680751019,0.22586676935751304,6375.0,47040.33854293236,800,10074425,7740526,574034,911237,2328847,2943810,2104181,1772932,2990322,1252100,679553,504596,317264,355851,443800,0,636424,0
89,000501,2018-03-20,-0.0037759597230963005,-0.0037759597230963005,0.4008650730712222,9450.0,101494.96198854223,1572,31625776,26843497,1403222,1970346,8886444,3900046,4097787,2768257,5271109,4503423,3788217,2262366,2622255,4728380,433742,877740,5123000,5832939
90,000502,2018-03-20,0.017758046614872347,0.023307436182020025,0.41412144510796806,5544.0,106158.38199069876,473,7203859,4192888,576308,346154,1501414,1499578,1132907,866431,1255312,500006,0,0,0,0,0,0,2737918,980719
91,000503,2018-03-20,0.00628140703517599,0.003266331658291488,0.864441230300133,32000.0,255935.61766745828,2121,108279973,121379582,968168,1612867,8651295,10125125,9753147,11839062,14146719,16139313,10407142,12953902,11600588,9109299,9407847,9035017,43345067,50564997
92,000504,2018-03-20,0.005828476269775118,-0.004995836802664466,1.438644055559382,29292.0,80355.1394493165,278,7557089,7459337,159594,137865,1494168,768601,1022861,3000267,2228216,1717633,962795,1131624,726019,0,401134,0,562302,703347
93,000505,2018-03-20,-0.006211180124223725,-0.002484472049689601,0.27091948463587073,11940.0,62340.9778342788,883,15829607,10779488,709868,1109458,3731999,3835454,4080137,2295307,3374741,1775617,408681,1283652,1095475,0,819010,480000,1609696,0
94,000507,2018-03-20,-0.0010752688172044333,0.007526881720429923,0.2194469226777495,18540.0,85998.80789727416,1797,35112713,40055217,1311175,1912381,7458911,10642278,7061343,9356532,7006392,6080538,3639711,5061901,1386825,2122361,1329669,2210769,5918687,2668457
95,000509,2018-03-20,0.08478802992518708,0.09226932668329191,0.07517811631954847,24057.0,3439883.4627224645,2878,85807192,471954158,754427,2886559,6569474,16422100,11814329,19237336,13872664,23631285,13930641,16445055,6732279,12952838,8927445,11304694,23205933,369074291
96,000510,2018-03-20,-0.014306151645207543,-0.01859799713876964,0.24590144810309297,6950.0,54031.50627799457,808,14246314,7715020,467023,1105847,2983302,2327417,2446055,1792646,3612115,2002694,2882204,486416,707567,0,0,0,1148048,0
97,000513,2018-03-20,0.04945504087193453,0.04495912806539515,1.3573102048220138,76600.0,388177.3553774085,2926,265618949,348092226,1223825,1048213,8898429,12126526,13719940,19130307,28551692,33339670,23438759,31181758,17708170,20929712,24247460,21266012,147830674,209070028
98,000514,2018-03-20,-0.007656967840734996,-0.004594180704441064,0.2176461336807361,11986.5,66630.87444233337,900,16690169,9606170,837366,927460,4281065,3408322,4445470,2789545,2921020,1375269,666528,773197,336566,332377,403804,0,2798350,0
99,000517,2018-03-20,-0.036781609195402076,-0.029885057471264354,0.08597690694285158,21258.5,130208.8541295672,2574,89809777,79249904,1750782,1776018,11299329,10844429,10774960,12673339,20311279,19372129,14891316,11477961,8788851,5210719,5735968,4596816,16257292,13298493
100,000518,2018-03-20,0.028526148969889142,0.023771790808240878,0.17010461522661488,11556.0,49892.260689972056,1377,14418876,21468429,1118715,1619425,5241312,6992898,4154901,5393370,2000585,4707011,444448,886431,376035,1396337,0,472957,1082880,0
101,000519,2018-03-20,0.030057803468207966,0.018497109826589586,0.1613494801502918,22350.0,124327.28071919519,2881,88250722,78209492,2738527,1442082,16040320,10086848,16396274,14926190,19806411,18713560,12655215,7693295,5676113,6034826,4075604,3597964,10862258,15714727
102,000520,2018-03-20,0.02285714285714291,0.02285714285714291,0.09690332672367949,11520.0,115211.28304815266,1311,25708075,30001933,791749,1281680,4156527,6038522,4138484,4574226,5668044,6053440,3670621,2785708,1725987,2400680,1343780,915725,4212883,5951952
103,000521,2018-03-20,-0.004524886877827927,-0.006787330316742168,0.18041793994931754,3969.0,63299.59293252738,600,8944922,4060211,487382,565411,1738666,1449699,817243,513539,2186482,447672,1788512,282277,746437,0,0,0,1180200,801613
104,000523,2018-03-20,0.007905138339921125,0.010540184453228019,0.38060377716985366,9932.0,44482.30415870867,397,5234077,4305332,361702,337749,1579498,1314225,1545633,1125022,772884,1219423,228600,0,745760,308913,0,0,0,0
105,000524,2018-03-20,0.0038387715930903177,0.004798464491362786,0.39769177813115336,5255.0,26046.537094140826,686,5372774,4583795,664033,605665,2229491,2244601,1454468,973733,816382,118496,208400,641300,0,0,0,0,0,0
106,000525,2018-03-20,0.010960105217010074,0.007014467338886554,0.6017352150877316,22800.0,106705.71929071449,1437,41259501,38198908,1061591,1011562,8191772,7011813,4860319,5051450,9635235,8908404,4488987,5210539,4613736,3053816,2657100,1401255,5750761,6550069
107,000526,2018-03-20,-0.006302521008403339,-0.009453781512605008,1.8884186582574936,9846.5,83796.91341136715,228,4495154,3469877,135236,262493,913052,522171,1031074,322137,1077092,513930,228420,521668,0,341234,415880,412596,694400,573648
108,000528,2018-03-20,0.008762322015334112,0.005476451259583737,0.19218311369687113,20976.0,182854.7945305775,2259,84121731,71696943,1393510,2099327,10194184,10488841,10789161,9683744,16276360,14133989,7203947,11467640,5897240,4349133,7918730,3573426,24448599,15900843
109,000529,2018-03-20,-0.014925373134328401,-0.010447761194029903,0.246973696509752,19650.0,344423.04426458693,737,13739842,21881713,858673,530982,2205200,6276148,2968978,1687721,3602170,2551678,1409180,547406,1049089,0,931306,0,715246,10287778
110,000530,2018-03-20,0.0017889087656528524,0.0,0.12067050564677555,17760.0,154182.65783822938,2154,65068043,46775151,1499237,1523092,9836256,9449753,10336639,9557854,13832442,9549047,8613041,4194737,4848675,2578935,3443767,1816048,12657986,8105685
111,000531,2018-03-20,0.0027932960893854997,-0.0013966480446927498,0.39972311583887354,5012.0,43081.46859476674,320,3469595,2943533,203778,449227,1038993,1179380,380200,307442,1146628,650484,0,0,699996,357000,0,0,0,0
112,000532,2018-03-20,0.09523809523809534,0.010884353741496655,0.27158572599104064,59380.0,616044.8589268373,2940,225704033,376367084,554557,1517059,7236986,14679686,11162041,22055825,22331637,32826166,19138463,23917376,15547991,20526530,12550400,16511440,137181958,244333002
113,000536,2018-03-20,0.004662004662004504,0.002331002331002363,0.12280278693920654,3861.0,65157.78402065667,1223,15776530,13294596,1645359,568861,3546181,3033260,2950842,1415972,2996937,1990857,1214626,2256854,696804,2200917,1374585,403556,1351196,1424319
114,000537,2018-03-20,-0.01075268817204289,0.0016542597187758634,0.2899001250054325,16702.0,158385.61270891142,1741,43061188,26941530,1677418,1188783,10132115,7820590,6197310,6062397,6830912,5723364,5100531,2399433,1333798,2047367,2237884,406300,9551220,1293296
115,000538,2018-03-20,0.01850029521747687,0.013481598110608006,2.221554756102717,41168.0,269903.0729586611,2093,122061285,133824702,1629,0,8692398,10935406,10783432,12097158,20054107,20148156,11254500,14665698,10921796,8939668,6162132,7815839,54191291,59222777
116,000539,2018-03-20,-0.0064102564102562765,0.0,0.24710174838539053,7922.0,74267.22870345181,358,8741708,3982082,381284,287579,1403878,1057983,1256881,805630,1351696,933664,1408211,533122,694663,364104,2245095,0,0,0
117,000541,2018-03-20,-0.006880733944954143,-0.008027522935779796,0.23426116626618587,6928.0,108943.4224852547,1386,26719506,10174698,1590526,1455634,5670099,3514717,4241220,1721884,3366050,1671087,2506029,264690,948408,0,433083,466902,7964091,1079784
118,000543,2018-03-20,0.00994035785288272,0.01391650099403563,0.1346646236673494,16063.0,122141.08191371331,1397,29607478,43652811,962384,925975,5741030,7232960,5002178,5363371,6458563,7774029,3457573,3758632,972189,3050934,1753357,2348173,5260204,13198737
119,000544,2018-03-20,0.005788712011577379,0.00723589001447178,0.5401689070712423,11008.0,41606.058355497495,654,7059511,6648081,690076,698742,3168807,2840913,1684369,1235308,533381,1167014,0,203648,0,0,982878,0,0,502456
120,000545,2018-03-20,0.004444444444444251,0.0,0.15216178286043217,8980.0,84127.73552681756,875,18024250,13447824,685923,1320449,3254910,3216819,2409125,2297372,3180445,2805205,2786486,1358056,758148,644496,1792000,0,3157213,1805427
121,000546,2018-03-20,0.014781491002570535,0.015424164524421524,0.46343351466156574,11123.0,69291.88081979529,1127,17489143,18413652,1075256,1182798,4086369,5335255,2586711,3820522,4224537,4587328,1218337,1159455,987724,317400,1360357,455300,1949852,1555594
122,000548,2018-03-20,0.0031595576619272148,0.006319115323854652,0.28494472584099356,10048.0,60361.36180775437,493,7615258,6006608,549168,485059,2223661,1799916,1327158,1231161,1584091,276848,1036455,0,313500,1577624,0,0,581225,636000
123,000550,2018-03-20,-0.01968702675416445,-0.018172640080767244,0.5125698995498281,21472.0,512392.43634166784,1494,72690410,80398071,775904,1769723,4916145,8528001,5308705,8774400,7733351,12102546,6320352,5041356,6209638,5962564,4785940,2988729,36640375,35230752
124,000551,2018-03-20,0.011034482758620623,0.011034482758620623,0.3115312665537058,9373.0,51708.79074021066,541,2906257,7455195,242907,748547,1260017,3306533,943049,544088,129228,411568,0,767828,331056,311883,0,0,0,1364748
125,000552,2018-03-20,0.011363636363636465,0.008522727272727293,0.08736626380984128,5494.0,45326.13042611889,1630,12424764,9480267,2745060,1686725,4213339,2729472,1608816,1322447,693423,1137660,1243703,257712,352000,361390,481536,425508,1086887,1559353
126,000553,2018-03-20,-0.007746478873239426,-0.00422535211267594,0.4060139856868024,9877.0,84045.31812394375,1223,23161753,17444708,688804,2247106,4400682,4688557,3942739,3322886,3548786,2258768,2126068,1143693,674327,666375,2152313,430965,5628034,2686358
127,000554,2018-03-20,0.04269972451790638,0.03443526170798905,0.1910973502572514,17808.0,157348.60210539668,1448,43737162,49746296,1144219,1217198,5964284,5979760,5329080,7084276,6996105,8917486,5065809,4545235,4616802,4490242,989952,6270788,13630911,11241311
128,000555,2018-03-20,0.10023866348448696,0.10023866348448696,0.32281743373706523,69150.0,993774.8074012002,1520,256322769,182956673,1450275,27184,7235464,1078360,9520806,3063645,14979707,10899237,14853501,7211994,11755980,11426296,16029612,13923735,180497424,135326222
129,000557,2018-03-20,0.01982378854625555,0.01982378854625555,0.14956135997354805,9744.0,50670.03342828552,922,9944817,14262119,775144,951570,3449881,4364145,2516980,3195488,2394312,2840005,207900,844961,0,977361,0,460539,600600,628050
130,000558,2018-03-20,-0.014893617021276673,-0.008510638297872353,0.12033541211750669,16014.0,263909.0018456101,1531,40294929,64997800,911833,1618680,5049448,8139663,4442854,7334899,7143941,8085013,3445652,3652223,4501304,3293948,4121275,2776087,10678622,30097287
131,000559,2018-03-20,-0.011210762331838486,-0.010089686098654682,0.22551932203528502,13110.0,78995.11138620679,1565,33897314,24648179,1421839,1770656,6935237,7237025,5573988,4880981,6775624,5646755,4131387,2206238,3101891,1320345,2299910,404529,3657438,1181650
132,000560,2018-03-20,-0.018934911242603603,-0.007100591715976212,0.2607570105402387,12405.0,53225.13378968535,1051,17434274,13800143,876163,1091660,5392962,3716317,4793988,3042052,5035919,2165041,1001642,1913286,333600,1036928,0,0,0,834859
133,000561,2018-03-20,0.006802721088435382,-0.0013605442176870541,0.24919104526029384,8035.5,33873.144858737316,870,9275486,7968254,923856,972073,3289848,3505822,1904250,1853912,1260070,1377727,1897462,258720,0,0,0,0,0,0
134,000563,2018-03-20,0.0024154589371983004,0.0,0.10103332535701635,5395.0,94906.45439866271,1684,30392412,14232189,2360151,1017328,5795515,3542713,3911595,2302280,4570415,2397011,3194690,2025276,3625336,1325154,1729207,921939,5205503,700488
135,000565,2018-03-20,0.024615384615384706,0.01692307692307704,0.27528753751334945,9086.0,49564.913698973425,557,6036263,7140574,644189,449471,2477742,1788711,1653458,1190294,480673,2272784,420101,285350,360100,0,0,0,0,1153964
136,000567,2018-03-20,-0.011646586345381515,-0.02008032128514059,0.6875130927313151,14721.0,169738.35807556854,1312,50583398,21462802,1019468,1547849,5671198,6000639,4397584,4568937,6010654,4136701,3502200,1890263,2390316,694490,5143438,910243,22448540,1713680
137,000568,2018-03-20,-0.009586776859504154,-0.013057851239669405,1.2929990123126207,35781.0,196288.25703726348,2190,99373541,87839967,1125219,899589,13290678,10055747,11094862,10090681,18524360,17553494,11160318,10639493,8681802,5729086,5387411,5480561,30108891,27391316
138,000570,2018-03-20,0.01953125,0.017578125,0.28633128968514243,10240.0,30502.75583495097,319,2361890,4077587,204390,262529,1124805,1577085,792026,898002,240669,926055,0,413916,0,0,0,0,0,0
139,000571,2018-03-20,-0.01855670103092777,-0.020618556701030855,0.12031381485235296,6650.0,53733.23017542812,1629,20265851,11540749,2048981,1508164,4713283,4856674,2642984,2942835,4726249,1227389,2150353,230879,709587,301392,1387834,473416,1886580,0
140,000572,2018-03-20,-0.023923444976076458,-0.019138755980861233,0.10237570184656664,9888.0,109780.01254853593,1673,37881930,20874378,1803415,1592317,7794331,5726557,7291850,3255427,6037439,4192163,4693801,2213393,1463240,0,1285202,1336755,7512652,2557766
141,000573,2018-03-20,0.0,0.004040404040403844,0.22627798135756397,8117.5,37642.309028154494,478,5636765,3943985,474366,474160,2652068,1728051,832210,679852,935661,829730,294600,232192,0,0,447860,0,0,0
142,000576,2018-03-20,-0.003795066413662118,-0.004269449715370022,0.8439783007376267,18900.0,140102.1501984181,623,10799052,23110217,331794,586277,2630335,2601004,1777832,3625150,1765728,3596215,2371439,1680537,617388,1475964,1304536,897927,0,8647143
143,000581,2018-03-20,0.014157014157014203,0.018876018876018863,0.5524723852751416,23720.0,169616.528854357,1780,58160776,67761756,1106029,1500423,8507269,11094746,7211121,8209378,10380369,9314611,8149457,7560528,1745947,5119450,3283077,3558240,17777507,21404380
144,000582,2018-03-20,-0.006802721088435382,-0.0045351473922903285,0.3228153306852391,8740.0,41273.020742655135,746,8723950,7500891,833965,1020927,3261355,2542349,2125335,1197257,1307513,1084489,708496,1347517,0,308352,487286,0,0,0
145,000584,2018-03-20,0.005590496156533842,0.0006988120195667857,0.5389949060807456,28690.0,58126.793323012695,704,19212046,10066209,327143,378798,8132273,1795409,4904199,3003447,4211386,2990521,485030,504510,304803,0,847212,0,0,1393524
146,000585,2018-03-20,0.0028011204481792618,0.0,0.1308874856312459,5680.0,37698.793737757755,745,7147302,5893755,753130,822742,2342747,2129452,911683,1442749,2021237,1214125,209656,284687,0,0,908849,0,0,0
147,000586,2018-03-20,-0.010249839846252384,-0.005765534913516945,0.6256381289637574,7755.0,31046.275470699027,622,6121422,4548210,1063467,636725,2300991,1338135,1728516,829968,572535,1240558,455913,502824,0,0,0,0,0,0
148,000587,2018-03-20,-0.0014430014430013571,-0.0028860028860028253,0.22213674789575857,11730.0,157452.0716099497,973,31137872,21263698,993080,907858,4740969,3222508,3868841,2414642,2776384,2428646,3484685,1663189,1814605,2176876,2186388,952948,11272920,7497031
149,000589,2018-03-20,0.0023255813953488857,0.0,0.22797773237541402,10700.0,43724.72601349012,355,3619331,3950979,318335,327363,1477230,1520282,661652,500853,321588,635515,498927,257400,341599,709566,0,0,0,0
150,000590,2018-03-20,0.013854930725346382,0.022004889975550057,0.5638619179815048,8736.0,31226.65648121336,473,4111458,5192499,304721,589703,1698639,2051408,807006,1070597,1047692,1480791,253400,0,0,0,0,0,0,0
151,000591,2018-03-20,0.0020283975659229903,0.0020283975659229903,0.13958092799419572,5423.0,57171.04342401499,1249,17285203,13880283,926861,1982631,2926468,3766436,3057964,1977090,4075455,3033103,2761508,1666140,2398584,0,0,857860,1138363,597023
152,000592,2018-03-20,0.002192982456140413,0.0,0.1400061215334495,10407.0,70588.68901800715,1062,20390980,15043221,1082834,954130,5265839,4113627,3923671,1953222,3971684,2581706,1499352,1381676,2114903,1730117,1373850,456519,1158847,1872224
153,000595,2018-03-20,0.016129032258064502,0.009216589861751112,0.19266613234748545,8680.0,65296.33074639409,507,7576392,6987228,445420,517772,2187678,1876428,946414,959123,2125805,1064838,1155297,479899,308252,347200,407526,426268,0,1315700
154,000596,2018-03-20,-0.0035369774919614683,-0.0070739549839229365,1.7616013029745328,12388.0,77719.65975279525,1247,25344078,17297780,925744,1337638,7494116,4628030,3594635,3563074,4383965,3520108,2255803,2106803,750883,347032,837760,0,5101172,1795095
155,000597,2018-03-20,0.020895522388059584,0.020895522388059584,0.2701981444790022,9018.0,55047.60327148667,1384,15163185,22828425,1428346,1395525,4772491,5379177,2736745,3700718,3888312,4710475,1227580,3546165,703529,2061560,406182,433208,0,1601597
156,000598,2018-03-20,0.004024144869215318,0.004024144869215318,0.16416653156414693,5952.0,109485.42623626409,917,13797972,14457292,1094004,823099,3793401,2580961,2524606,1450989,1944710,1071598,723230,0,0,0,938432,2295572,2779589,6235073
157,000599,2018-03-20,0.004909983633387682,-0.0016366612111293755,0.2749586851744902,9696.0,36581.07992540163,493,6849819,3479667,473354,543361,2244966,1850352,1498071,866714,1460422,0,499342,219240,673664,0,0,0,0,0
158,000600,2018-03-20,0.02259887005649719,0.024011299435028333,0.15968354461908615,18486.0,113983.13525719961,1969,52950513,59860914,1606670,1564699,8798315,8228547,7726813,9078760,10660723,13536095,7865880,5855186,6804616,4368265,2242632,4876962,7244864,12352400
159,000601,2018-03-20,-0.001386962552011095,-0.004160887656033285,0.34267897728418256,8204.5,77569.16635503877,442,9101357,5263518,593689,351950,2236306,900372,1279876,1028640,766815,1401764,967016,0,975546,715000,855109,865792,1427000,0
160,000603,2018-03-20,-0.0016736401673639323,-0.0033472803347279756,0.36769240241186435,11920.0,72299.25267770361,1056,21467651,14591107,594588,951527,4583205,5991172,3567307,2825400,4127654,2470414,2417048,745572,2090682,739400,438450,867622,3648717,0
161,000605,2018-03-20,0.024852071005917242,0.028402366863905293,0.47234092245060066,17030.0,58122.95699878386,1280,23536947,24059645,909594,1049677,7495861,6057910,5345936,4566946,6288613,6884825,2011489,1966848,1485454,1752379,0,1268202,0,512858
162,000607,2018-03-20,0.0036429872495444826,0.007285974499089187,0.21662975793725026,4123.0,40309.16662859656,642,2902429,5225125,353862,965915,966870,1822326,779122,1072972,582975,223464,219600,0,0,309680,0,0,0,830768
163,000608,2018-03-20,-0.013432835820895495,-0.013432835820895495,0.18846322712054672,6610.0,73423.66713022896,1265,20414502,13876927,1058798,898588,4844919,3385429,3331444,2753832,2741443,2341939,1077652,2415063,1644489,680508,1267495,487001,4448262,914567
164,000609,2018-03-20,0.024784482758620774,0.010775862068965747,0.4277979219433086,5568.0,37714.394607463815,470,3744908,3732608,458623,717866,1549146,1109305,1254056,683285,483083,114636,0,202461,0,342255,0,0,0,562800
165,000610,2018-03-20,0.027054108216432837,0.029058116232464792,0.35325399008563607,10195.0,143628.88469645017,798,8817252,22997934,619937,657242,3103992,3171193,2356081,1969733,1614468,2453836,203814,1371744,327360,686345,0,969047,591600,11718794
166,000611,2018-03-20,-0.007936507936507908,-0.005291005291005346,0.4274775024742595,9030.0,36561.5917896405,312,4511943,2718291,340667,247672,1157577,1041152,1548650,865515,1465049,563952,0,0,0,0,0,0,0,0
167,000612,2018-03-20,0.013140604467805517,0.01182654402102501,0.21915496027194345,3820.0,26042.080052105324,1207,6337044,7622068,1002820,1517002,3410434,2381563,1036296,1104963,887494,1489271,0,806289,0,322980,0,0,0,0
168,000613,2018-03-20,0.06519453207150372,0.07886435331230279,0.17936905829668737,43379.5,311236.8126276019,2828,176150167,156600736,1336872,1204007,13112445,11748005,17768538,14691811,26363457,26683298,19196939,18705291,14831401,16391062,7193376,12917857,76347139,54259405
169,000615,2018-03-20,0.015384615384615552,0.018681318681318615,0.19965574777816733,20482.0,98919.81270841602,2079,57203706,58947530,1693759,1611899,10521128,9004275,10693550,9833949,12657508,12768313,6917952,9283781,3759244,4495346,2990085,5860184,7970480,6089783
170,000617,2018-03-20,-0.002142857142857113,-0.0071428571428571175,0.54722817231675,9775.5,75134.89541451167,654,11966659,8427240,801906,580354,2627421,2703424,2281944,1329991,3712294,1317586,1203886,456158,349646,649727,417000,0,572562,1390000
171,000619,2018-03-20,0.009749303621169991,0.0055710306406684396,0.3547785793146267,5760.0,51885.19269836785,409,4961695,4158199,600176,391009,1213331,1092345,939662,526224,1649210,643016,215156,201880,344160,712850,0,0,0,590875
172,000620,2018-03-20,-0.017770597738287597,-0.017770597738287597,0.20889037854606085,9943.0,47844.0378189361,878,14817567,8018554,1120400,711742,4141749,3104046,3346558,2139036,3281267,1060762,984053,233472,999196,304416,414864,465080,529480,0
173,000622,2018-03-20,0.004545454545454408,-0.01363636363636378,0.24411626679919618,10800.0,65317.46611764912,325,6324195,4595633,160096,293461,906948,1938709,634261,1280046,1180334,824127,1422510,259290,724150,0,1295896,0,0,0
174,000623,2018-03-20,0.029268292682926855,0.03219512195121954,0.40618452499439595,41500.0,206490.94877085785,2547,109598784,142214203,1259362,1039088,10651274,10990996,15011847,15545234,22970551,27880426,14905131,23285114,12940165,12770462,4893924,9052409,26966530,41650474
175,000625,2018-03-20,-0.0066225165562914245,-0.004966887417218624,0.24796198831779862,22933.0,162062.17101477162,2374,96038136,65068246,1657933,1516117,13205091,9562443,13827359,9021686,16013570,13930901,14693545,7972081,6255337,3769387,4003412,3148333,26381889,16147298
176,000626,2018-03-20,0.0007722007722008595,0.001544401544401719,0.3900240453931945,18102.0,112117.49467411169,1103,33629717,24925434,714578,806164,4976261,5136166,4785543,5243960,5287105,4387811,4840927,3023881,2405343,2169249,1673126,898887,8946834,3259316
177,000627,2018-03-20,-0.012224938875305624,-0.012224938875305624,0.17296553936007728,10484.5,106850.23907626838,2240,62823506,34152978,2435968,1760560,9283899,7636555,9774057,6130687,12336722,4621165,6961138,4314893,3026741,2762340,6920526,1771158,12084455,5155620
178,000628,2018-03-20,0.021739130434782483,0.01830663615560635,0.23489762973032097,16663.0,101972.18342754776,1388,29032067,28174361,1204414,1216331,6278268,7029262,6037794,6116742,5601416,6614053,2072608,2154774,2113829,1375486,2636254,937185,3087484,2730528
179,000630,2018-03-20,0.0074349442379182396,0.003717472118959231,0.05653235560497819,5400.0,167618.11837504784,2292,48959905,30339644,1388648,2391609,6087691,7809682,4905326,6268817,3049191,5954262,3060338,4005578,1658876,340285,830264,874250,27979571,2695161
180,000631,2018-03-20,0.0048661800486617945,0.009732360097323589,0.1173139308039802,2060.0,52728.63996467315,1231,9736435,8232602,1439033,897796,2424117,2506924,1178772,1690423,1378594,1105484,675298,703767,0,331639,854236,414413,1786385,582156
181,000632,2018-03-20,0.008620689655172376,0.017241379310344973,0.21281392183286843,5211.0,84657.20430436953,745,8827485,20375245,255226,1451703,793976,1287067,1394267,1136235,1882328,4892131,2892718,6760709,1067830,3914592,0,403650,541140,529158
182,000633,2018-03-20,0.012805587892898762,-0.004656577415599439,0.4409010246008259,8530.0,47446.742399609975,379,5059844,5196238,284911,397581,1595313,1190116,1625231,1481884,919330,690442,635059,702980,0,305235,0,428000,0,0
183,000635,2018-03-20,0.025945144551519528,0.024462564862861358,0.4145785809247329,13790.0,54234.51249229343,1059,14906419,16043369,968356,694418,4965351,5287933,3253326,3022113,3480637,3830372,1479371,1052054,342678,0,416700,1350747,0,805732
184,000636,2018-03-20,-0.003236245954692518,-0.006472491909385147,0.235194707303364,36047.0,224450.44287301876,2765,163146471,121999066,1562936,1129103,14591821,9767616,16266293,11763739,28075534,22199377,23401963,18676436,16843058,14381455,9438856,12683394,52966010,31397946
185,000637,2018-03-20,0.012635379061371799,0.025270758122743597,0.17496233554687732,11130.0,75188.76169826549,1004,18348990,14405844,832319,735795,3783569,4088294,3855641,3464819,4101586,1309275,2598034,914703,347698,1050895,0,876614,2830143,1965449
186,000638,2018-03-20,0.020000000000000018,0.0189473684210526,0.2546945503501566,13869.0,58775.48694628878,1392,22152275,22707292,1659929,1219378,7589671,6189954,4825455,4740430,4938805,4491304,1749661,2765261,0,1331689,413034,1407100,975720,562176
187,000639,2018-03-20,-0.021618282890673357,-0.013588634959851853,0.6027691160331364,7975.0,60646.67600196426,721,10675634,6468131,827488,981638,2130762,2957431,1530379,1128379,1963235,1009173,913301,0,948700,391510,906909,0,1454860,0
188,000650,2018-03-20,0.04233870967741926,0.040322580645161255,0.12401575107606315,15299.0,151567.13024898825,1603,34983547,57262008,1166160,1183176,6171906,6013476,7708520,6962923,6171982,6528637,5190350,8072418,681474,3841759,416043,5785272,7477112,18874347
189,000651,2018-03-20,-0.0076045627376425395,-0.012927756653992373,0.878952663234342,238740.0,915413.6878710128,3581,962307513,687012852,46798,31183,4257241,4464031,16880629,18283347,51408223,56875225,59069471,59001951,55378590,50342657,61541642,48862614,713724919,449151844
190,000652,2018-03-20,0.0,-0.006593406593406681,0.12216063415732435,4928.0,106794.28557401506,1392,21053795,18670127,1070578,1594600,4617817,3577152,2295951,2474624,3139771,3217919,1827017,1447812,674847,1328486,425744,417647,7002070,4611887
191,000655,2018-03-20,0.011111111111111072,0.007407407407407307,0.20508857197731584,10760.0,43434.53808507606,693,7848057,8589904,567315,570716,2657407,3275086,1725762,1498768,1520313,2380823,516912,432326,324672,0,0,432185,535676,0
192,000656,2018-03-20,0.019267822736030782,0.015414258188824581,0.1377209747907696,25811.0,161330.42722026535,1422,43311934,47240102,1035306,853859,6914267,4151578,13911250,5115714,5928327,7491252,2098652,7473449,2773835,4347127,919957,4315335,9730340,13491788
193,000657,2018-03-20,0.002673796791443861,0.0008912655971480277,0.3838734343513352,5607.5,81025.58931261794,854,7944291,8066329,1205928,687627,2690658,1886472,1156240,1158962,1584646,775991,1004654,979703,302165,0,0,459199,0,2118375
194,000659,2018-03-20,0.0439560439560438,0.04670329670329676,0.1206696557359936,16529.0,123181.32472615557,912,16052018,32672085,711522,582217,4583871,3649583,3093047,3778013,2935830,6081261,2342002,1941232,977024,3627094,0,2197974,1408722,10814711
195,000661,2018-03-20,0.009676890273905281,0.013230550543983366,3.958804009825681,55468.0,366929.3105362048,2136,186121524,184090251,11447,0,12233420,6979164,11152373,13996290,17772867,20992503,17108978,25404498,13379207,10715879,12191649,10184317,102271583,95817600
196,000662,2018-03-20,0.014809041309431059,0.010132501948558081,0.4491306481418809,10236.0,59188.71270355959,816,11326881,12856698,674460,835024,3186798,3069155,2445846,3115650,1659633,2731474,1340237,1218497,685528,318877,1334379,902421,0,665600
197,000663,2018-03-20,0.02505694760820054,0.024297646165527764,0.3041720347045787,21336.0,116384.8998940895,1876,46838895,51654101,1241317,1313401,10206884,8990857,10553152,7927718,10426507,9773864,3680852,5428807,2827034,3008606,831725,4415404,7071424,10795444
198,000665,2018-03-20,-0.008204193254329972,-0.003646308113035679,0.2804557611153678,22789.0,130477.88794450603,1531,56542350,43692470,911836,881083,6765170,6901591,8751346,6917203,13597243,8394562,8651567,6097097,3363611,5004168,3594321,914004,10907256,8582762
199,000667,2018-03-20,0.0,0.0,0.10802298281623167,4800.0,54980.259018597724,778,11611163,2839435,1017586,592300,3065995,1446268,1606426,800867,2153291,0,1068799,0,1070657,0,0,0,1628409,0
200,000668,2018-03-20,0.008560311284046884,0.0007782101167315147,0.8349922332508241,5130.0,39585.18636961347,236,2217744,2699111,128204,261798,691351,939474,514451,615919,385222,238080,498516,643840,0,0,0,0,0,0
201,000669,2018-03-20,0.010221465076660996,0.005110732538330609,0.36054366902367163,7062.0,39356.85923565447,1060,10492258,9618178,1705739,1498287,2664958,2787432,2032443,1471211,2305142,2443017,1301524,717362,0,700869,482452,0,0,0
202,000670,2018-03-20,-0.015094339622641506,-0.011320754716981019,0.11295673087184473,12270.5,65371.7269787885,2208,41764552,32346635,1930392,1832978,10358460,9221685,8438013,6498200,8953038,6756707,4175480,5203716,2858183,1403458,1790551,887081,3260435,542810
203,000671,2018-03-20,0.0062893081761006275,0.005031446540880502,0.15838593895996383,18170.0,248140.08008525422,2525,112237219,98518078,1608920,1553361,12628294,10054764,9976711,9909099,13865645,14794145,10790688,11607135,7475663,4654505,4910426,6579307,50980872,39365762
204,000672,2018-03-20,0.012260536398467359,0.025287356321838983,0.23347677558691787,58300.0,242258.16398089746,3129,197823093,194802298,1191934,1006138,11987313,11873726,23724253,18964834,34652755,38610887,28367545,25887706,18401448,16932960,13424036,17236743,66073809,64289304
205,000673,2018-03-20,-0.09075144508670518,-0.07630057803468204,0.42588726858569387,43159.5,2124086.4326195377,1658,86083514,157999733,481060,1068369,7785978,8480263,11962293,11218522,17152940,14058323,8144900,7815542,6295415,3379549,4959098,2268681,29301830,109710484
206,000676,2018-03-20,-0.00482703137570395,0.0032180209171359664,0.3168001834074629,12270.0,69414.921294763,1541,32257110,20157074,1952713,787598,7244405,5476966,6780476,4334760,6686241,4222283,4815007,1424453,1132616,977788,1373428,940022,2272224,1993204
207,000677,2018-03-20,0.006079027355623046,0.00911854103343468,0.14572595453608034,4342.0,54877.00809915079,510,5265269,5725818,377393,549944,1206924,1702598,922174,1156494,1071567,902620,221439,953537,327320,0,0,460625,1138452,0
208,000678,2018-03-20,0.032710280373831724,0.031152647975077885,0.20849536991676904,9296.0,70019.16749710706,953,14835461,14165414,1012849,1047971,3126859,3889049,3114209,2776033,3200235,2768037,1194883,1254581,1267146,1019228,0,882883,1919280,527632
209,000679,2018-03-20,0.0031104199066873672,-0.0015552099533436836,0.2999186669762372,5080.0,20327.313116791644,459,2866433,2400783,785145,283672,1286300,1147441,583395,468426,211593,285564,0,215680,0,0,0,0,0,0
210,000680,2018-03-20,-0.0022675736961450532,-0.0045351473922903285,0.14830615614356069,4829.0,57487.4830970832,885,11406643,8564808,758559,883446,2504133,3014792,2291668,1487790,2506763,1681484,732608,724306,338013,367840,1323563,405150,951336,0
211,000681,2018-03-20,0.03388581952117864,0.011049723756906049,0.5162038291383167,54920.0,223456.32734674675,2771,169457448,171231633,737503,1008696,12789202,11420796,16717065,17596935,28107316,31462142,24618676,20309247,16986681,17898164,13344003,15700411,56157002,55835242
212,000682,2018-03-20,-0.006741573033707926,-0.004494382022471988,0.15992489184044145,2220.0,24724.16320728218,775,4287186,3412134,601897,877706,1823760,1430540,965184,473942,896345,182516,0,0,0,0,0,447430,0,0
213,000683,2018-03-20,0.007168458781362075,-0.0035842293906810374,0.07444245554194534,3058.0,91754.39814761578,1414,22943372,10291901,1327149,991261,3954663,2523380,3721591,1319577,3283159,1737089,3514575,686781,1412703,373910,402481,443131,5327051,2216772
214,000685,2018-03-20,0.006091370558375608,0.0020304568527917954,0.284938192786512,4935.0,55227.69050529244,1195,12611969,9703122,2593524,610341,3981313,2305510,2166146,1988644,963125,2489861,906483,215820,718504,0,426146,468824,856728,1624122
215,000686,2018-03-20,-0.0012547051442910462,0.0012547051442912682,0.24939737237324225,11433.0,127608.89424538033,1021,29433012,14107809,913790,1036217,4555412,3100308,4300279,3619756,4642997,3206279,3211529,787830,3148938,1366940,1339953,433979,7320114,556500
216,000687,2018-03-20,0.015825914935707175,0.013847675568743778,0.3099092716019962,10699.0,52746.63954131729,1064,13229452,18725863,707636,1127484,4631297,4830894,2694209,4666284,3456440,3387972,719359,1900956,1020511,2107817,0,0,0,704456
217,000688,2018-03-20,0.0010245901639343025,0.0,0.4382752246401968,11700.0,117506.10984090177,495,14262748,11363664,731410,444220,3040076,1114058,2378851,1105905,2325037,856039,1036140,954385,731216,695102,878400,2691794,3141618,3502161
218,000690,2018-03-20,0.0060240963855420215,0.0,0.2416185161064466,7443.0,70754.48118578902,1180,17765901,14715679,885876,1920526,4314955,3791905,3157314,2299843,2186515,2344636,1581054,973113,329600,692869,2721789,868350,2588798,1824437
219,000691,2018-03-20,0.0016666666666667052,0.0,0.4286447612661874,10794.0,56324.75264260862,195,2999406,2208246,193384,96857,891749,851004,689331,427585,796058,282000,0,0,0,0,428884,0,0,550800
220,000692,2018-03-20,0.012106537530266248,0.007263922518159882,0.21782282408188894,8320.0,44066.94251535173,359,5107531,3485255,379158,339105,1367367,1333129,1041104,599619,811682,766032,1508220,447370,0,0,0,0,0,0
221,000695,2018-03-20,0.053493449781659486,0.058951965065502154,0.30750046773950457,9590.0,40588.88447332809,889,10069790,10714691,725175,1125303,3623777,3340929,2848596,2733389,2077150,1952602,426612,694546,368480,391072,0,476850,0,0
222,000697,2018-03-20,-0.013255567338282037,-0.009544008483563071,0.5716922770464156,18490.0,78652.32796707093,1088,24815012,17375817,756305,858079,5294517,5543545,5886215,4631249,3384424,3345662,2883136,1513766,1419740,337452,1298539,0,3892136,1146064
223,000698,2018-03-20,0.0,0.001828153564899626,0.22821028504111193,10910.0,72548.88520699041,574,12836842,6104915,673250,343217,2584604,2214418,2286037,1247241,2891615,1073905,1249586,677134,1037950,0,0,0,2113800,549000
224,000700,2018-03-20,0.001956947162426559,0.001956947162426559,0.21980822792714536,6604.0,38505.56253012631,540,6565410,4552675,417032,602849,1896423,1422883,1577616,1108943,1472717,713256,1201622,704744,0,0,0,0,0,0
225,000701,2018-03-20,0.023121387283236983,0.016184971098265777,0.25772050989616796,8780.0,63406.56163824129,1128,18518022,16837763,1192251,1036014,4204668,4436250,3788443,2963811,4354018,2035313,1769367,2038287,1940915,2002023,1268360,2326065,0,0
226,000702,2018-03-20,0.03576982892690528,0.018662519440124425,0.2666295575814141,9780.0,49119.84388100895,581,8944949,7558939,510378,649345,2409511,2330554,1531132,2113035,2535804,1434115,1234587,703934,723537,327956,0,0,0,0
227,000705,2018-03-20,0.03221476510067123,0.03624161073825505,0.21373362540753302,7655.0,51927.37610464082,1216,13285464,17558443,1875260,845435,3860939,4811624,3499237,3949046,2348273,3783231,553662,1441041,306125,1026494,841968,942814,0,758758
228,000707,2018-03-20,0.009433962264151052,0.004716981132075304,0.1860627109876152,6736.0,38474.237189696345,519,5985657,4242027,794143,466523,2077365,1494552,1079005,1322761,1253144,604591,0,0,301750,353600,480250,0,0,0
229,000708,2018-03-20,0.0018034265103696878,0.0036068530207395977,0.42536661791615615,6636.0,46693.28728420958,679,6554213,8506286,710198,628787,1800085,3219645,1821495,1286366,1174605,1646724,0,969734,0,353934,492830,401096,555000,0
230,000709,2018-03-20,0.008064516129032251,0.005376344086021501,0.08345756265530382,8206.0,130158.51674027684,1998,41668013,35913129,1849965,1440443,8934530,6739114,5962257,4755788,6092371,5143129,2977541,2160214,1814237,1071683,1374175,3069586,12662937,11533172
231,000710,2018-03-20,0.061822125813449036,0.06377440347071572,0.9910391439002098,29801.5,141480.03131190792,2166,66117552,99028496,1577431,1728975,9635175,11328988,11026727,12464751,12312030,20955800,10569484,12403589,4702092,7329843,4016401,5880691,12278212,26935859
232,000711,2018-03-20,0.006611570247933907,0.004132231404958775,0.4295766751114692,24320.0,47576.28912945219,793,13488615,8979676,349272,732221,7989541,3838169,1616708,1448151,1340411,2312865,495923,286770,0,361500,907840,0,788920,0
233,000712,2018-03-20,0.015731874145006763,0.015731874145006763,0.408779990467054,14750.0,110872.20932772427,1279,29490627,27020316,992296,973562,5647132,5644458,4997456,5334729,6924511,4960221,2828161,4518421,1644476,2736454,1345910,0,5110685,2852471
234,000713,2018-03-20,0.0014970059880241582,0.0029940119760478723,0.35674457792312836,9422.0,44939.67561588684,350,4332223,3771684,329251,374685,1633123,1497826,587702,865370,889534,270934,892613,216675,0,0,0,0,0,546194
235,000715,2018-03-20,0.0139049826187716,0.009269988412514474,0.4079642855565505,3476.0,34249.93415191448,447,1458892,3333131,546089,586502,555681,968287,143090,375496,0,140832,214032,200330,0,652856,0,408828,0,0
236,000716,2018-03-20,-0.0019120458891014325,-0.003824091778202754,0.16660666072637348,6727.5,48054.91201265597,986,16191589,7341369,1251880,829031,4014074,2653022,3042912,1686475,4016091,1080743,2188598,1092098,639034,0,0,0,1039000,0
237,000717,2018-03-20,0.014367816091954033,0.015804597701149392,0.14375346187520463,21000.0,113210.70801079107,2349,63926120,68555904,1136001,1745570,9873681,11453617,10863990,13292027,17449802,15548398,8378061,7320873,2487552,6826615,1841811,4012914,11895222,8355890
238,000718,2018-03-20,0.0,0.0,0.13160434475531063,7488.0,74622.02318466008,1010,17480059,12106040,812302,1061623,3814649,4030701,2326498,2115583,2872688,2012282,698547,1996728,2104538,366080,1731747,0,3119090,523043
239,000719,2018-03-20,0.008083140877598094,0.005773672055427337,0.31121601205403604,3468.0,36454.12607914546,774,4605912,5740668,427574,962336,1203103,2749286,666358,1047673,523892,721573,791426,259800,0,0,429157,0,564402,0
240,000720,2018-03-20,0.017429193899782147,0.017429193899782147,0.1474589462278116,9280.0,83229.44469059249,970,13767707,14810253,1073012,778012,4054175,3422925,2464369,2725699,2261124,2872392,1417962,741976,1303665,706173,0,1349600,1193400,2213476
241,000721,2018-03-20,0.0463709677419355,0.05241935483870974,0.13456212256623365,10360.0,90883.9992217515,1361,16804082,31298868,1063368,1176818,4941643,5627373,3975213,5571975,4291451,5840076,906900,3282236,0,3074337,813811,1754467,811696,4971586
242,000722,2018-03-20,0.010044642857142794,0.010044642857142794,0.3990932058849125,8104.0,66383.21977048882,504,7409828,4592383,544020,573689,1989613,1866968,1163655,588190,1019199,1352027,207919,211509,301834,0,404539,0,1779049,0
243,000723,2018-03-20,0.007194244604316502,0.003597122302158251,0.1219932222743152,11096.5,117282.65288802197,2082,42836723,31083620,1000807,1298886,9507819,6706660,4491867,3335995,5979499,3902342,6775484,1406543,2808400,2280976,1359075,1334157,10913772,10818061
244,000725,2018-03-20,0.0,0.0017361111111111605,0.09626801679777847,257600.0,1575920.1334300824,3596,1147648453,1172432603,133134,150654,4314513,5263366,13970152,21638087,49527841,53724471,52507723,56369472,58722578,51660503,46031522,64723103,922440990,918902947
245,000726,2018-03-20,0.012275731822474212,0.0009442870632672129,0.4622335678200209,5280.0,39840.79409185364,524,6716293,4223988,717352,386593,2088781,892024,998807,1655823,1597715,1073920,629843,215628,683795,0,0,0,0,0
246,000727,2018-03-20,0.016393442622950838,0.016393442622950838,0.0560664691111755,5187.0,82705.8630913098,1917,21597618,31159507,1396643,1688211,5420232,6968923,3620667,3446066,3754651,6715948,2794861,3305935,1667884,2434137,0,423360,2942680,6176927
247,000728,2018-03-20,0.007526881720429923,0.007526881720429923,0.23959493661168318,18560.0,126887.97434266351,1507,43336640,38340052,1354157,1431764,6070871,7935806,8377288,6609828,8115226,5151877,5434842,6447843,2413401,743443,1285251,3960955,10285604,6058536
248,000729,2018-03-20,-0.005256241787122251,-0.006570302233902869,0.20639834289925174,11280.0,116394.66957280353,1360,31192033,23244292,1518880,1302736,5902695,4700513,5045948,4634460,4412606,4162923,2829323,2252888,4431565,2523670,0,456760,7051016,3210342
249,000731,2018-03-20,0.02734375,0.02734375,0.2254311222686428,19675.0,135246.72489155893,1161,24808158,38599251,1070819,730118,5961210,5184125,4569980,5606012,5823871,7154969,3029023,6020494,1655850,2098497,405849,2204488,2291556,9600548
250,000732,2018-03-20,0.021779254337393805,0.025470653377630104,0.504796458978097,55760.0,362992.26801671076,2883,231224211,247797100,798964,1155130,11534673,12049241,14172255,16965218,29909743,27877452,19728688,23154206,18644519,19651800,14149115,13861909,122286254,133082144
251,000733,2018-03-20,0.025039123630672844,0.019561815336463173,0.35167381258286495,12830.0,79282.57386087472,1321,23313123,24897978,1507742,936431,5047396,6085119,4204253,4279142,3945944,4551514,2865037,3888503,1038397,1770414,495744,1382355,4208610,2004500
252,000735,2018-03-20,0.009411764705882453,0.0117647058823529,0.17016011121895133,23139.0,219170.47403052676,2499,101724251,107480214,1528690,1858734,10365403,9651106,11860847,12671261,18291199,18098525,11298383,13164894,11241734,7626988,6188870,5703984,30949125,38704722
253,000736,2018-03-20,0.016949152542372836,0.016949152542372836,0.6559930240505203,17740.0,64814.88470796804,728,15480399,13735607,652662,376263,3687062,2942672,3256941,3139054,3321533,3857991,2136614,2072977,1305307,1346650,0,0,1120280,0
254,000737,2018-03-20,0.0024630541871923928,0.0049261083743843415,0.2291951232371975,5317.0,47189.62728584566,313,3119252,3461653,321685,280289,1071399,1267700,54672,398906,862234,578719,437574,285600,371688,650439,0,0,0,0
255,000738,2018-03-20,0.02795031055900621,0.016770186335403725,0.3304927814169614,38280.0,293752.66553785925,2377,132920606,152811765,1151659,1308423,9943573,10794985,12331953,13329845,18717675,20728692,15804438,16103561,11533257,11693538,9842116,8287054,53595935,70565667
256,000739,2018-03-20,0.025423728813559254,0.03050847457627115,0.16686570972971224,11343.0,77186.23029773524,1251,16894216,26407851,735755,1432114,4172159,6023614,4176448,4289978,4487776,4855641,1457501,2337410,1327055,1335453,0,0,537522,6133641
257,000750,2018-03-20,0.0022026431718060735,-0.0022026431718060735,0.14451135680368687,4961.0,77913.98435258983,988,13492939,10859255,1103728,825072,3737164,2914363,2823433,1004727,1631416,1140247,1993161,1473843,354937,1046568,0,454454,1849100,1999981
258,000751,2018-03-20,0.0021276595744681437,0.0,0.14171178879027327,8911.0,59442.28693833115,1101,15891550,11012995,1195513,1496591,4769189,3904592,3194926,1865467,2739771,1352647,1369148,1528464,383407,393022,419400,472212,1820196,0
259,000752,2018-03-20,0.0375886524822695,0.021985815602836967,0.5139570261645863,14305.0,96199.95600997785,752,15770551,17142593,862724,443831,4252369,2611327,2123306,2431476,2606346,2798722,1844039,2417495,1403632,2314802,495954,932620,2182181,3192320
260,000753,2018-03-20,-0.0028818443804035088,-0.0057636887608069065,0.16352267936487178,5167.5,41767.93996444052,450,5273754,3557263,645366,400203,1485481,1544020,901982,483512,1375234,232904,465753,280606,399938,616018,0,0,0,0
261,000755,2018-03-20,0.0015384615384614886,0.0015384615384614886,0.3495241449661292,7628.0,44398.62843398284,345,4284250,3108340,310860,359079,1273347,1210597,1940663,333089,549234,359285,210146,226450,0,0,0,0,0,619840
262,000756,2018-03-20,0.0351999999999999,0.03839999999999999,0.2965389417819133,13975.5,88551.39285244665,1778,30375716,36346549,1392808,989802,9942660,6905601,5216207,6992641,4444611,7929940,3445291,4088656,2842594,383700,900756,1266807,2190789,7789402
263,000758,2018-03-20,-0.003278688524590123,-0.004918032786885185,0.15826590971504925,6090.0,75039.42977401978,1487,26711916,14508584,1867020,1751061,4585987,4425933,3567977,3238142,3930121,2663304,2887366,1690800,2622271,739344,1833172,0,5418002,0
264,000759,2018-03-20,-0.021091811414392203,-0.021091811414392203,0.22150892018840487,12863.0,65035.958041808735,1325,27958360,14027854,1295750,1264351,8518187,4466134,6141793,3364637,3986141,1944143,2430363,812382,2966972,726807,0,444106,2619154,1005294
265,000760,2018-03-20,0.0019723865877712132,0.0,0.16638313706560257,10060.0,83460.26240371822,929,17239596,10691316,653425,935582,4120393,3043590,2746708,2207387,2748868,2643283,1450418,1016442,692849,339022,851700,0,3975235,506010
266,000761,2018-03-20,0.012345679012345512,0.012345679012345512,0.14067602353253317,5892.0,57423.51354822439,1195,12724435,17506647,812585,1680258,3409542,4234472,2440546,3018369,3269734,3769179,721832,2668586,996407,0,436499,441900,637290,1693883
267,000762,2018-03-20,-0.004347826086956608,-0.005072463768115987,0.3096573644842122,16392.0,95763.84360765036,1987,54542534,35260716,1238323,1984658,8230883,9898079,9567333,7885529,11333351,7435503,4883228,2245165,4210991,1411320,3553131,1772133,11525294,2628329
268,000767,2018-03-20,0.0,0.0071428571428571175,0.11819558119035317,3213.0,99213.031713479,562,7524217,8927783,510010,415289,1360781,1194475,696886,1374849,1396159,1981547,753090,0,364000,0,0,883378,2443291,3078245
269,000768,2018-03-20,0.009960159362549792,0.009296148738379806,0.3159971226468601,20874.0,204468.90289486066,2273,93097843,90052107,1969181,1234838,9913686,10076196,10941153,9840191,11772663,13473500,8352056,8910557,7018907,6081324,6770462,4458437,36359735,35977064
270,000776,2018-03-20,0.009202453987730008,0.009815950920245342,0.3315990432113761,39096.0,166794.5920299946,2417,108794923,84595986,1293013,1616442,10590807,10580175,19952426,17861653,23005698,19736360,10156400,7094219,9901724,5787961,7241327,5122213,26653528,16796963
271,000777,2018-03-20,0.010021474588403745,0.012168933428776008,0.4441385893555422,14140.0,89031.59656280217,989,19346054,21115183,959636,791504,5101690,3745963,3854212,3480796,4126250,3020251,2284310,2184906,611675,2453891,0,1750795,2408281,3687077
272,000778,2018-03-20,0.0039215686274509665,0.007843137254901933,0.1192245815415172,10180.0,96132.21106481721,1834,35587079,38529167,2201892,1364984,5741243,6624562,6348675,6097933,6577318,6998371,4048922,5450477,2121938,3717066,1748832,2174784,6798259,6100990
273,000779,2018-03-20,0.06398104265402837,0.05924170616113744,0.40076315074478436,12069.0,78696.57350463587,999,10978555,19945736,614712,968170,4484538,4710432,2105300,4300775,1738483,3362657,1657716,673470,377806,1083167,0,0,0,4847065
274,000780,2018-03-20,0.01814516129032251,0.01814516129032251,0.23363517513792395,9500.0,72870.1381586544,450,5016722,8348799,350507,428444,1260744,1849563,550422,1451714,1141683,1837077,1713366,618794,0,647975,0,410522,0,1104710
275,000782,2018-03-20,0.004573170731707377,0.012195121951219523,0.27985974588597246,5931.0,35849.4845073692,549,4743476,5332145,499774,324301,1840606,2053274,978105,1121655,1110919,1037945,0,464970,314072,330000,0,0,0,0
276,000783,2018-03-20,0.0013736263736263687,0.0013736263736263687,0.20094336668729226,10206.0,108527.24175435462,1313,29510169,20478187,1140966,1376495,5733896,5231125,3819966,3544361,7209969,2209857,2443957,2156325,2433263,2501836,0,834838,6728152,2623350
277,000785,2018-03-20,-0.02300000000000002,-0.014000000000000012,0.3165245031483802,11843.0,498447.4754273143,998,22527596,30742998,1452548,957309,4662603,3659111,4251834,3317843,3628770,3224318,2470696,1809380,1030763,697038,885840,921171,4144542,16156828
278,000786,2018-03-20,0.09570957095709565,0.07590759075907583,0.4153566111937289,83919.0,460194.8581149688,3409,286635096,420596453,644154,537071,14793244,10128555,26952969,20111883,38541840,39274888,39719073,39190833,30538344,31601472,18362726,23065219,117082746,256686532
279,000788,2018-03-20,0.03289473684210531,0.03947368421052633,0.22724844173934214,15400.0,97988.16543881284,1120,19326837,27576435,818843,1095098,4910455,5309323,4355958,4447811,3537782,5064445,2315946,2436943,723384,1516104,420626,1721773,2243843,5984938
280,000789,2018-03-20,0.018471872376154552,0.032745591939546737,0.21885667471858983,51987.0,262393.92250607716,2966,177592660,202211412,1068161,1109864,12618919,11873558,17316293,16430122,31550130,36255583,28201723,28140705,19006692,17472209,11567829,16812775,56262913,74116596
281,000790,2018-03-20,0.01787709497206702,0.04022346368715102,0.15775627860711444,50787.0,239092.84260816674,3234,174176877,198673809,1298056,1382881,13439962,13541350,21142219,21994876,30401032,36996753,25084653,20103552,18148837,13837698,15004611,14398265,49657507,76418434
282,000791,2018-03-20,0.001388888888888884,0.0,0.17794531136398442,11456.0,62441.026089368046,1639,31831051,20273465,1731939,1447767,8311615,6255067,6326822,3752832,7011629,4469757,2673632,2919022,2493326,358560,448641,0,2833447,1070460
283,000792,2018-03-20,-0.004447739065974843,-0.013343217197924417,0.2640267109702126,35613.0,227972.93513380428,2613,164136441,122580787,1184979,1468088,11628921,11288092,13847404,13341865,24874415,20812498,23563635,14817982,11453303,12948742,11693651,11241666,65890133,36661854
284,000795,2018-03-20,0.009599999999999831,0.0031999999999998696,0.12170968106505285,21318.0,131397.873890935,2645,88612451,69201559,1769895,1861146,11971581,12367864,13707234,14379096,17355058,15844238,10444372,9292276,5861544,5107181,3070034,1321904,24432733,9027854
285,000797,2018-03-20,0.008273009307135482,0.0,0.2984672653419896,9680.0,61641.35842154967,1050,20039538,10581555,1482704,852876,5207755,3474081,3382998,2792076,4067609,1673024,2486420,883760,1459101,314901,410664,0,1542287,590837
286,000798,2018-03-20,0.026378896882494063,0.031175059952038398,0.30539048512237643,8580.0,52552.10031669836,746,6063327,12583593,725953,903965,2474467,3651619,1744046,1849481,495817,2426437,205632,1107578,0,313535,417412,1776064,0,554914
287,000799,2018-03-20,-0.02016460905349804,-0.01687242798353905,0.5375379096716786,23730.0,126268.81558530052,2044,70697909,48188650,1405695,1508498,10449525,10962789,10006863,9551708,12697367,9901924,10293117,5584482,5017736,2737129,1766074,2245770,19061532,5696350
288,000800,2018-03-20,-0.022325581395348904,-0.018604651162790642,0.2458552583604085,25608.0,171731.3106948507,1913,80704219,65789731,699370,1256346,7859690,10437564,8598291,9139955,15286623,14578855,12973850,7243513,5929975,4811172,7565838,4000229,21790582,14322097
289,000801,2018-03-20,0.025125628140703515,0.008375209380234505,0.17886211689506024,12140.0,80125.58129403627,1115,22647265,20917870,1143647,784539,5075531,4513985,4421384,3618819,4012365,4493683,2779093,3388459,2714924,1023766,907106,1378744,1593215,1715875
290,000802,2018-03-20,-0.003427592116538092,-0.003427592116538092,0.3815754566344373,8127.0,48812.868545972895,935,11792639,9504071,679799,825560,3866057,2916367,3416877,2223887,2347418,1790582,696607,0,319561,0,466320,938475,0,809200
291,000803,2018-03-20,0.023319615912208436,0.021490626428897874,1.4039647286253658,11245.0,44973.33770515369,242,2211025,4054611,163329,235814,906495,1129788,324403,1019170,816798,990293,0,224699,0,0,0,454847,0,0
292,000806,2018-03-20,0.08379120879120872,0.08379120879120872,0.13038820793251524,38266.0,209280.65982442212,3127,114645836,164494649,1666326,1522420,15142110,15470063,20055771,20704080,25215751,33450912,17536625,20624703,8412959,10267878,7163814,9716790,19452480,52737803
293,000807,2018-03-20,-0.0011904761904761862,0.0023809523809523725,0.1546816240828454,43350.0,377563.66979618295,2954,220025272,190822100,1312049,1656881,12356585,12148780,18284638,14550525,26000727,28632072,24131127,21751551,13549029,19524295,15157339,12050897,109233778,80507099
294,000809,2018-03-20,0.0,-0.002941176470588225,0.15747497138282276,3734.5,72983.94058701194,466,7683919,4518572,485503,145029,1224810,1274567,1439890,959400,1250772,1476492,961282,233910,651688,0,0,429174,1669974,0
295,000810,2018-03-20,0.016260162601626105,0.006968641114982743,0.16192159474318962,19337.0,194107.43149039926,2840,88106735,70671015,3715743,1383766,14677937,10327953,15652899,12291853,17766894,14518959,10504093,6228119,7964547,4568732,4536900,2726211,13287722,18625422
296,000811,2018-03-20,0.00137174211248281,0.0,0.3161658750474874,10860.0,55434.88538935936,531,8731150,5610752,333556,588104,2066791,2375809,1756752,1338348,1831536,1007639,1241735,0,302868,300852,425756,0,772156,0
297,000813,2018-03-20,0.039312039312039415,0.039312039312039415,0.23160285408088577,6776.0,71745.11732116803,1236,15300972,21494549,1650629,1092927,4442143,3428018,3189461,3910208,1821188,5425343,1986784,2880676,1353769,1381706,856998,470679,0,2904992
298,000815,2018-03-20,0.02115541090317352,0.016273393002441017,0.4774618984847955,12450.0,47819.98734037467,662,8720444,10350916,485920,704398,3239495,3567547,1386079,2546963,2263006,1830699,542076,931577,387790,304792,416078,464940,0,0
299,000816,2018-03-20,-0.021333333333333315,-0.02399999999999991,0.06605831582012313,26497.5,177716.73944353827,3254,117419813,111878717,1530371,2209047,14711187,18746945,14519613,21348576,22257052,23054161,13259448,13368266,9367882,8114455,5844065,4537000,35930195,20500267
300,000818,2018-03-20,0.007194244604316502,0.00399680255795376,0.3860734675657946,11281.5,107710.37873555344,1050,27109876,13307752,1639810,490430,5032528,2852178,3980989,2054744,4829946,2752491,3669926,679838,2446955,349565,1419854,451439,4089868,3677067
301,000819,2018-03-20,0.1055276381909549,0.1055276381909549,0.3336082999416697,12805.0,187363.09998764723,891,42189227,15165236,1328485,340802,4859466,1426523,4059528,1610775,6495855,3847230,3886183,1511312,3073608,701932,836385,854899,17649717,4871763
302,000821,2018-03-20,0.009023789991796649,0.00656275635767023,0.34320712044081936,14688.0,64165.21678043654,1262,22570760,17602465,830190,1048667,6690998,6625415,5737543,4528163,3375232,1984474,2780419,1184179,1065290,738912,0,877655,2091088,615000
303,000822,2018-03-20,0.002450980392156854,0.003676470588235281,0.21424602542052612,13104.0,65703.76617933897,1451,28405829,21514045,1335716,1631758,8127825,5602659,7559295,5355173,4583688,2947642,1501171,1746447,1323764,1755460,932633,1317085,3041737,1157821
304,000823,2018-03-20,-0.005853658536585371,-0.012682926829268415,0.23637424862424,21752.0,151881.9502218931,1882,69546214,49595078,922477,1146931,7794860,10658306,9220378,9153140,12451072,8631752,8923886,6008132,5890459,5385780,2667319,2608760,21675763,6002277
305,000825,2018-03-20,0.019736842105263275,0.018092105263157965,0.11560269238639118,27082.0,265173.41017278284,2774,114883195,154588172,1431959,2031920,10062662,11860913,11654251,16896703,17484810,22262804,13544779,16596654,11485979,17364705,5819830,8492174,43398925,59082299
306,000826,2018-03-20,-0.00034470872113068207,0.00034470872113057105,0.7420946581223428,25956.0,129401.0814714044,1528,50798663,35724861,978317,1134664,8154129,8297871,7812866,6254271,13187379,6404281,6464190,4051220,3032176,1737260,2604027,871986,8565579,6973308
307,000828,2018-03-20,-0.0045745654162853144,-0.0045745654162853144,0.5334010378142654,10840.0,56282.095614599726,419,8219552,3647675,395160,274439,1693531,1487495,1716209,818806,1850658,1066935,1163082,0,323926,0,0,0,1076986,0
308,000829,2018-03-20,-0.006329113924050667,-0.009493670886075889,0.24490795453592012,14870.0,88291.20662228052,1499,37378227,23476367,1219609,1506687,7431057,6582680,6812151,5549843,7778388,3427888,3195150,2385336,1656187,1259685,1830774,1373248,7454911,1391000
309,000830,2018-03-20,0.009039548022598876,0.005084745762711895,0.29977788227349966,86925.0,444477.5453805633,3489,373479756,368103960,678848,742347,13170419,14319374,21790855,23506930,48288190,40572625,43464685,32389803,29743851,26788990,22940802,24154937,193402106,205628954
310,000831,2018-03-20,0.0142180094786728,0.017061611374407537,0.28347071688309206,19044.0,109854.72793315073,1385,35523857,31619832,954563,879043,7500913,5800786,6654704,5126222,8313874,6363881,4345742,3613651,2679548,4040661,1664037,899878,3410476,4895710
311,000833,2018-03-20,0.007936507936507908,0.006349206349206327,0.2644354683325267,6290.0,45629.560876778196,567,6943634,4507236,885182,523960,1722499,1829108,1712386,605950,617742,681712,767539,529552,358330,336954,879956,0,0,0
312,000835,2018-03-20,-0.006605019815059565,-0.00792602377807139,0.2951955601289415,7530.0,35018.74997096315,657,8336953,5192555,461716,1116501,2567271,2373262,2311344,1157299,1473923,545493,1181098,0,341601,0,0,0,0,0
313,000836,2018-03-20,-0.005940594059405946,-0.007920792079207928,0.11519635212679623,15179.0,108742.94419463638,1927,51410594,37207338,1212972,1983807,8563317,8503536,8089045,8316985,10088072,6959921,5896375,4423818,5583455,662734,2302243,2310691,9675115,4045846
314,000837,2018-03-20,0.021201413427561766,0.0176678445229681,0.20890919148332107,10934.5,57297.37013062579,734,10011273,10724270,652203,643506,2777873,2861384,2592031,2116054,2414868,2124179,887130,1991867,687168,0,0,0,0,987280
315,000838,2018-03-20,0.0019305019305020377,0.005791505791505891,0.15576886144973404,5210.0,48054.01098287161,1107,12066185,9453739,823769,1185155,3668443,3284034,2745635,1641828,2907489,939716,1920849,925918,0,0,0,430920,0,1046168
316,000839,2018-03-20,-0.019736842105263053,-0.018421052631578894,0.13943952212762312,37275.0,252868.48334567284,2976,170118585,153003314,955102,2028970,10163424,16741389,14467724,20859203,25126130,27600603,12544982,19376542,15866114,14808482,13452196,10643690,77542913,40944435
317,000848,2018-03-20,-0.012605042016806678,-0.007352941176470673,0.253308607804248,9500.0,56437.285386938005,1413,22499716,14177703,1553577,1329745,7439313,4599308,4240192,2412681,3228063,3259613,1721777,966502,1514108,1121574,1328142,488280,1474544,0
318,000850,2018-03-20,-0.002320185614849146,-0.002320185614849146,0.23211771522425903,8580.0,54779.73025283918,344,5067950,4091541,266806,453265,1169281,1506172,674882,551912,1437762,1117759,858651,462433,0,0,0,0,660568,0
319,000851,2018-03-20,-0.004854368932038944,-0.0012135922330096527,0.23626552958381256,16320.0,80889.52508439713,1217,30881243,21006924,1115872,1027874,5642863,5211684,5972895,4262180,8138303,5282422,4722339,2213656,2634018,383160,816491,819181,1838462,1806767
320,000852,2018-03-20,0.03725961538461542,0.026442307692307487,0.21864831582477176,16740.0,61022.76376422873,1449,23202393,29317188,1187172,1482570,5993899,8120945,5755857,6030745,4916495,8066481,3099822,2348658,983648,1965635,424000,1302154,841500,0
321,000856,2018-03-20,0.033500000000000085,0.03299999999999992,0.38061901566223355,37867.0,178794.05301904358,2763,119136837,131885124,1304843,1295221,13859587,13708642,16185785,15274438,27686985,26330641,13731487,12854761,8422265,10285604,6629457,5337381,31316428,46798436
322,000858,2018-03-20,-0.011886102403343757,-0.012800417972831823,1.297498550691286,189562.0,1009725.488155255,3482,791562189,676514201,271514,368740,7006206,6851096,17557196,20785721,36589436,41571836,39818139,44938879,39414564,57527278,34699603,55368691,616205531,449101960
323,000859,2018-03-20,0.02645502645502651,0.021164021164021163,0.16054344427690978,11020.0,60158.09047749143,554,6569395,11793905,268542,556678,1702950,2655753,1080137,2150976,2533714,2718885,984052,1767442,0,1411331,0,0,0,532840
324,000860,2018-03-20,-0.0005032712632109249,-0.007549068948163207,0.5607131090286164,13786.5,66819.81799881271,1256,22061156,16397997,1159895,1178163,6117871,6337001,2291817,2871129,4352136,1925366,3443224,2073830,652907,646708,0,1365800,4043306,0
325,000861,2018-03-20,0.0,0.003278688524590345,0.08343530650082745,4575.0,79220.76844190634,1343,18038387,12748366,1494318,953510,4598189,3203257,2853846,1852781,2750627,2742427,747091,973942,1029695,399100,845911,455714,3718710,2167635
326,000862,2018-03-20,-0.007499999999999951,-0.0050000000000000044,0.17420321354954302,9154.0,58037.60580658205,527,6300051,5692611,566090,607095,2284410,2170643,859142,1087654,1032451,1032789,504355,437860,0,356570,0,0,1053603,0
327,000863,2018-03-20,-0.008179959100204526,-0.002044989775051076,0.20390442625715358,1464.0,31801.5661044256,575,2627155,3840197,354219,663061,758629,872641,468518,1011731,619140,1014286,0,278478,0,0,426649,0,0,0
328,000868,2018-03-20,-0.019363762102351356,-0.013831258644536715,0.13362509414542037,29778.0,181255.31695343615,2935,122136831,107815179,1630207,1962370,12237303,15499659,15038317,15565285,24038200,26806974,18561830,11917230,7033150,8029539,10828990,6677857,32768834,21356265
329,000869,2018-03-20,0.029719317556411662,0.026692350027517797,1.0031650738044398,21555.0,97545.03626345225,1312,27137799,40023273,798773,865749,6839726,7202645,5518840,6456572,6722931,6566440,2529751,6492270,2075017,2093522,404826,1348887,2247935,8997188
330,000875,2018-03-20,0.018292682926829285,0.018292682926829285,0.11381280930196573,10110.0,97978.63433937175,832,14541530,20012374,634204,750494,2636897,3670690,2061001,2102607,3995965,3303046,1813626,3012862,665320,2103056,401301,975185,2333216,4094434
331,000876,2018-03-20,0.009421265141319024,0.01211305518169592,0.18530752109932902,10444.0,174837.8250250389,1609,30369765,37744731,1472059,1575972,6940841,6322399,3771852,3840683,5605118,5262400,3163036,3384546,2809770,1073714,447000,942942,6160089,15342075
332,000877,2018-03-20,0.01816530426884655,0.021798365122615904,0.23996082681862982,22320.0,136067.44755618268,2106,54397176,73453453,1103710,1364935,9232815,11931608,9083812,9498446,12283591,15500613,8226395,8690632,6173970,4795275,4053877,4085123,4239006,17586821
333,000878,2018-03-20,0.00918196994991649,0.01085141903171949,0.29128478158780136,18007.5,89095.18340538155,1692,39222687,37017132,1143051,1333469,8556637,8059822,7626084,7357898,8725062,8642606,4601684,4470111,3152491,751530,2709130,406378,2708548,5995318
334,000880,2018-03-20,0.020496224379719763,0.02265372168284796,0.44718573991829697,12298.0,82451.88132550927,429,5532077,9667766,462912,370923,1938729,2102396,1513784,1815145,923541,1172232,0,1310032,693111,0,0,0,0,2897038
335,000881,2018-03-20,0.009828009828009687,0.01310401310401299,0.3723890922111397,10944.0,40812.573690597856,1075,11148472,14385427,720944,1421934,3983807,5271457,1942381,3204305,2874750,3208021,959348,435198,667242,308750,0,0,0,535762
336,000882,2018-03-20,0.003030303030303161,-0.0060606060606061,0.06827934239394752,15249.0,161624.30307729542,2356,74330233,49825425,1757487,1964422,10537956,9397993,11048913,8196270,14668588,8321379,6160864,3329022,5490694,3314778,5963864,2190172,18701867,13111389
337,000883,2018-03-20,0.006681514476614581,0.006681514476614581,0.12308632168889967,4950.0,68899.00491136292,1333,14771413,7193708,2825140,863375,2566803,1747902,1608364,610139,1298082,671081,939724,457314,363506,952881,906765,1295666,4263029,595350
338,000885,2018-03-20,0.012779552715654896,0.015335463258785875,0.3789063808971737,17446.0,74082.65586050627,1706,34061948,35935447,1127363,1490707,9167149,9423700,8297517,7510874,6497935,6874634,3616921,4660921,1405215,2050878,888380,1435296,3061468,2488437
339,000886,2018-03-20,0.021416803953871577,0.02471169686985175,0.14163596497261566,17318.0,108932.95263090909,1840,35510547,56798874,912653,2293532,5351320,11253417,5938246,8039670,6003982,9915164,5358607,3341783,4724334,5647645,2591590,2793048,4629815,13514615
340,000887,2018-03-20,-0.010321100917431214,-0.005733944954128489,0.4196520761084298,12250.0,140999.28161617825,1729,50691534,29128231,2057642,1200671,9168354,5099316,6410389,3796351,9143083,4571326,6506879,1741311,2677510,1772738,1238053,432308,13489624,10514210
341,000888,2018-03-20,-0.006147540983606592,-0.0030737704918032405,0.32523070083470296,5844.0,61843.50496898514,900,14099639,8988305,933938,1003868,2772063,3141577,2158775,1673819,3452739,1161938,2535792,0,619840,311052,482500,897169,1143992,798882
342,000889,2018-03-20,-0.004373177842565634,0.004373177842565523,0.4154412865820676,4110.0,44579.09179337466,1093,5064597,17484261,953274,1399959,1636887,3874918,1174440,3061796,881116,5419798,0,2376575,0,927555,418880,423660,0,0
343,000890,2018-03-20,0.017595307917888547,0.007331378299120228,0.19602181856266024,10984.0,76455.45290030626,1212,21705498,17558386,1016401,1076163,5420993,4978010,3390452,3337745,3270935,3550352,3509715,638849,2113649,1051472,933539,0,2049814,2925795
344,000892,2018-03-20,-0.0013054830287205776,-0.0026109660574412663,0.31416324296860376,3072.0,52308.97764976174,594,6215411,3055189,871202,465030,1184224,1171579,933037,718519,402010,430722,0,269339,721318,0,462378,0,1641242,0
345,000893,2018-03-20,0.008896797153024938,0.001779359430605032,0.18285090438603757,11220.0,164702.6008827791,945,20666802,12386221,878978,676431,4305852,3859674,3271384,2898378,2999540,2775394,2054479,1280988,681529,0,0,895356,6475040,0
346,000895,2018-03-20,0.008629989212513456,0.001797914419273683,0.576801340375171,16734.0,91917.21769491099,2326,53006535,57670799,1325924,2627157,7537932,11849176,13118414,10320488,13472987,13071252,5510411,8097549,3475229,3106550,1768814,3123189,6796824,5475438
347,000897,2018-03-20,0.0,0.0,0.12395814377656532,6137.0,53938.44845623534,688,7375869,5628822,886919,652461,2290525,1848856,1302356,845243,748989,655260,0,234975,667736,665275,943164,0,536180,726752
348,000898,2018-03-20,0.015723270440251458,0.012578616352201255,0.1419956666148395,13169.0,157819.8202494007,2010,49524817,66510815,1141247,1592429,6707899,10057144,6579184,6990617,7049716,8014685,5557626,4967369,4410920,9744408,3002978,6244190,15075247,18899973
349,000899,2018-03-20,0.0019646365422396617,0.0019646365422396617,0.29009869640841845,10200.0,110915.11318566841,307,6008736,4960835,214096,301934,1166964,1273117,1068603,737399,857153,619512,992556,1233853,0,795020,0,0,1709364,0
350,000901,2018-03-20,0.019230769230769162,0.009861932938856066,0.5339478448956416,20440.0,113747.77553657859,1443,40163286,39637194,878581,872658,7175170,7810713,5427206,5374087,6905981,6293705,5752649,6455213,1770861,2279851,3995647,3474126,8257191,7076841
351,000902,2018-03-20,0.006829268292682933,-0.011707317073170631,0.3379082681163744,6087.0,43630.621498090695,922,8173570,9622097,1427101,805612,2241448,3070469,2163905,2392578,822885,1337669,203643,837958,303000,661685,439928,0,571660,516126
352,000903,2018-03-20,0.0,0.0031347962382446415,0.11094800567860531,7632.0,81846.25729771533,828,12398455,9557617,995692,747218,3168192,2582606,1969306,1768019,2628523,1031701,1348074,744241,704619,0,0,0,1584049,2683832
353,000905,2018-03-20,-0.008754863813229541,-0.0038910505836574627,0.42082266911550004,11176.0,48524.920343042104,596,10539211,6559365,371686,499236,2604426,2752870,2644521,1045534,3575694,1365523,463533,426542,312526,0,0,469660,566825,0
354,000906,2018-03-20,0.0012690355329949554,0.002538071065989911,0.4064636870482883,11925.0,44228.03799284897,375,5957336,4711460,452808,336715,1717235,1782390,1253917,1364458,1207586,989997,678052,237900,647738,0,0,0,0,0
355,000908,2018-03-20,0.010582010582010692,0.029982363315696592,0.1809573967211639,11647.0,122718.23980279759,983,15552824,26112435,676529,911776,2891991,4628928,2927146,3881371,5071220,4750568,2018247,2489871,334075,687700,458616,0,1175000,8762221
356,000909,2018-03-20,0.0018518518518517713,0.012962962962962843,0.2598298895802064,17424.0,95554.09424807254,1730,39947442,29860840,1410440,1174109,9726140,7804047,8768394,6161424,8606930,5631629,5154669,4135857,2751051,0,875509,404390,2654309,4549384
357,000910,2018-03-20,-0.0013422818791947178,-0.0031319910514541194,0.5960070686667926,15515.5,95436.22052311544,1406,37651207,22358712,1528157,712344,7933001,4613694,5879241,6015256,5470413,5838294,5419912,789962,3468828,1061494,1806404,445818,6145251,2881850
358,000911,2018-03-20,-0.008974358974358942,-0.0038461538461538325,0.286061209119249,7800.0,56141.94111968183,743,11427648,5654803,954174,756243,3181025,2748743,1880756,1208095,1975146,708322,939509,233400,0,0,407330,0,2089708,0
359,000913,2018-03-20,0.0029359953024072905,0.004110393423370606,0.6825859750093263,13760.0,121660.6334836854,622,13654283,7475353,486068,628790,3361279,2763454,2212922,1476029,2021762,2149744,557775,457336,337400,0,0,0,4677077,0
360,000915,2018-03-20,0.050304259634888604,0.04868154158215021,0.5080673817740292,32630.0,149326.39522895036,2355,77864801,112172569,741844,1653874,8535501,12683175,10196125,15250226,17484862,21255537,10903541,15483225,9349805,10847511,3529284,7954083,17123839,27044938
361,000917,2018-03-20,0.014580801944106936,0.004860267314702238,0.17893479899699252,28805.0,222941.36978105595,2118,102222998,88599830,1286748,1586706,9422690,9458942,11291645,10889286,15712013,17387484,15103662,10643768,5905668,7935895,5616482,7125806,37884090,23571943
362,000918,2018-03-20,-0.004267425320056972,-0.005689900426742556,0.29327175762981855,11152.0,59858.76031321893,574,10134012,7501029,415656,609308,2338357,2531259,2198905,1954204,2528242,920075,1540429,0,659561,357124,452862,422059,0,707000
363,000919,2018-03-20,0.030229746070133068,0.0386940749697704,0.24591743191091395,16780.0,87619.7304761904,1131,18632708,32490819,1110665,987887,4886030,5469433,4314527,5818125,4583945,5786724,2535175,3454060,306585,2103487,895781,2234339,0,6636764
364,000920,2018-03-20,0.031137724550898138,0.03592814371257491,0.2810793855107948,17420.0,73304.86668686765,883,14818629,20918935,628130,758527,3551829,5313910,3608343,3912446,3802639,3311728,2419763,2745548,359050,1393318,448875,1750973,0,1732485
365,000921,2018-03-20,0.0022831050228309113,0.0022831050228309113,0.36580551816883394,6550.0,50893.69538146001,1290,14957551,11170698,1289323,1596808,4814447,3631445,2374491,2061087,2600214,2247293,291684,1253875,1141888,380190,878304,0,1567200,0
366,000922,2018-03-20,0.0,0.0013315579227695107,0.24657232551981037,14661.5,64983.658985994996,928,20567608,12754227,845269,848784,4667265,3649417,4513621,3062450,4388238,2667068,1982480,698426,2123840,0,453568,1304112,1593327,523970
367,000923,2018-03-20,0.031852848811126044,0.037236428891879836,0.5139068003438236,24211.0,100690.40146993886,1882,49966755,50013602,906261,1215307,10330179,9715414,9927083,8944649,10886807,11560282,6190289,7460086,2805516,3527316,3110519,1775731,5810101,5814817
368,000925,2018-03-20,0.008561643835616417,0.0008561643835616195,0.43551040489538634,11710.0,43146.32294484642,719,11590386,8990866,363409,712016,2880676,3490266,2837428,2712631,3912913,1398375,1143560,677578,0,0,452400,0,0,0
369,000926,2018-03-20,0.002862595419847347,0.0,0.2644031613618255,4192.0,84084.91978972529,1571,27268930,12759498,3922902,751176,4421078,2455631,3473682,1740950,4401197,1585047,2179043,1145464,1338324,1102552,942152,423796,6590552,3554882
370,000927,2018-03-20,-0.02102803738317749,-0.01869158878504673,0.13059773202327818,10959.0,126897.70759831957,1076,23748379,20920695,886800,1029337,3942858,4957653,3204154,4193780,3389941,4308759,3622659,2500502,1073208,664446,945699,858146,6683060,2408072
371,000928,2018-03-20,0.00339558573853993,0.00339558573853993,0.17970417226507399,13639.0,123330.86453582428,1075,26517269,19218738,720496,1050371,6402318,4579632,3516066,2873394,3777359,3213059,2374273,2030357,1701655,1789021,413000,485570,7612102,3197334
372,000929,2018-03-20,0.019562715765247374,0.018411967779056404,0.3422969571142264,8880.0,32258.807714033323,644,5592741,7365386,519303,925447,2536339,3493590,976773,1579046,994653,912158,215600,455145,350073,0,0,0,0,0
373,000931,2018-03-20,0.01371951219512213,0.0167682926829269,0.21915790338955213,9877.5,44137.72051653208,896,13415305,9924572,882896,943018,3944371,3474936,2671573,2595588,3848218,2106450,1207943,456244,361956,348336,498348,0,0,0
374,000932,2018-03-20,0.02716049382716057,0.022222222222222143,0.15678348922399962,23197.5,238488.39676053936,2674,119110099,136961298,2390228,1887092,10321367,10113956,12082917,12672616,19076967,20187260,9126982,14897730,11924788,13103188,10648841,8414403,43538009,55685053
375,000933,2018-03-20,0.0,0.0,0.16399411049394358,26160.0,154485.05438793823,2504,102108104,88166112,1428024,1932528,11096093,12498660,12104714,13406639,18709342,21911186,12762353,10696213,9300073,8180335,8724087,5816266,27983418,13724285
376,000935,2018-03-20,0.03705692803437155,0.03490870032223414,0.3431474577736239,40656.0,236278.7100351263,2950,133605591,174256886,1411631,1575336,13354839,14134718,18858117,16909944,24813575,29946061,14764361,20892747,12890696,13782473,6123645,10585162,41388727,66430445
377,000936,2018-03-20,-0.002564102564102555,-0.012820512820512775,0.1450905636510403,31365.0,172193.6746936437,2897,127805787,106859750,1867944,1682385,14036219,11779175,16996573,17368898,25602900,21341453,14786798,15995913,11208236,10747600,9376051,6763354,33931066,21180972
378,000937,2018-03-20,0.009242144177449063,0.009242144177449063,0.12634765438328113,9792.0,63152.4253275862,1837,19347129,21312826,2071558,1516604,5758554,6132941,2887096,4997010,3020654,2449836,1685200,980399,997290,300840,0,441976,2926777,4493220
379,000938,2018-03-20,0.00044117647058827814,-0.0019117647058822795,1.528663293935786,40554.0,172424.73973443836,1979,85964183,92142877,837296,1010499,8025150,10719200,11779096,12285179,19032090,19531933,11421792,15262429,6923073,10108592,5382081,5729073,22563605,17495972
380,000948,2018-03-20,0.009250693802035137,0.011100832562442209,0.2949133557000573,14040.0,71793.91317302479,1345,29143305,19620560,1060978,1065446,7000149,5322488,6405360,4744502,5184345,3576534,2750008,1831742,2704741,1947965,907758,436800,3129966,695083
381,000949,2018-03-20,-0.01243781094527352,-0.004975124378109319,0.21344101885709374,3990.0,32023.151984438522,354,4091141,1811529,333094,281499,1056070,925560,1299585,604470,959792,0,442600,0,0,0,0,0,0,0
382,000951,2018-03-20,0.018122977346278324,0.020064724919093946,0.3904298917760727,6280.0,47488.979065226005,1566,12123277,19622365,1109809,3194578,3779550,5655842,2369803,2884894,2850266,3459092,756580,1857505,765940,0,491329,1315384,0,1255070
383,000952,2018-03-20,0.028571428571428692,0.03142857142857136,0.47280868505915574,14380.0,93126.78777189374,877,16490223,22692057,734587,725380,4093969,4172433,2341309,2700991,2792597,4043454,1872955,4809472,1000280,2089169,434100,960687,3220426,3190471
384,000953,2018-03-20,0.031615925058548155,0.025761124121779888,0.25972345455163137,13095.0,52987.72084882842,1083,15118381,16180164,1286458,1046470,4979906,5440017,3696088,3461329,2751354,3389456,560951,1411858,643692,757304,0,0,1199932,673730
385,000955,2018-03-20,0.012441679626749691,0.017107309486780853,0.23500218747406787,7062.0,90032.409813353,749,11651519,10256693,808728,793090,3082942,2218879,1833899,2301054,997974,1756099,477198,0,995097,0,0,0,3455681,3187571
386,000957,2018-03-20,-0.014939309056956174,-0.020541549953314697,0.23413678854092632,21200.0,111818.86216013266,2095,65888987,47782390,1276755,1128655,11120153,10253244,9213416,9348058,15263118,12385884,8058869,5105262,5166266,2746273,1729108,1281364,14061302,5533650
387,000958,2018-03-20,0.027956989247311714,0.02580645161290307,0.1462286668918972,11244.0,84068.4484679865,1012,15276783,22991273,1084414,935364,3907148,4439567,3042887,3457126,3230881,4056181,1471326,1827383,2540127,1357170,0,1333869,0,5584613
388,000959,2018-03-20,0.007575757575757569,0.009469696969697017,0.13665775123148455,2675.0,36359.62920756617,1496,8470412,10876005,1272803,1777899,2771108,2737067,1788357,1805481,1316769,1839812,1000975,997854,320400,641232,0,0,0,1076660
389,000960,2018-03-20,-0.002797202797202858,-0.00909090909090915,0.27746484715092395,28630.0,216264.7094379392,2658,152198457,94717873,2399090,1291098,10750563,10791325,14489760,12929228,25047262,20408706,17361897,12505155,14804609,6103751,9911698,10142124,57433578,20546486
390,000961,2018-03-20,0.009985734664764712,0.007132667617689048,0.1725939017448861,9898.0,152047.95506691057,1653,45046074,35896505,2539754,1173167,6444576,5132128,4256963,6540237,6176677,5315781,5702356,2812822,4159644,4232549,1325090,853556,14441014,9836265
391,000965,2018-03-20,0.001814882032667775,0.003629764065335772,0.18275925012072985,9864.0,65038.650158033284,909,17886147,11823536,1007099,788671,3562167,2899588,2519436,2774492,4078429,2833223,3093931,1385284,999355,633406,892190,0,1733540,508872
392,000966,2018-03-20,0.02346041055718473,0.014662756598240456,0.16102820903169135,10365.0,82062.61357438895,448,7362339,7984115,351661,355287,1744410,1949255,968886,1618979,1415204,1979584,763102,1089284,690776,0,0,0,1428300,991726
393,000967,2018-03-20,-0.022556390977443663,-0.022556390977443663,0.3150833428695847,11018.0,111329.45923669926,641,20023984,7491768,489331,729760,2301206,2397341,2701158,1268632,3726908,2134966,2407223,229712,2705142,0,1378502,0,4314514,731357
394,000968,2018-03-20,-0.0030030030030030463,-0.01726726726726735,0.3967371305523223,6490.0,45566.8105430528,1128,11101834,9967299,851739,1597104,3400627,3054230,3010694,2013356,1963728,1261683,517014,268686,703032,722912,0,0,655000,1049328
395,000969,2018-03-20,0.04020752269779493,0.03242542153048,0.21178836299428522,12464.0,83019.8703669563,1326,20670828,30739609,936805,1109537,6122919,5913607,5105727,4361178,4642166,5031934,1936943,3983759,331098,3094867,0,1315368,1595170,5929359
396,000970,2018-03-20,0.0031372549019608176,0.0031372549019608176,0.2546399243296796,29440.0,158060.15752111873,2509,102820629,87696103,1154401,1289324,11587411,12062328,14387567,13988763,22476447,18959420,9997607,11810783,11889904,6816922,3984614,4505228,27342678,18263335
397,000971,2018-03-20,0.05301794453507336,0.005709624796084833,0.35318789439196313,12240.0,65616.3778773372,1205,19239779,19409834,864195,1373798,5216273,5454495,3490968,3804195,3854261,4961063,962806,1262300,2026720,2046398,0,0,2824556,507585
398,000972,2018-03-20,0.03990024937655856,0.02493765586034935,0.14533395288294607,10300.0,81089.20247605404,762,12238192,15031471,717287,672235,2817159,3221304,2700136,2138734,2931688,2881995,664483,1085286,665439,1005286,829000,1249123,913000,2777508
399,000973,2018-03-20,-0.009380863039399556,-0.007504690431519689,0.15737702905365794,11704.0,71356.29034774864,1148,25163285,16423803,774906,1035162,5109632,4797273,3996345,3433166,6335490,1513124,3117186,2217059,2781923,3018541,456860,409478,2590943,0
400,000975,2018-03-20,0.014316392269148048,0.014316392269148048,0.37965931155271465,6975.0,89225.02618317334,1355,21895326,21335674,1137683,2153567,2974919,3186044,5492053,2916200,2646293,2712954,3067149,3217737,381682,1027810,859764,2168861,5335783,3952501
401,000976,2018-03-20,-0.001179245283018826,0.0,0.3618491661751465,3388.0,87999.80383067424,549,6400080,9777882,1248145,176724,1115087,334855,598165,796322,1058214,1767902,271245,2087830,0,1734490,0,2216623,2109224,663136
402,000977,2018-03-20,0.05378391242265579,0.04474059971442168,0.35937623898731463,139854.0,890569.2666156235,3424,557738500,644814771,457968,321282,10153527,7990227,18521830,15708503,40134203,44525629,45704811,46232308,34327973,38747591,33126174,38365381,375312014,452923850
