,code,date,pchange_whole,pchange,change_std,amount_median,amount_std,length,sumsell,sumbuy,sell_vol_0,buy_vol_0,sell_vol_1,buy_vol_1,sell_vol_2,buy_vol_2,sell_vol_3,buy_vol_3,sell_vol_4,buy_vol_4,sell_vol_5,buy_vol_5,sell_vol_6,buy_vol_6,sell_vol_7,buy_vol_7
0,000001,2018-03-23,0.008000000000000007,-0.01777777777777767,0.18807076083474722,130963.0,948931.7678406046,3585,790249708,586809377,614420,305992,11986288,8307535,23439126,18100061,53884387,43779470,51601192,39261894,26253040,36135720,30656018,31394944,591815237,409523761
1,000002,2018-03-23,0.03497668221185868,0.00033311125916068995,0.5078184868390251,124332.5,654836.9319838402,3498,518109613,498693758,606622,554308,10823599,7799000,26933068,17183219,58405434,39800834,46675508,36342999,34925228,34866137,25574896,32292400,314165258,329854861
2,000004,2018-03-23,0.023657870791628843,-0.015468607825295688,1.1317238903920297,11030.0,39851.978920173875,379,3830078,4400630,351191,300159,1832510,1748545,721258,1137236,481499,673190,443620,0,0,0,0,0,0,541500
3,000005,2018-03-23,-0.03684210526315779,-0.023684210526315752,0.11771479852511661,7480.0,63106.39719781477,1045,12304480,8782421,1032978,1079075,3978288,3639602,1237355,1506763,3049255,1584449,533042,216132,378114,346560,457216,409840,1638232,0
4,000006,2018-03-23,-0.04521276595744683,-0.03856382978723394,0.14655741001903996,26740.0,220117.5221322096,2642,120835761,97199218,1767079,1819451,11445846,12406035,14165143,14220573,21256838,15854790,13928135,13097379,10991871,6215440,7996576,4020693,39284273,29564857
5,000007,2018-03-23,0.0,-0.0014705882352941124,0.3581685209610895,16584.0,76945.86180497133,1445,26449763,25090011,1155661,887270,7305499,8376233,5673397,4973380,6374056,5330911,3420488,1338327,0,1399184,488733,841266,2031929,1943440
6,000008,2018-03-23,0.0071428571428571175,-0.017142857142857126,0.14542757295507655,8424.0,110714.5197148356,2325,55595931,33003109,6132090,1131507,9958573,4947309,5331027,4555876,6020409,3593412,4841337,3172724,5942347,3421818,2747673,1768132,14622475,10412331
7,000009,2018-03-23,-0.02833333333333332,-0.023333333333333317,0.12441091830161975,18150.0,193719.67832504757,2332,78035702,65850260,1535631,1945394,10335390,10959010,11017444,10323731,12017714,10229294,9721382,4760550,7074605,6643607,2701954,3461061,23631582,17527613
8,000010,2018-03-23,-0.05555555555555558,-0.039999999999999925,0.1263032293959126,6645.0,53331.02003856908,1273,15188241,12110739,1125437,1583111,4688328,4106094,2779708,2760762,2902359,1120174,1625737,1003717,0,1112981,899350,423900,1167322,0
9,000011,2018-03-23,-0.018377693282636165,-0.017743979721166037,0.36259849022125784,22694.0,95064.6146328341,1899,53207671,50054712,1371954,1398356,10115181,8672498,10510728,8697211,13424867,9912486,4812412,5411763,5902496,3711593,5002856,2684633,2067177,9566172
10,000012,2018-03-23,-0.03200000000000003,-0.029333333333333322,0.15362457113107086,14041.0,147821.99227819865,2389,69625412,46380824,1348243,2668230,7901290,11429688,9518875,11110497,11649460,7885718,5369624,4677872,8656642,2852887,4070033,1300204,21111245,4455728
11,000014,2018-03-23,-0.005555555555555647,-0.009259259259259411,0.24869794195511463,20331.0,140026.45385147637,1904,53514117,48452027,1286223,1316085,9319967,8485522,8250906,8302020,10658541,13513323,5395484,6120964,2400002,4769582,2620618,1352178,13582376,4592353
12,000016,2018-03-23,-0.029230769230769282,-0.029230769230769282,0.15943888228159075,20429.0,163331.33727412223,1669,69933801,53964786,1096971,1357291,6302063,7097910,7444115,7042106,11923323,8261430,9178525,6164520,6275680,5118996,3917099,2590440,23796025,16332093
13,000017,2018-03-23,-0.018932874354561036,0.001721170395869276,0.16857822830496613,11960.0,76509.01058539789,1194,22203115,20812542,929148,1109569,5799495,3987203,4298528,2927235,4821019,3747556,2936982,2652314,1041299,2304675,1291099,925404,1085545,3158586
14,000018,2018-03-23,-0.011666666666666714,-0.011666666666666714,0.13462964123656943,16307.0,156842.6971491044,1990,64925234,41187322,1590543,1535831,10750886,8055598,9164190,6226499,11385723,6007991,5599289,2914864,5120171,3724682,3135023,1329903,18179409,11391954
15,000020,2018-03-23,-0.08893154190658992,-0.07549584133077425,0.3758737702052199,18216.0,134384.2823386615,1740,49654967,42064334,1219642,1345661,9317170,6463854,7972513,5804512,10247578,9334845,4898389,5604097,4489207,3982457,405520,3106050,11104948,6422858
16,000021,2018-03-23,-0.07390300230946889,-0.06928406466512693,0.1578415066629514,30127.5,171416.2173717293,3018,130893944,102863620,1598170,2134150,12516008,15103794,17950691,18708439,25587479,21522847,17026567,11626117,11796265,9813150,7786716,5329325,36632048,18625798
17,000023,2018-03-23,0.0011111111111110628,0.019444444444444597,0.5118895359485504,14480.0,63481.17610178514,1243,22634218,19542239,1320413,942406,5322929,4827771,6321419,4808329,3796757,4481520,1978474,2735678,1006868,1004935,412734,0,2474624,741600
18,000025,2018-03-23,-0.07194805194805198,-0.061038961038961115,0.7434080547677069,30824.0,144098.60882046382,2694,98186242,83270643,1016018,1724959,13862511,13298937,17574043,16073200,24476290,14766618,11584887,10771565,8304148,7455286,4104767,6605703,17263578,12574375
19,000026,2018-03-23,0.015841584158415856,0.016831683168316847,0.2522909174721628,17850.0,97532.77479281535,1605,43799330,36715844,1102508,966080,7467361,6444589,7130441,5285366,10810165,7953116,5187067,3682627,4568226,3725676,850807,2085480,6682755,6572910
20,000027,2018-03-23,-0.019130434782608785,-0.024347826086956514,0.15718373448522943,9016.0,83084.45175358096,1340,26070037,15616247,903705,1499018,4304617,4842445,3644544,2706012,5758466,2853528,2505120,1085784,1020536,324274,1363142,0,6569907,2305186
21,000028,2018-03-23,-0.040000000000000036,-0.04389830508474579,1.5261160119314563,23036.0,110144.22033749358,1499,47151391,32818864,906642,699733,8211554,7369477,6768511,6361561,9484815,6178430,4503907,3884869,5049236,2724787,2712310,1375483,9514416,4224524
22,000030,2018-03-23,-0.030985915492957705,-0.04929577464788726,0.18304557957361797,4236.0,48312.389836796145,1507,19305255,10695864,1439689,1802505,4134354,3871549,4111013,2130725,4432325,1608178,1914550,857495,1325980,0,0,425412,1947344,0
23,000032,2018-03-23,-0.03938520653218058,-0.0451488952929876,0.23076464697246823,21020.0,115928.90712732253,2048,61125334,49026840,1291171,1200447,10010279,9562611,9476471,8443280,15503018,9262096,9206852,5208846,3822217,2358994,4072762,2622957,7742564,10367609
24,000036,2018-03-23,-0.05202312138728338,-0.05086705202312136,0.2055154374972929,18081.0,146557.4534160668,1773,63167214,40867371,1291078,1506687,9072375,7818539,11205841,5877122,12762667,6850436,5216616,3487919,4892822,2663917,1784390,1359154,16941425,11303597
25,000037,2018-03-23,-0.04431314623338256,-0.04283604135893637,0.21444341272846054,10425.0,68766.23076414752,1003,17317667,11564182,936006,941621,5169812,3758231,3688089,2047567,3565470,1064285,1471962,512962,1328765,661552,429111,0,728452,2577964
26,000039,2018-03-23,-0.05823529411764694,-0.05882352941176472,0.29700558271645955,46732.0,363517.28818263137,3284,265450885,205052941,1705635,1105672,14640206,13735532,21834492,18661399,35189660,29504932,22638798,23011201,20697009,17324671,13596273,11304973,135148812,90404561
27,000040,2018-03-23,-0.05094494658997528,-0.055053410024650806,0.3468935830268474,4748.0,65240.249349359045,1239,15427774,10198976,1609017,932601,4213354,2269320,3626805,1391999,3443667,1179799,1622963,279180,351226,1726205,0,0,560742,2419872
28,000042,2018-03-23,0.00694444444444442,0.005555555555555536,0.5815282534410808,8562.0,57625.050632081875,614,9583765,8748612,773007,349854,2603146,2350809,1394346,2229558,2064579,1693601,1484057,950021,666890,314704,0,860065,597740,0
29,000043,2018-03-23,-0.01876379690949226,-0.01876379690949226,0.3017147616707579,15291.5,106407.42067100853,902,28496713,13340740,933893,594497,4865738,3225043,4707460,3521105,5230733,1774043,2667331,1801701,671432,0,2292453,471897,7127673,1952454
30,000045,2018-03-23,0.10726256983240234,0.09608938547486057,0.17062314810982657,45540.0,489690.6095051901,2766,254999825,131239579,1406647,1105729,14670175,9202105,17885636,14325443,34883327,23286767,22596206,13915904,19536755,10290532,17305008,5362483,126716071,53750616
31,000048,2018-03-23,0.028522775649212573,0.02171136653895278,1.01649899852016,16688.0,80203.49294214667,535,9048109,8799148,371752,511381,2802921,3106722,1449617,1843152,1976795,1042393,0,202725,365550,624480,479346,460000,1602128,1008295
32,000049,2018-03-23,-0.03975903614457843,-0.03554216867469884,0.7363894915651317,19824.0,125577.29883283914,2034,55194167,50232255,1365411,2342397,9314288,10728843,9911056,9412789,13957506,9241524,7604760,4137858,2982603,2640105,2216890,1824942,7841653,9903797
33,000050,2018-03-23,-0.024707412223667125,-0.020806241872561748,0.2866705369814258,37900.0,217274.99889127907,2883,150937839,127644874,1117393,1424954,12654443,14816972,17063888,17765743,25614430,26131291,18799334,13690418,15836883,12398262,10691198,6636029,49160270,34781205
34,000055,2018-03-23,-0.05882352941176472,-0.05080213903743325,0.16631964804448712,17066.0,114501.37676897015,2027,56471670,37324271,1528641,1785578,10489854,9332426,9253531,8434647,12499510,6685728,6775331,3221497,3186424,2511596,3103285,495060,9635094,4857739
35,000058,2018-03-23,-0.020061728395061817,-0.015432098765432167,0.18465396040490223,12369.0,56807.597997510835,1237,22156235,13201475,1347145,980014,6852617,4294401,4605402,2101847,4507704,2802268,1495062,1349678,1929538,991571,0,0,1418767,681696
36,000059,2018-03-23,-0.02903225806451626,-0.04408602150537633,0.2085684920812783,27599.0,221544.8950982786,1992,117817804,69434666,1047294,1994860,8005251,10112919,8954544,10101291,16466621,13975086,11531069,7150296,10104465,6245146,6213849,6783417,55494711,13071651
37,000060,2018-03-23,-0.043203371970495286,-0.05900948366701797,0.16928555167387,50597.0,338668.31881463,3149,252527690,201224337,935714,1585316,11073636,16458339,14602610,24386247,32956930,33254082,22924860,24586985,16495000,18609126,19513925,13718369,134025015,68625873
38,000061,2018-03-23,0.033045977011494365,0.03591954022988508,0.1577612470618775,18392.0,235625.37302416618,1956,71982119,60197562,1311674,1910875,7453671,8719116,9312732,7991580,10784372,11418442,6039438,5327785,3901750,4689357,3971725,2305805,29206757,17834602
39,000062,2018-03-23,-0.054177215189873396,-0.04506329113924057,0.46237294426876063,13937.0,98019.95183814272,1828,46729482,31731972,1468304,2114804,7814112,7839782,7538977,5658909,8393184,5560447,4357029,4390522,4871409,980705,859378,3151486,11427089,2035317
40,000063,2018-03-23,-0.013265306122448917,-0.017687074829931926,0.4913756396603392,303368.0,2620969.8353704037,3583,1189780322,1151711516,122063,134013,4335190,4170237,15114318,11305800,43622480,42114604,52620931,44147918,55343991,49056210,60092120,46029902,958529229,954752832
41,000065,2018-03-23,-0.03236994219653189,-0.005780346820809301,0.3329540642902071,29869.0,146904.35257491004,2707,97492823,92205784,1625019,1121282,16779444,10773465,16064847,14723844,23394081,22071565,12377885,10023525,7369276,10595561,4387766,4753943,15494505,18142599
42,000066,2018-03-23,-0.036465638148667545,-0.030855539971949453,0.13344781712090537,38719.0,306899.57700696297,2864,193619497,150632022,1166260,1599940,13210009,11492201,16355146,17498028,26013236,26007824,17213445,17587809,20055803,17876142,16464365,7905819,83141233,50664259
43,000068,2018-03-23,-0.05518763796909487,-0.0596026490066226,0.15175228067980592,5850.0,81620.1996182672,893,17094379,9423794,849611,627421,3723426,2541349,2682662,1610064,3231253,1730012,1384892,1534198,1112142,0,442000,861000,3668393,519750
44,000069,2018-03-23,0.014962593516209655,-0.03117206982543641,0.13797605191045717,33889.0,264994.99028356146,3388,229041655,106218682,2929945,1104797,18209134,9807026,29027452,15124228,32135871,19075829,17441538,10838571,17208319,8622451,21313843,9441374,90775553,32204406
45,000070,2018-03-23,-0.04175824175824161,-0.036263736263736246,0.22700905216999256,14583.5,82035.55713362385,1616,39585531,21714227,1764860,1392857,8691520,6959745,7706941,5311812,6886947,3641244,3575845,1985503,3396710,1295576,2698372,0,4864336,1127490
46,000078,2018-03-23,-0.026890756302521024,-0.04201680672268904,0.1225916148752565,13024.0,125529.50799429952,2364,69111718,55005041,1842268,1833079,10024805,9695054,8138559,7298158,13777060,8047679,8725736,9314921,6770993,6082451,3029061,6324981,16803236,6408718
47,000088,2018-03-23,-0.028169014084506894,-0.012676056338028152,0.1853088456401341,10087.0,67227.94361449005,1470,29764660,17685988,1283862,1464607,6882082,4298017,6071715,4052082,6409270,4476227,3640329,2053005,1360308,699500,422676,0,3694418,642550
48,000089,2018-03-23,-0.007334963325183463,-0.003667481662591565,0.204945489086057,9025.5,105659.79730684297,1594,26915264,28882925,1029413,2343936,4506629,6914397,4678374,4977384,4898035,4868426,2744709,3350689,2335716,1016463,2728928,835260,3993460,4576370
49,000090,2018-03-23,-0.015789473684210575,-0.019999999999999907,0.22333731891306646,8545.5,112102.53165144904,1814,38753135,26390892,2036751,1564177,6753572,5656600,6688255,4058932,5270978,4604996,3970557,2652832,2450516,776684,489840,2725105,11092666,4351566
50,000096,2018-03-23,-0.00390625,-0.05703124999999998,0.5795945540352503,8606.5,37926.31458547037,488,6035004,3940219,423462,665070,1856201,1705552,731866,860127,1733634,709470,911841,0,378000,0,0,0,0,0
51,000099,2018-03-23,-0.020531400966183555,-0.048309178743961345,0.1764973763701604,14228.0,73776.8581688471,2212,46862218,33881276,2054271,1574231,11101304,8512202,10664634,7451504,9837670,6343072,3979725,3420658,3689978,2436525,872362,1759299,4662274,2383785
52,000100,2018-03-23,-0.0028571428571427804,-0.040000000000000036,0.059880567064502156,50544.0,524608.0646702689,3455,305589668,332176483,768144,1624456,10112304,21941465,12903921,29508573,26946237,43109524,21009449,27719597,11716631,20474443,16789473,16006679,205343509,171791746
53,000150,2018-03-23,0.010335917312661591,-0.021779254337393916,1.2907677738138417,5397.0,18977.727090775006,442,3025884,2523753,563716,486365,1543478,1254343,415690,628997,503000,154048,0,0,0,0,0,0,0,0
54,000151,2018-03-23,-0.04336734693877553,-0.03214285714285725,0.33280348290149414,126060.0,890924.1100014123,3501,524958510,562126272,425788,695531,9813502,9492003,17023647,20900675,41429692,44561697,39079742,39316317,28527410,33831250,33371045,41096824,355287684,372231975
55,000153,2018-03-23,-0.02454780361757114,-0.029715762273901825,0.23967426193684235,10231.0,39547.68473201226,1044,13559001,11282990,1130099,1156378,5382190,4049023,3365146,2821307,1565497,2396696,1059407,467586,1056662,392000,0,0,0,0
56,000155,2018-03-23,-0.048120300751879785,-0.03759398496240607,0.13673184207927955,30546.5,198840.3565762146,2374,118790707,84344034,1240083,1522324,11335017,10171621,12362925,13218294,19959824,17553592,17094274,10984382,10498842,7465383,7466126,4403946,38833616,19024492
57,000157,2018-03-23,0.016867469879517927,-0.024096385542168752,0.08117357665375032,17845.0,212706.52241381156,2630,90726539,76958470,1596550,2399449,10619952,13964231,9562208,11256183,13542553,15370747,7053346,9382928,4953286,4820941,7521041,2122453,35877603,17641538
58,000158,2018-03-23,-0.04089709762532989,-0.03034300791556732,0.168297311297875,18786.0,137336.0153271886,2039,61503608,40305327,1555312,1878215,10467597,9034246,8507154,10444984,12724174,8971728,5225027,3514415,5085101,2098276,1695551,465750,16243692,3897713
59,000159,2018-03-23,-0.047826086956521685,-0.04565217391304344,0.14762418993281484,7992.0,38309.644598162355,973,14206442,6535650,1072184,867322,5083829,2906400,3219153,1355795,3271032,582114,886635,470279,673609,353740,0,0,0,0
60,000166,2018-03-23,0.0040567951318459805,-0.03448275862068961,0.0976518885180141,20454.0,173738.76980570273,2559,85365445,78329505,1258772,2442656,9982474,14431918,10813513,14695467,13580597,16277872,11286871,9197368,2745533,5152612,3727393,1258168,31970292,14873444
61,000301,2018-03-23,-0.05205047318611988,-0.06466876971608837,0.14707745672963676,18480.0,223098.36347748703,1864,72372856,47636038,1020723,1734383,7483358,8039820,8845168,8999483,11919606,8200327,7738381,4108682,10407397,4277395,8051209,1291237,16907014,10984711
62,000333,2018-03-23,0.028153564899451533,-0.012797074954296161,0.9166599715170802,256150.0,1299469.3071007926,3563,1024571353,1007626965,170759,100276,5893143,5310786,15056599,16080729,40025123,42597465,48954641,49439929,46293256,50554408,50429301,36179599,817748531,807363773
63,000338,2018-03-23,0.02709677419354839,-0.01935483870967747,0.13348278863422586,48422.0,338208.4652563289,3383,259716583,213482525,1695960,1046339,14642288,14574577,21619355,21093229,38416652,32039487,24903790,22199693,16179092,18294434,13839064,14270425,128420382,89964341
64,000400,2018-03-23,-0.025020177562550483,-0.030669895076674836,0.24024500950285327,24280.0,206013.5226765185,2665,110259780,85865187,1740725,1597731,12832689,12878656,14420322,11003988,20100251,14891624,11313016,12203207,5877438,8997101,5479386,5308377,38495953,18984503
65,000401,2018-03-23,-0.03831705484598047,-0.0323065364387678,0.23443742654474845,61502.0,303774.9393847116,3228,240394495,213822838,739080,1211103,12582745,14647576,21108478,21836819,40532200,35387603,31613548,33694087,16827956,23060680,18436188,16441122,98554300,67543848
66,000402,2018-03-23,-0.005091649694501044,-0.028513238289205822,0.20688079420406896,15680.0,119930.72455441354,2255,74210122,46929570,2184762,1870678,10131839,9186758,12238438,7576234,14366285,7860184,9034658,4708562,4844116,4652442,6305780,3039937,15104244,8034775
67,000403,2018-03-23,-0.03333333333333344,-0.032352941176470695,1.5712562994719215,18072.0,70950.7367948436,379,10096411,6638303,263539,318173,1742822,1767916,2211505,1601622,2032558,1080897,2361916,1269695,629991,0,854080,0,0,600000
68,000404,2018-03-23,-0.028268551236749095,-0.030035335689045928,0.16963641287166023,11373.5,104269.04646253465,1118,26607895,18016072,825773,980702,5037247,3468916,5293906,3999200,4641938,3960431,2947335,2762955,2323868,1351339,0,860307,5537828,632222
69,000407,2018-03-23,-0.06935483870967751,-0.05161290322580647,0.17917372201450077,10854.0,57137.02683723998,1199,22400980,14320552,836840,1200920,4834075,4912199,5088123,3985556,6027081,2572231,2918986,699706,301101,0,441650,949940,1953124,0
70,000408,2018-03-23,-0.05644644002565746,-0.051956382296343806,0.44597242154849226,16874.0,110005.00463668378,1223,38703488,28287654,746130,1077493,6259959,5199559,5627219,3935896,9227524,6205660,4333633,3496667,2811229,3256861,1431250,1354503,8266544,3761015
71,000409,2018-03-23,0.021505376344086002,0.01971326164874565,0.14779924429529354,14937.0,70934.70003321274,1432,28358671,27525428,996916,1122013,5810046,6615594,6175374,6132373,7617367,7367461,2455138,1990253,2476947,2056121,1328427,401310,1498456,1840303
72,000410,2018-03-23,-0.057115198451113236,-0.057115198451113236,0.18161644842716024,44415.0,266372.1760779955,3247,202657896,145455103,1103784,1230507,14484566,15181226,22454791,17047705,39099438,30820514,24703043,18705834,10973637,11376672,13065188,9537676,76773449,41554969
73,000411,2018-03-23,-0.04025327905924925,-0.04161013116236989,0.9916778641499644,6480.0,30632.71593407889,499,4035178,2422129,648975,530470,1617260,1321592,350353,308467,775291,0,216700,261600,0,0,426599,0,0,0
74,000413,2018-03-23,-0.058375634517766506,-0.048223350253807085,0.1365413200723361,51220.0,285989.3053038937,3339,226923204,204200544,1140227,1381365,14540476,15945017,21791241,23781638,33454706,37775986,26658506,23854977,20385036,20157736,15139077,14061054,93813935,67242771
75,000416,2018-03-23,-0.04729729729729737,-0.030405405405405372,0.15495657511027577,11530.0,62302.73042066788,1464,23798744,18321878,1333833,1157814,6720120,5527738,5809199,4098324,5794624,4006661,1541737,665095,621175,719951,472000,436575,1506056,1709720
76,000417,2018-03-23,-0.014765100671141007,-0.02281879194630876,0.21189008319451064,5992.0,60048.90631459563,1238,15190802,10668528,810089,1446762,4274816,3903956,3167703,2069372,1817423,1784445,1252933,527731,301098,0,945149,936262,2621591,0
77,000418,2018-03-23,0.0007423904974017681,-0.006087602078693299,1.5630303431387722,20217.0,179270.19444361696,1863,60716822,47133524,1444143,1681888,10383684,10251622,5845809,6319852,7463031,6125836,5193729,3995149,6711927,1699762,4744767,2221999,18929732,14837416
78,000419,2018-03-23,-0.021390374331550777,-0.030303030303030276,0.15910708087719772,16123.0,67513.13901919794,1251,23981454,23567911,704368,1265864,5638074,6141081,5058753,5689182,6478971,4253950,2852406,2143812,695298,2401257,456800,448659,2096784,1224106
79,000420,2018-03-23,-0.028070175438596467,-0.04561403508771922,0.08263145414207725,7150.0,78537.52237413716,1195,21170543,11663354,790704,1443649,4248084,4119171,3384418,1574662,3217867,1780428,1518323,1484893,2114376,0,475416,411268,5421355,849283
80,000421,2018-03-23,-0.049450549450549386,-0.031135531135531136,0.19505495691722907,5365.0,43220.25024388275,784,10399124,4964396,942103,564761,2787714,1769817,2252814,1077638,2269436,664266,1230298,518143,339031,369771,0,0,577728,0
81,000422,2018-03-23,-0.04100946372239744,-0.050473186119873836,0.08669033839123806,8708.0,60396.65742788333,1345,21836792,12006544,1164440,1443699,4840457,5120054,3439423,3677243,4861339,1011115,1564981,201902,2312218,0,0,0,3653934,552531
82,000423,2018-03-23,0.02033898305084758,0.0025423728813558366,1.0983321936318116,48102.0,391880.73027388,2886,200273732,203140405,602766,1131067,13358135,13571902,17287300,18965277,28210874,30178265,21677740,18982182,17644670,14314318,7988119,12881127,93504128,93116267
83,000425,2018-03-23,-0.002525252525252486,-0.03282828282828276,0.06916204198816608,38700.0,261301.1412623011,3307,170111515,174098343,1184697,2150681,12899904,17391214,17507937,23318755,29198875,28828897,20107683,20198315,10603512,14354687,8804512,12509760,69804395,55346034
84,000426,2018-03-23,-0.039175257731958624,-0.04845360824742262,0.18517103478068997,35299.5,247561.7707973679,2756,160822183,136324343,1345721,1566679,9149612,12572898,13077644,15988130,28859425,25266451,15250635,13628482,12153726,13964472,16525093,12648771,64460327,40688460
85,000428,2018-03-23,-0.047244094488189003,-0.04199475065616798,0.1510444306393265,5505.0,59161.07072420174,637,10178378,7139613,490879,643684,2068442,2058777,2255269,1002748,1866992,2143573,1229452,925831,614060,365000,477670,0,1175614,0
86,000429,2018-03-23,-0.020408163265306145,-0.022959183673469385,0.229360711973985,5411.0,53489.99393070695,1169,17304768,7803965,1462280,800306,4985092,2907659,2998646,1768493,2933632,785334,1409868,495035,1120650,1047138,424926,0,1969674,0
87,000430,2018-03-23,0.06112469437652801,0.011002444987775029,0.22832597454877473,12148.0,63763.724911397985,1286,19254273,20334360,1357012,1416699,5675027,6040492,5026266,3654353,2994128,3461867,1752016,1376324,322715,2480380,1347520,453606,779589,1450639
88,000488,2018-03-23,-0.01017964071856281,-0.02035928143712573,0.310530081392055,39372.0,373216.2739922535,2898,205262251,172862353,1359166,1354893,11712542,11638339,14380559,16577094,33226470,23399003,20332955,18148804,17906174,14356098,16139211,9529726,90205174,77858396
89,000498,2018-03-23,-0.04146730462519932,-0.03668261562998398,0.17815854518277843,8079.5,72347.00510502256,1240,23204332,13889956,1100118,1222521,4247873,4893266,4979604,3176545,4473678,2248939,2416910,1032962,2195167,314732,874144,499392,2916838,501599
90,000501,2018-03-23,-0.029658284977433835,-0.029658284977433835,0.34652541886740695,9396.0,175650.3124788199,2005,57112014,37083864,2187794,1417390,7309783,6920967,6310986,5642706,10122344,5407347,3772377,2914822,4209062,2359790,3190901,1809083,20008767,10611759
91,000502,2018-03-23,-0.04106548279689226,-0.04439511653718098,0.36195240084762215,9658.0,67748.59103738879,621,10023103,7570514,535498,744524,2753240,2413933,1547919,1482538,1346557,1174140,775344,730444,693551,0,490200,0,1880794,1024935
92,000503,2018-03-23,-0.024240877774942438,-0.025261546312834726,0.7751386429352393,57974.5,519229.8716974014,2560,268989490,231835434,1231773,934916,8975997,9676976,14767653,12967423,27786991,26152288,20891078,21649623,21250559,12623666,16081663,14089992,158003776,133740550
93,000504,2018-03-23,-0.013489991296779746,-0.01218450826805928,0.9950175853876557,22780.0,118965.8080445199,534,14651900,15001775,375908,421650,1877683,2522325,2202147,3037211,4146506,4034618,3192832,2635485,1756561,372600,0,1332148,1100263,645738
94,000505,2018-03-23,0.09022556390977421,0.0914786967418546,0.17851746742375935,26790.0,282567.28497417347,2012,131014873,56462356,1927310,786020,11539804,5930575,13274784,8226137,19463511,10110242,8725295,7461563,7147304,2743404,10158154,7137134,58778711,14067281
95,000507,2018-03-23,-0.05485714285714294,-0.06400000000000006,0.1737075606478715,18102.0,133525.79423636573,2542,75926309,59297173,1651751,2371704,12267948,12428679,12332839,10423862,15485226,9812670,12178475,5892846,4466464,2996706,5281703,4902190,12261903,10468516
96,000509,2018-03-23,-0.050000000000000044,-0.05249999999999999,0.07715011475427834,16277.0,160933.57435280725,2708,77425793,59825465,1883817,2229358,13118066,11159171,11622912,10880060,13867086,11424276,7294018,6453726,5916935,3055803,5287842,1808647,18435117,12814424
97,000510,2018-03-23,-0.04601226993865026,-0.039877300613496924,0.20025807311037275,10702.0,77990.16909579256,1062,17443897,14946448,809950,1370371,4109883,4805444,3611736,2549118,3038032,1739401,1493815,1172673,2116753,684673,0,0,2263728,2624768
98,000513,2018-03-23,0.008591549295774659,0.003661971830986044,1.334832123578157,50967.0,284308.82364721486,2835,193454490,166772935,1462846,997739,13926687,10900746,21827100,16068019,29818068,25243086,19624077,16242361,15698146,18538155,17114939,9307049,73982627,69475780
99,000514,2018-03-23,-0.013761467889908285,-0.013761467889908285,0.17200395781609248,13220.0,99907.22777737456,1449,29744926,24108592,1341602,1287170,6770772,6176658,4987045,4372199,5183777,5059963,1110279,3150633,3519610,1694468,493020,495670,6338821,1871831
100,000517,2018-03-23,-0.048101265822784955,-0.03544303797468362,0.0779972902717145,14976.0,110412.49602682285,2583,56957523,46695702,1876018,2211855,13313706,11759904,11693636,9280918,12874020,6670485,5601931,3597866,4957644,1799349,2149708,2150318,4490860,9225007
101,000518,2018-03-23,-0.06045751633986929,-0.05228758169934644,0.17774724936877653,8218.0,38289.97295837065,1191,14984929,8941122,1148221,1513543,4781251,3882286,2978547,1862653,3068033,1200102,1842549,482538,713928,0,452400,0,0,0
102,000519,2018-03-23,0.0385925085130534,0.04086265607264461,0.15186860261252683,63332.0,241139.31813100615,3381,203516386,239508287,987719,1240990,13739185,13896631,23179255,24768339,40899643,44969215,26873692,28006422,22865920,20434104,12015154,14676169,62955818,91516417
103,000520,2018-03-23,-0.061583577712609916,-0.04692082111436957,0.0864659155421889,9900.0,102395.85902062387,1563,29125117,21417358,1264597,1556523,6591667,6170903,6114426,3312341,5091629,2600967,2218485,1587916,1388135,678350,442382,497080,6013796,5013278
104,000521,2018-03-23,-0.04861111111111105,-0.05324074074074081,0.13724623575823927,8480.0,66110.16544718076,992,18145603,10828526,818421,1122995,4248605,3825702,2861697,1689323,4000084,1612199,1551371,799936,1599410,374096,413000,862979,2653015,541296
105,000523,2018-03-23,-0.04166666666666663,-0.05208333333333326,0.25412062278359815,13518.0,50266.50938301203,919,15673480,10506337,745336,862947,4216476,3727727,4592436,2638916,2377719,2192311,1246607,751124,1059381,333312,862597,0,572928,0
106,000524,2018-03-23,-0.05130784708249492,-0.04929577464788737,0.3221686634785582,3932.0,27911.002385006603,953,8688182,4515324,985068,1197662,3559957,1852988,2359789,793210,940228,206176,471630,465288,371510,0,0,0,0,0
107,000525,2018-03-23,-0.04349838037945386,-0.04905136510874586,0.49217464209954015,34288.0,167347.82741614198,1932,94054722,63717910,657018,1106532,7984311,9350886,9352578,9387184,29693115,13227023,12622772,9547777,6728643,3125886,7070485,4828699,19945800,13143923
108,000528,2018-03-23,-0.06966292134831475,-0.07415730337078652,0.16954328180438388,38720.0,253322.92327821697,2763,176457037,120837995,1172734,1796172,10738172,13342200,17095890,17856997,25498069,22114247,21579225,15646516,12113087,10105752,10296850,8268526,77963010,31707585
109,000529,2018-03-23,0.046875,0.0078125,0.17323743265946243,16456.0,108658.29050796054,1372,32521251,33946300,1203154,972586,5702850,5924748,5828021,5453324,7893103,6727127,5028635,4701210,2819182,375487,1418231,932072,2628075,8859746
110,000530,2018-03-23,-0.05927342256214163,-0.055449330783938766,0.11063955306845462,18912.0,105391.00807553652,2246,66794140,45846379,1285991,1670840,10682248,10363649,12458365,9124259,13160002,8618233,9969824,6326601,2347146,2400252,4540810,3137863,12349754,4204682
111,000531,2018-03-23,-0.03735632183908044,-0.0387931034482758,0.2472456128893575,5444.0,30617.097129726295,794,7304917,5282200,479239,1081832,2796969,2198869,1328084,1098481,1745861,626010,954764,277008,0,0,0,0,0,0
112,000532,2018-03-23,0.011486486486486536,-0.020270270270270285,0.25671189788172616,72144.0,666176.1351895959,3356,311035591,300028838,947457,863070,12217178,13168528,22044436,21826798,42651617,40456135,27009903,32249591,25436129,19139661,19789197,17401688,160939674,154923367
113,000536,2018-03-23,-0.051724137931034364,-0.049261083743842304,0.10000181960000576,8100.0,83241.35823794268,1656,29347550,25214487,1038342,1942452,4278602,7103645,4503834,4001667,6501433,4205075,4678877,2163023,2034729,1308023,2658429,1640761,3653304,2849841
114,000537,2018-03-23,-0.01025641025641022,-0.012820512820512664,0.27727388647022017,14016.0,109140.18254932165,1783,47136163,37336342,1417986,1075430,8341124,6750557,7296885,6418342,11709828,6598909,6667239,5407141,1042356,2013082,1250944,1826816,9409801,7246065
115,000538,2018-03-23,0.017471217935770555,-0.008281155322157119,2.2603918907052316,39474.0,232914.21540234375,1920,99109949,95083283,1706828,1930697,11025210,8785349,10069245,12112823,15375506,15771163,9144292,6976958,9976881,8568339,7568841,4086017,34243146,36851937
116,000539,2018-03-23,-0.02391304347826073,-0.02391304347826073,0.18445142557913774,9200.0,63357.33669607252,622,11824259,4904433,594993,615824,3019966,2426130,2390920,980857,1790234,654383,699744,227239,354138,0,488869,0,2485395,0
117,000541,2018-03-23,-0.018867924528301883,-0.03419811320754729,0.17767407462047474,5943.0,85703.51013380852,2283,36079829,23315171,2096198,2840721,7378187,7965485,5565911,4079688,5491045,2911416,2140869,951940,1068622,715258,921216,0,11417781,3850663
118,000543,2018-03-23,-0.0351239669421487,-0.028925619834710647,0.11438210976293257,14220.0,144263.25445052548,1798,46615689,36171843,1420711,1963289,7352620,8791150,7641639,5880421,7578937,6441795,5173514,5266473,4490052,653985,2668847,2702724,10289369,4472006
119,000544,2018-03-23,-0.031134173461823567,-0.02594514455151964,0.4505051226467461,13180.0,49093.16630187132,897,14715804,8882491,698145,1012900,5371739,3321111,3107632,1851887,2597851,1052704,1514447,942623,1425990,0,0,0,0,701266
120,000545,2018-03-23,-0.04504504504504503,-0.06981981981981988,0.11502773970076295,11050.0,83198.46408255046,1494,33213340,18525746,1109054,1706385,7260310,5490497,6961429,2992083,6212844,1660062,4343256,1397673,1768560,635754,2207018,1348840,3350869,3294452
121,000546,2018-03-23,0.014893617021276562,0.013475177304964614,0.3694814490684132,16329.5,126230.80818083834,1464,36949575,31901423,931408,924796,6508688,6726552,6068169,4383796,8925992,6804406,4801880,2531578,1013783,959264,4779983,886144,3919672,8684887
122,000548,2018-03-23,-0.028346456692913358,-0.03149606299212593,0.17419550114718008,13545.0,79823.19411268603,1332,30105494,22269464,1089624,1023007,5859183,5644701,6099610,5554135,7139266,2864245,1639480,2387641,4021420,1707912,2635055,464474,1621856,2623349
123,000550,2018-03-23,0.024440977639105466,0.005720228809152239,0.4406125653833919,23568.0,105199.31599955744,1906,58265502,50466230,1309177,1633253,9270872,9900222,9604253,10601881,13113602,13193962,8035131,5432929,7344993,2034264,2179952,3581955,7407522,4087764
124,000551,2018-03-23,-0.030261348005502064,-0.038514442916093405,0.2291695404117899,6771.5,87816.04875695126,1008,17979866,12963081,582826,1169807,3904021,2694328,3285406,2736504,3236427,1895272,1200376,913415,1051806,1761846,432600,0,4286404,1791909
125,000552,2018-03-23,-0.03142857142857136,-0.02857142857142858,0.08412364454456321,6583.5,97038.33066560682,1742,30995797,20697060,2053377,1729617,6358515,5259354,3075830,2440826,5088490,2649719,4070164,1740614,1686733,1369926,1841187,1332961,6821501,4174043
126,000553,2018-03-23,-0.040000000000000036,-0.04142857142857148,0.3341116250276953,14035.0,87614.66019355062,1758,45333313,23587595,1250898,1340665,8367049,6882322,9334539,5565867,7361878,4124507,5675404,3158242,3831748,1778192,2233248,0,7278549,737800
127,000554,2018-03-23,-0.020297699594045926,-0.005412719891745632,0.1634303972161387,21199.0,171551.97528276997,2055,69979394,60506701,1375180,1567100,8184675,10744612,9862039,10598295,13126326,12275721,7209063,5860118,6970885,3752204,3502217,2267640,19749009,13441011
128,000555,2018-03-23,0.02378048780487818,0.02378048780487818,0.27791125623079105,121520.0,694690.5190355944,3519,499071309,536035061,445766,469664,9510571,10367794,21526945,20793463,39417160,45432343,43409832,43552551,30091350,35790596,19708766,27501779,334960919,352126871
129,000557,2018-03-23,-0.05117270788912587,-0.06609808102345427,0.12012502363232876,11016.0,60289.71770116162,1545,24519454,18716307,1396835,1318972,7757659,6040819,4577994,3290369,5387361,4248549,2113212,219817,1741753,750503,449550,487162,1095090,2360116
130,000558,2018-03-23,-0.059090909090909194,-0.06136363636363651,0.09485085295774977,13080.0,93416.6532088728,2165,53989399,35318645,1398343,2424781,9450331,8530831,9929451,7586461,10197326,6608438,6601889,3372203,5069863,1686971,2291485,861650,9050711,4247310
131,000559,2018-03-23,-0.0011764705882352233,-0.05529411764705894,0.18667433168500946,16379.0,107289.9594545426,2077,57489081,42350193,1546832,2090084,7637289,10013722,10021145,8260359,12370221,8304204,7381273,4117823,4079080,2682685,1371702,2998250,13081539,3883066
132,000560,2018-03-23,-0.01898734177215189,-0.020253164556962022,0.22250221180812585,10348.0,50603.02308993603,1262,18972197,16314413,890573,1597660,5221553,5186709,4673886,3618274,4022766,3141271,1794408,980955,1390792,951233,451825,838311,526394,0
133,000561,2018-03-23,-0.04551724137931035,-0.0386206896551724,0.2067867719056155,9503.0,48105.834071547884,1232,18817067,12896516,1408682,1132060,6040345,4124011,4077889,2510529,4229953,3312704,1439897,781997,998341,0,0,410990,621960,624225
134,000563,2018-03-23,-0.03500000000000003,-0.03749999999999998,0.09414950001158903,10962.0,109200.7689991529,1814,43737605,27542772,1353481,1897719,8003886,8268907,5954359,5345904,5535178,4220697,2993525,2670538,3888750,1415538,3413824,0,12594602,3723469
135,000565,2018-03-23,0.13740458015267176,0.11450381679389321,0.14454415985448177,21885.0,407176.6511716471,2064,164402841,33523315,2690809,334900,14856711,3482437,13329719,4985487,18173106,5523908,13503897,5593130,10136963,2182236,3159696,4106957,88551940,7314260
136,000567,2018-03-23,-0.05560165975103737,-0.03817427385892125,0.7800618643842675,18736.0,97680.95014818716,955,23441247,19181158,645086,802874,5215514,4363354,3121370,2588698,4636051,4417268,2303795,3729190,694267,974637,493960,1352737,6331204,952400
137,000568,2018-03-23,0.029651057674923154,-0.0003615982643283555,0.9747646987782828,39389.0,381982.2567723539,3227,189344722,223222942,1746866,490168,16744173,12319796,20547844,16902303,29012629,23430745,22755169,24120858,14555203,12913001,18371861,11534410,65610977,121511661
138,000570,2018-03-23,-0.04372623574144474,-0.04562737642585557,0.20416169910900148,10741.5,40967.087020873805,664,10679649,6460431,501111,536477,3042849,2770095,2928918,1766537,2345000,818719,871393,568603,990378,0,0,0,0,0
139,000571,2018-03-23,-0.02813852813852813,-0.017316017316017285,0.13790005584650478,9120.0,44699.88995238739,1125,16210230,11273499,1004237,1149176,4718659,4324418,3953106,2515501,4619199,1258488,716815,962021,327600,613907,870614,449988,0,0
140,000572,2018-03-23,-0.05303030303030298,-0.05555555555555547,0.09307776054736955,8116.5,87169.14144011794,1820,30298156,22964157,1428573,2274918,6677115,7089568,4992525,3635052,6271021,3438642,2408542,2141141,3467102,1160392,461743,1303448,4591535,1920996
141,000573,2018-03-23,-0.04742268041237108,-0.05567010309278342,0.16262519791249677,4810.0,69747.37168455332,892,10294269,7855504,756442,1004852,3635479,2885285,2085677,1196319,2537874,502348,536263,448875,317184,0,425350,0,0,1817825
142,000576,2018-03-23,-0.018849685838569386,-0.0420492991783471,0.6322672427562513,19650.0,489070.7872645282,1089,84594448,22812243,1404633,450235,6069730,2883608,5926166,2578700,8204765,4382726,5917382,1669307,2817163,332100,6325780,1311674,47928829,9203893
143,000581,2018-03-23,-0.03391304347826096,-0.040000000000000036,0.42836305783412454,35520.0,199952.44445722114,2885,150132482,94781186,1295598,1406229,14797930,13182365,20534781,15871012,28702615,20753923,19242075,11745706,10969187,9110049,11200803,4958482,43389493,17753420
144,000582,2018-03-23,-0.0488372093023256,-0.03953488372093017,0.2505171770207256,8510.0,53131.81781844203,1183,19209351,11109288,1100961,1111763,5141773,3851138,4902044,1847301,3889419,2151052,1604414,0,1077634,683904,840287,861929,652819,602201
145,000584,2018-03-23,-0.016254416961130724,-0.0197879858657245,0.5140583333463602,24055.0,92296.42444584946,757,27584437,13516345,637821,439628,5204406,2711158,4690222,2273296,7140581,3166210,3144394,552650,1747890,692592,1774765,1729655,3244358,1951156
146,000585,2018-03-23,-0.06069364161849711,-0.05780346820809257,0.09603182839712872,6700.0,55125.89774031446,1305,17775852,10231391,1261254,1310860,4881833,3638597,3570208,2052437,3830996,1414563,766755,730092,307865,379002,453590,0,2703351,705840
147,000586,2018-03-23,-0.030322580645161357,-0.039999999999999925,0.6864664816790037,15045.0,94822.08934046236,512,9349559,11160988,322803,387272,2667500,2084174,1904870,1821609,1333706,2537044,526000,230250,0,1637339,459000,1416500,2135680,1046800
148,000587,2018-03-23,-0.0014450867052022698,-0.011560693641618491,0.18096440684767662,13024.5,159527.27185263892,1464,43139529,36338655,1036305,1686966,5640233,6155155,6442767,3567236,7650517,4026144,2847268,3219617,3533497,2394775,885809,1250350,15103133,14038412
149,000589,2018-03-23,-0.04683840749414503,-0.03747072599531598,0.16330022913435835,8480.0,45362.63980577669,684,11217159,6138404,599170,799858,3227219,2616794,2780091,1342016,2478551,622085,933566,757651,359940,0,838622,0,0,0
150,000590,2018-03-23,-0.07401315789473684,-0.0608552631578948,0.5529596100277416,11410.0,53056.228432377,485,6988718,4981641,312558,408059,2122950,1730560,1523656,696127,1471484,716855,1216070,698640,342000,0,0,0,0,731400
151,000591,2018-03-23,-0.03563941299790352,-0.027253668763102756,0.10409360004275607,6580.0,62767.643052961306,2108,32087661,22291534,1889001,2254453,7152123,8090462,5532788,4034037,4774770,3386326,4409222,1742321,2453097,1632706,2339312,480568,3537348,670661
152,000592,2018-03-23,-0.02314814814814825,-0.03240740740740755,0.09624637251181357,16918.0,106951.86017421498,2026,46367885,45879342,1058656,1956927,7939981,11118610,7610151,8866780,8595935,9124218,3911135,4559038,3866102,3706158,1717690,2158647,11668235,4388964
153,000595,2018-03-23,-0.025404157043879994,-0.023094688221708903,0.15228565716612197,8440.0,85326.3092183896,811,15219541,10340776,843625,732891,3148560,2279892,2054891,1556319,3335677,1777204,968609,1205939,344799,1793531,1333978,436000,3189402,559000
154,000596,2018-03-23,-0.004917754790571438,-0.019840596913685005,1.5140251386070485,11790.0,98999.01269296376,1522,27433287,25897918,1022345,1774247,8089788,6754178,4921571,4300652,3924168,3995881,1599821,785955,640054,972558,1439131,1278801,5796409,6035646
155,000597,2018-03-23,-0.06350806451612911,-0.06552419354838712,0.23928565008566258,5712.0,50269.61057594187,1721,22439057,15892581,1604724,2073855,5381336,4894607,5384805,2992658,5344318,1989404,2647113,1612399,1022654,682120,458267,403848,595840,1243690
156,000598,2018-03-23,-0.026369168356997985,-0.020283975659229125,0.11983870730200882,11293.0,133877.65268733885,1697,43047903,29899459,1262652,1744569,7187214,8139151,4984945,4326785,5752746,4679633,3543713,3130404,1831402,1020789,1351776,1871155,17133455,4986973
157,000599,2018-03-23,-0.033557046979865834,-0.043624161073825496,0.1824350960769454,11039.0,64126.78119150462,1068,21193866,11335194,731041,1322558,4469586,4116383,4176167,2932433,4283132,1185809,3241185,957350,1646830,358130,912210,462531,1733715,0
158,000600,2018-03-23,-0.05139500734214386,-0.041116005873715,0.13940640033793095,18441.0,141124.40184990797,2392,77942161,49841066,1604196,2146540,12022194,11658918,11258109,8522861,13806398,9911124,9874690,5889748,5560991,3499602,4400133,1294992,19415450,6917281
159,000601,2018-03-23,-0.0399429386590584,-0.0399429386590584,0.2648060366239498,10832.0,74930.35337822359,701,17128338,8394800,544281,574227,3366104,2409762,2920296,1704217,3396556,1458389,923789,721225,1970199,701000,2258811,825980,1748302,0
160,000603,2018-03-23,-0.01824500434404852,-0.019113814074717683,0.3187492635227351,17205.0,96571.90430370053,1305,33190931,24636954,566062,1103862,5709641,6981159,5977712,4578583,6123287,5359362,4383792,1659801,345600,2113885,3188208,431625,6896629,2408677
161,000605,2018-03-23,-0.04871955028107444,-0.048094940662086305,0.4006896401872257,16090.0,108174.30147495496,1599,33197550,26864394,1292533,1586979,9100702,7496094,6668327,4783059,9219889,3872751,3066573,1949788,1117197,1098846,2200441,0,531888,6076877
162,000607,2018-03-23,-0.03256704980842906,-0.03065134099616862,0.15559284295084488,4743.0,38945.06672921881,1128,11586144,7202892,846008,1444576,3003718,2847937,2602680,1745726,2034373,879119,2027055,285534,662810,0,409500,0,0,0
163,000608,2018-03-23,-0.025679758308157052,-0.02114803625377637,0.21362026252433577,8671.0,69484.00786659055,961,18831189,9609659,1092828,704172,4915825,2777491,2937156,1964747,3418033,1075910,1791539,1403055,1393557,1123475,462000,0,2820251,560809
164,000609,2018-03-23,-0.04989154013015196,-0.04013015184381785,0.3448017310707839,10010.0,72639.43953311947,717,13998408,8659453,808400,715497,3590394,2257186,2842246,1522001,2749950,1884321,1515435,204684,308700,0,463080,431165,1720203,1644599
165,000610,2018-03-23,-0.03262955854126681,-0.03550863723608433,0.3144505672317304,9207.0,29375.92560467304,1099,11952267,8464401,1119274,865863,4833820,3695741,3756054,1988016,2243119,1432149,0,482632,0,0,0,0,0,0
166,000611,2018-03-23,-0.025710419485791558,-0.021650879566982306,0.3096098259149331,10980.0,57362.28281672848,574,7212032,9629577,517732,405527,2431264,2614799,1547558,1908809,1776622,1970064,938856,757668,0,368000,0,428620,0,1176090
167,000612,2018-03-23,-0.03472222222222221,-0.030555555555555558,0.16344859231546446,4362.0,45081.901852598596,1951,16654086,16259357,2165292,1701969,5047360,6001576,3729290,3538819,2255133,2109478,1350638,655588,684433,0,0,845340,1421940,1406587
168,000613,2018-03-23,-0.03628117913832207,-0.027210884353741527,0.18419017435037924,18220.0,177078.19832336422,2312,63522809,68263589,1856630,1761548,11623348,9952390,10684278,9841833,12845049,11723239,8143043,5229238,4459744,3606176,4035472,2716572,9875245,23432593
169,000615,2018-03-23,-0.01722158438576349,-0.036739380022962176,0.17962511623433428,25770.0,135686.37010802128,2357,80504846,66631922,1526883,1700639,12147368,10380082,14972149,11000938,20687417,12044433,12825609,8079335,4627213,4537330,2873430,2729929,10844777,16159236
170,000617,2018-03-23,-0.01716738197424894,-0.06080114449213159,0.4198406616367344,13190.0,85822.38274767845,1111,29836386,10493838,943265,1069428,4795795,4185715,4095231,2861641,5050270,1524214,3521776,0,4157747,321600,1284191,0,5988111,531240
171,000619,2018-03-23,-0.04275862068965508,-0.0482758620689655,0.2538730731474283,7200.0,52783.31564427452,816,13428031,5106126,851666,863958,3619007,2680227,2251682,791405,2017425,100386,2654323,288800,336273,381350,929069,0,768586,0
172,000620,2018-03-23,0.009724473257698651,-0.004862236628849326,0.15254516390709455,12440.0,138736.92602144016,1643,33270256,38975487,1360293,1149295,6514774,5607603,5804818,6646690,7818062,7460509,3725255,3750246,318000,974797,817104,2211534,6911950,11174813
173,000622,2018-03-23,-0.05466970387243719,-0.05011389521640086,0.19677511745043247,10858.5,47433.75463544278,498,7758435,4393877,373273,447895,2617103,2027398,1635096,723146,1556449,763094,225412,432344,371394,0,417688,0,562020,0
174,000623,2018-03-23,-0.021203155818540376,-0.021203155818540376,0.4032406081924588,34289.0,242894.83959774426,2530,130648028,97522470,951834,1379539,10679117,14096364,13587147,14580727,20840432,18670666,17644680,13892458,11783538,8021173,8837632,5792849,46323648,21088694
175,000625,2018-03-23,-0.04288164665523153,-0.04116638078902235,0.21716634909082808,32032.0,254678.99817434783,2886,156937398,117202135,1173335,1597600,13369731,15108189,15163372,16315298,22101398,24246169,14167077,12690319,10569520,9556970,7063020,4422039,73329945,33265551
176,000626,2018-03-23,-0.06814449917898191,-0.05582922824302128,0.3371869676676802,16618.0,119977.57520576702,1317,32695105,31467115,601480,1317266,5808985,6267796,5457276,4246642,7486507,6775952,3938523,3108332,354000,3459282,1352197,1371098,7696137,4920747
177,000627,2018-03-23,-0.02695763799743256,-0.033376123234916566,0.16371074362523208,14459.0,91292.81558631184,2272,55035000,44288812,2180782,1429182,8665481,8916694,9565593,7909709,12499778,13182087,5140757,3110584,9925395,4208502,3582848,1313617,3474366,4218437
178,000628,2018-03-23,0.04391891891891886,0.02702702702702675,0.21277487714158433,18000.0,74738.99219326179,1747,36313985,32923746,1523817,1412086,7880583,8556511,8475564,7845802,11220303,7361490,5419866,2982312,768323,1408589,455869,0,569660,3356956
179,000630,2018-03-23,-0.018796992481203145,-0.022556390977443663,0.047451733627251136,19610.0,189131.31075166608,3203,108467490,90365459,1532421,2758065,13044713,18523373,12374727,15514357,16535592,18593652,9846618,8943300,4152281,5160391,3244350,2212002,47736788,18660319
180,000631,2018-03-23,-0.02457002457002455,-0.027027027027027084,0.10593982332005282,4040.0,85454.85149274542,1480,26764142,11147353,1609562,950513,4881855,3563060,2515571,1864443,4779885,1927411,2999279,1175186,1824327,740338,1305142,926402,6848521,0
181,000632,2018-03-23,-0.03418803418803407,-0.037606837606837584,0.21637086205253422,4560.0,63732.51046266445,736,12655436,10438326,315063,785039,1681390,1789019,2453462,1482846,4157365,3777856,1793762,1564463,732105,1039103,439425,0,1082864,0
182,000633,2018-03-23,-0.04750869061413676,-0.04403244495944392,0.36030783278161366,11592.0,63043.97413574298,577,11308782,6391509,432418,542058,2303107,2358034,2301121,1433530,2497159,915528,1314474,417480,1311253,724879,415000,0,734250,0
183,000635,2018-03-23,-0.055882352941176494,-0.051470588235294046,0.3558657275987605,14674.0,86617.8577252272,1465,35721403,21054513,1040180,1244896,8085165,6406911,6480556,3733035,8990320,3944728,2890574,2731253,2145676,691335,931542,498995,5157390,1803360
184,000636,2018-03-23,0.0015873015873015817,-0.024603174603174627,0.22546237302442684,72960.0,513703.3783188255,3134,332218094,273118782,666257,890174,10197262,12024175,18868412,18483116,40803905,41076633,30982326,30898177,23649551,24401645,18992825,18614700,188057556,126730162
185,000637,2018-03-23,-0.03527336860670194,-0.02645502645502651,0.15462432678223506,12834.0,65066.1698225381,1349,26727935,18645486,1060329,1140799,6355129,5485671,6800022,4607443,5950913,4280831,1930506,1388767,1482316,358285,401500,0,2747220,1383690
186,000638,2018-03-23,-0.06858407079646012,-0.0663716814159292,0.2135034619748648,15283.0,66604.70073455495,1797,39968243,24872755,1413125,1857524,9411591,8201454,8229836,5707207,9465662,4239400,4644536,2506595,1596071,660312,2186225,0,3021197,1700263
187,000639,2018-03-23,-0.02868579052701803,-0.03602401601067384,0.36141891212974203,15520.0,109669.61207638026,1723,39340708,40298822,744253,1695870,7094186,9252609,6757645,7534766,7328421,6410522,3262852,4646501,2873067,3263959,3128174,1391637,8152110,6102958
188,000650,2018-03-23,-0.0378486055776891,-0.0378486055776891,0.14283151383702272,10458.0,83773.70719722989,1237,27217774,19743635,1109406,1268761,6378682,3996260,4611328,3474635,3566315,4125464,3708916,3404463,2017454,363375,2411643,850232,3414030,2260445
189,000651,2018-03-23,0.0204592901878915,-0.013361169102296455,0.7990829162110261,447693.0,2324421.260918265,3596,1517199485,1526227854,42520,48173,1437006,1396543,7524286,8378939,41487777,34409142,47859256,49189160,58057917,43753945,59422769,55849488,1301367954,1333202464
190,000652,2018-03-23,0.015452538631346435,0.004415011037527394,0.09464996363082244,14070.0,101882.65009973111,2307,49143772,52136787,1876899,2039674,9755000,10841597,8616272,8162688,10458710,9500114,5996546,6712398,3189467,2974102,4110610,2294035,5140268,9612179
191,000655,2018-03-23,-0.007299270072992692,-0.023722627737226443,0.15088104614210252,13917.0,60418.40364513275,1322,25358970,18332162,1060148,1043895,6425577,5835122,5147604,4882471,4988590,3960098,3413005,915517,2344556,647218,870320,483884,1109170,563957
192,000656,2018-03-23,0.00390625,-0.001953125,0.1322865672069943,16544.0,157160.47554748104,1501,58075839,34348340,1152696,1066199,6924876,5268699,7416836,5713306,7155001,5370883,7056714,3492632,4442956,623426,3221936,2296164,20704824,10517031
193,000657,2018-03-23,-0.06126126126126119,-0.06396396396396387,0.29140403879796195,8344.0,51206.127876227925,1453,18326448,12270879,1315483,1415003,5646096,4826804,4275381,2383267,3704481,1123776,537950,216544,1340157,1042933,0,0,1506900,1262552
194,000659,2018-03-23,-0.047244094488189003,-0.03937007874015741,0.11891282161328341,12716.0,135420.70408030803,1031,26001395,24525885,534781,1125231,3388030,4820867,2405653,4644326,4843069,5716220,3378391,2425797,3120613,648074,915836,0,7415022,5145370
195,000661,2018-03-23,0.011550777676120783,0.006747483989021141,3.638338605619621,54765.0,331460.3069215207,2319,139648236,200975926,534,3583,9366769,10196406,14292894,17660875,19861402,33569637,14067360,29400218,11411448,16268833,6752882,11509920,63894947,82366454
196,000662,2018-03-23,-0.05497170573969279,-0.07679870654810017,0.3697298290359392,12235.0,64125.35520086924,1122,23760248,14776187,701685,1187544,5185003,3732751,5813035,4215331,5101664,1924439,1954734,2275241,2345880,0,1315707,877541,1342540,563340
197,000663,2018-03-23,-0.04146341463414649,-0.014634146341463539,0.248854225915364,27830.0,121175.87071071121,2450,82391583,76119378,1301510,1452100,13843024,10879997,15369131,11552010,17660904,19477801,10071246,12218234,7560478,3725813,824460,4023922,15760830,12789501
198,000665,2018-03-23,-0.04775828460038989,-0.04483430799220267,0.24175442800319266,25400.0,177179.2939594597,1805,83003327,50876730,799007,1142428,7878904,8224780,10255466,8094424,13019653,8835769,12720832,5201508,8042442,4833387,6024470,3568695,24262553,10975739
199,000667,2018-03-23,-0.030405405405405372,-0.03378378378378377,0.0725268656292352,6174.0,84237.80041352914,1678,29472113,15879600,984825,1987769,5394599,6622926,4240560,2581486,4119189,2133850,4767118,1094309,1004975,307184,457161,472164,8503686,679912
200,000668,2018-03-23,-0.017529880478087678,-0.01912350597609558,0.6297998502129761,11250.0,30658.0080220705,397,4265121,3237181,241154,360400,1888854,1521553,986413,755268,691194,361510,457506,238450,0,0,0,0,0,0
201,000669,2018-03-23,-0.047413793103448176,-0.037931034482758585,0.29487399911836515,7902.0,42259.69589376164,1549,19734067,13420702,1138502,1820894,6656744,4776726,4298654,2429700,4590898,3061151,2309772,490071,314089,0,425408,842160,0,0
202,000670,2018-03-23,-0.06589147286821706,-0.06201550387596899,0.10283749195121539,14510.0,98117.17658158354,2530,65170772,41608027,1775683,2092316,11338486,11437640,12442047,8187886,14053506,7747444,8104142,4665145,3085384,1259531,3104786,1347711,11266738,4870354
203,000671,2018-03-23,-0.029333333333333322,-0.046666666666666634,0.13893861673873306,34263.0,249185.18331205874,2925,166554654,136672361,1540261,1809620,11250552,12868703,14989040,16854465,27148333,23435246,20399221,14804053,14277635,10799792,11043714,7868616,65905898,48231866
204,000672,2018-03-23,-0.02368866328257202,-0.02368866328257202,0.20337808600163867,63706.0,336490.14007404895,3387,252196556,208626092,742777,942567,14023224,14953345,23906254,26278581,43040789,38492006,33433260,30757767,27628687,20826108,16964998,11525162,92456567,64850556
205,000673,2018-03-23,0.016339869281045694,-0.009803921568627527,0.3272947389793353,19695.0,269932.4870255163,2188,119748790,45635269,2267787,1146509,12777902,7347478,9580913,7333463,15545649,5774859,11666934,3030505,9483270,3639652,7088050,1278718,51338285,16084085
206,000676,2018-03-23,-0.040034812880765935,-0.04960835509138384,0.29843553849307125,15582.0,81319.09469507227,1485,36434770,24812235,673064,1283328,7053669,6611056,6422018,4622993,7995821,4327486,4879157,3964074,2729880,1410827,2617449,454720,4063712,2137751
207,000677,2018-03-23,-0.058641975308642125,-0.05246913580246926,0.1257801425129911,6380.0,57315.68230122044,667,9902520,4446971,604841,678792,2282603,2273468,2299429,813074,968105,454757,533820,226880,1685722,0,0,0,1528000,0
208,000678,2018-03-23,-0.05928237129485181,-0.05616224648985968,0.2145312709752265,10008.0,54043.27298736201,894,15894969,7628513,924474,843615,4453373,2663909,3012171,1752264,3727837,1523182,1702524,0,0,318000,846509,0,1228081,527543
209,000679,2018-03-23,-0.03937007874015752,-0.051968503937007915,0.22194759980966916,6300.0,38359.56707132525,820,9865734,5314149,992506,682491,3191836,2422524,2194565,1183171,2274779,564685,249642,461278,315000,0,0,0,647406,0
210,000680,2018-03-23,-0.03926096997690531,-0.04157043879907618,0.11139242095325314,8410.0,77860.57174539281,1516,26645336,17253510,1023877,1957328,6063195,5525330,4385072,2899614,4744628,3341684,2241927,1218976,1065135,714775,0,894776,7121502,701027
211,000681,2018-03-23,-0.057959814528593556,-0.057187017001545604,0.5000482045833538,38220.0,239133.43395322916,2690,186069214,113085441,1126314,1149443,12510542,11546644,17162125,12959225,28288890,17372765,19719176,15170396,17686492,8219086,8709873,6526210,80865802,40141672
212,000682,2018-03-23,-0.04081632653061218,-0.043083900226757454,0.1507167630760614,5992.0,37875.715839818295,857,10567714,5383431,884722,904421,3941994,2191990,2066555,943646,1839747,682901,1383196,218369,0,0,451500,442104,0,0
213,000683,2018-03-23,-0.02564102564102555,-0.02564102564102555,0.05836992331092956,5874.0,88685.29927554839,2214,40469472,25153902,2318814,1943615,7060314,6749870,5151235,4353069,9350936,3255959,4767167,2950744,1782836,640102,4922557,461430,5115613,4799113
214,000685,2018-03-23,-0.01907630522088366,-0.02208835341365467,0.23305025127418155,9765.0,82763.78014333996,1828,36709134,24200750,2237637,1608608,7460183,6401146,5193152,4111947,7658466,5731346,3811810,1821599,2447331,1683439,1834859,895417,6065696,1947248
215,000686,2018-03-23,0.0,-0.03363518758085393,0.1676540675722759,17825.0,198204.08554578223,2129,76627504,56581452,1022046,2187613,8696293,13059539,8227789,9099614,9502262,7020370,6774582,6183065,7001783,3877103,7557994,2634233,27844755,12519915
216,000687,2018-03-23,-0.017857142857142905,-0.0010504201680672232,0.24999691160833717,13636.0,104545.5371362321,1453,36731581,24133116,1229785,1876720,7117124,5898583,6005362,3568764,6491107,4463046,3470731,3538837,3292936,2009994,1831872,863996,7292664,1913176
217,000688,2018-03-23,0.0030150753768845018,-0.009045226130653283,0.22807578757123884,20958.0,180533.4692219922,1905,73383506,54420350,1586835,1507746,8592295,9252006,10971936,7608054,14732158,8915509,7270521,8417032,4622748,3439310,3973405,1431439,21633608,13849254
218,000690,2018-03-23,-0.018472906403940836,-0.028325123152709297,0.20242256602153377,19176.0,194632.7889948471,1613,53073979,61450867,706603,1883301,5202001,8582835,5002320,7827689,10219698,6930976,6636496,6031431,4569636,4480377,2158653,3559011,18578572,22155247
219,000691,2018-03-23,0.0017094017094019254,-0.03931623931623929,0.2558639101731351,5094.0,60848.782433404405,529,8232110,3935656,406851,331684,1794298,1098443,1425892,731766,2121701,566840,625464,240087,691036,0,0,413556,1166868,553280
220,000692,2018-03-23,-0.055421686746988,-0.06024096385542177,0.17773300119931598,9407.0,50667.58256161565,547,9922152,4434160,447462,544635,2900325,1684950,2165597,676276,1813190,1528299,945357,0,751120,0,899101,0,0,0
221,000693,2018-03-23,0.0,0.0,1.8129163881574426,2682.5,24961.91226027056,34,0,368039,0,54723,0,169534,0,0,0,143782,0,0,0,0,0,0,0,0
222,000695,2018-03-23,0.001872659176029856,0.008426966292134797,0.24689452649714783,13608.0,114601.28023207138,1893,38063351,49355370,870042,1809745,6753592,8713928,6205215,6967452,10193398,10737378,4995713,4674784,3750532,5762710,1327519,0,3967340,10689373
223,000697,2018-03-23,-0.016338028169014085,-0.04225352112676062,0.44512874435839916,17120.0,131851.69526555302,1593,44335489,31883311,930172,1602678,5222759,6457379,8469943,5226084,13186380,7981221,3718163,3330115,3822172,1322556,871524,459507,8114376,5503771
224,000698,2018-03-23,-0.04339963833634719,-0.0397830018083184,0.16176536973498495,9855.0,106090.85354163291,1170,24467546,13796992,1149116,797543,5204239,4221031,4019678,2863425,3284405,2494576,2229169,1976136,2687041,320032,938252,0,4955646,1124249
225,000700,2018-03-23,-0.051181102362204633,-0.051181102362204633,0.14792075193795381,9760.0,75190.46605359748,1181,25192025,13302705,1324676,1027193,4389705,4108832,4483584,2633957,5304106,1747498,2496887,1525905,3061641,618722,948442,0,3182984,1640598
226,000701,2018-03-23,-0.017142857142857237,-0.017142857142857237,0.1990222052727265,17660.0,94680.68582293208,1941,52445851,43016045,1569135,1966279,9170224,8559737,9775107,7228392,9891906,9606943,4694343,5796279,6608426,1346746,4921424,3910476,5815286,4601193
227,000702,2018-03-23,0.0406626506024097,0.009036144578313365,0.1456362412967198,18468.0,92846.7055085772,2091,48973959,56984775,1580797,1552643,8843146,10253914,8699885,10204400,11079368,11952444,6734719,9226729,4885046,4042304,1789476,2294693,5361522,7457648
228,000705,2018-03-23,-0.03430079155672816,-0.01846965699208436,0.21988974389538132,10472.0,61304.981312397365,1190,19810937,14304627,1459180,943814,6110353,4401878,2908858,2366012,3730467,3487759,1361361,1567211,2064338,1083753,448290,454200,1728090,0
229,000707,2018-03-23,-0.05755395683453235,-0.05755395683453235,0.13891286501930875,7002.0,27609.034273552617,903,9233122,5350813,776094,1100497,3971454,2785081,2147062,581266,1600263,883969,738249,0,0,0,0,0,0,0
230,000708,2018-03-23,-0.07870370370370383,-0.05555555555555569,0.3436295557947006,10760.0,66960.95213200011,988,23069992,10504014,627103,968412,4880021,3956477,3936484,2131089,4879790,1865828,3943256,461650,1645896,384480,1263836,0,1893606,736078
231,000709,2018-03-23,-0.027700831024930817,-0.06094182825484762,0.06525091563242276,29520.0,264837.9365833524,3089,159589243,133732562,1322356,2131092,11931615,17186016,15505048,17897039,19630405,22973078,16699089,14339447,12700595,9444409,8541479,9080240,73258656,40681241
232,000710,2018-03-23,-0.04426156583629892,-0.021574733096085374,1.1335837404927342,22685.0,89962.43381660998,1575,45884958,34377026,1449947,1463436,9541217,7535127,8376726,5217042,9243202,7422947,8402011,5649660,3696272,1380838,3156082,2704818,2019501,3003158
233,000711,2018-03-23,0.0008326394671107629,-0.01248959200666111,0.3845114549304382,12577.5,77751.86246259646,976,20824237,15583369,877510,807577,5724663,3555046,3505903,3531657,3938967,3762763,1228699,907690,2113993,1656147,421551,0,3012951,1362489
234,000712,2018-03-23,-0.023224043715846965,-0.03825136612021862,0.3349270768518797,20594.0,168908.96628441435,1913,77783780,47965338,1128362,1596490,8847652,9497080,10057418,6897303,10457822,11181405,8436542,5993070,4557826,1764794,7222994,2613956,27075164,8421240
235,000713,2018-03-23,0.0,0.0,0.20161985435445315,18928.0,500653.30008205166,1305,119962334,17357683,2095889,33410,9279121,1085388,9187758,2334205,10607745,3485222,8651019,3263669,6333048,1577205,5299175,979002,68508579,4599582
236,000715,2018-03-23,-0.03604651162790706,-0.03139534883720929,0.34384281810910255,7722.0,44524.45265949386,626,7595624,5405559,579172,577751,2515198,2099567,1915892,728900,1533178,864537,241384,288960,346400,338845,464400,0,0,506999
237,000716,2018-03-23,0.0,0.0019646365422396617,0.1351446167599828,12600.5,71393.02945508422,1426,27222373,24419391,1106978,1049495,7879417,4223404,5099327,4162011,5946186,5240829,2837446,3467474,2051141,1083898,884882,3942483,1416996,1249797
238,000717,2018-03-23,-0.03791469194312802,-0.03791469194312802,0.11302600947658226,32359.5,282201.843726306,3148,148865947,170033437,795344,2374042,12209877,17934020,14801828,19706928,21458281,30486480,16897271,17980972,19878555,16542289,6596327,10305310,56228464,54703396
239,000718,2018-03-23,-0.029556650246305383,-0.027093596059113212,0.09723310513757068,9154.0,80617.76576922143,1750,32378856,23217504,1032940,2411344,6215597,7772088,4867906,4010120,5932543,3446141,2724853,2152120,3149417,956528,2583309,439673,5872291,2029490
240,000719,2018-03-23,-0.04205607476635531,-0.04672897196261683,0.2578955073764234,5747.0,33134.61996266707,1103,11532240,6898304,1164364,779374,3987528,3082515,2397041,1735240,3066115,800936,917192,0,0,0,0,0,0,500239
241,000720,2018-03-23,-0.04921700223713643,-0.03803131991051456,0.1430269351155242,8740.0,72795.63708254692,979,22092582,11820980,908637,1104454,3905467,3295869,3522509,2331304,4065245,1767450,4419063,1900631,707271,0,1751056,1421272,2813334,0
242,000721,2018-03-23,0.05212355212355213,0.038610038610038755,0.11502053169832024,13676.0,68043.82854728293,2039,35668161,37604997,1827459,1387226,10206381,7764059,8512104,6940108,7237431,10337302,4070108,3760401,1303339,2048085,438274,2611742,2073065,2756074
243,000722,2018-03-23,-0.03583061889250816,-0.03800217155266028,0.23434896579139256,14727.5,78950.36954726202,1548,35671969,22796596,1263591,1612816,7397383,6967302,7253092,5638811,9086553,4117275,3175490,2210366,1137984,394121,1299035,487299,5058841,1368606
244,000723,2018-03-23,-0.036832412523020164,-0.04972375690607722,0.12182438833766111,15486.0,116426.46534224601,1992,54363684,34997908,1340977,1581454,9012120,10299977,8109409,5424167,10993204,6125947,6675552,2486326,3469861,2093631,3049468,1848242,11713093,5138164
245,000725,2018-03-23,0.014869888475836479,-0.02230483271375472,0.08985693920497183,547661.0,3354405.9850323265,3602,1798644835,2438484104,3270,6540,554032,884338,5172905,5625220,27628674,41082558,41233274,62237882,50410081,70302203,48600878,78727270,1625041721,2179618093
246,000726,2018-03-23,-0.024459078080903196,-0.02539981185324569,0.29774343465416947,9540.0,66459.10625574524,1275,22311826,14262892,513558,1603063,4116627,5162385,4461625,2993994,4676840,1715868,3770328,703067,2236797,300472,1744498,0,791553,1784043
247,000727,2018-03-23,-0.057613168724279906,-0.04938271604938271,0.04749321271579395,10710.0,116008.37306860712,2667,63324065,40861340,2000597,2076880,10811343,11297836,9009974,7225126,10427793,6250267,5904547,3479568,2738034,2135819,4102012,1428923,18329765,6966921
248,000728,2018-03-23,-0.0011312217194570096,-0.02828054298642535,0.16864135942927805,33931.5,216157.66146166495,2754,141794131,106509115,1159477,2253708,9987035,14369630,16601901,17006959,27172203,21507669,12985940,14122556,12749884,8959483,15322439,5370185,45815252,22918925
249,000729,2018-03-23,-0.008438818565400963,-0.011251758087201136,0.16568471166902107,14300.0,120978.54632507927,1846,47159063,35232582,1552446,1691775,8833730,7627549,8015377,5550082,7172969,4568893,7009184,2356146,3613308,1382612,1751550,845335,9210499,11210190
250,000731,2018-03-23,-0.021935483870967776,-0.024516129032258083,0.20565939300635339,16589.5,111379.93467841473,1422,43979060,25102554,1244783,1109301,7527798,5703015,8020527,6214461,7580878,6001692,3833333,2569092,4634882,1635742,917310,442525,10219549,1426726
251,000732,2018-03-23,-0.054655107425556126,-0.054655107425556126,0.4711227684174635,77748.0,502129.70085528604,3178,292683700,300379814,564564,901549,9689623,12684421,19349795,18531478,36096056,32786042,38647117,36346050,25517710,27962572,24250054,18676441,138568781,152491261
252,000733,2018-03-23,-0.06406250000000002,-0.06015625000000013,0.2967723908125538,16022.5,96220.69211749961,1864,55457294,29476942,1318733,1266466,8703311,7958664,7948806,6818296,10959629,7428043,9156331,2971094,4590493,685175,2730303,0,10049688,2349204
253,000735,2018-03-23,0.030162412993039567,0.029002320185614883,0.15056011319215326,77860.0,310364.6118307191,3292,245185802,292966160,862641,1158668,10799249,13945416,17486270,22859306,40356966,49591855,28950106,40735360,26636003,30447245,15671991,27714998,104422576,106513312
254,000736,2018-03-23,-0.019883040935672502,-0.010526315789473717,0.6151744800633344,17310.0,140173.42355102772,773,18726705,14402784,592151,496723,4914569,3320712,3841273,2832907,2886140,1353912,1996205,991172,687487,300125,0,1315013,3808880,3792220
255,000737,2018-03-23,-0.0227848101265824,-0.0227848101265824,0.14471858309151855,7820.0,52802.10079690616,746,10825933,8514229,550018,856668,2051349,3478155,2835779,1495019,2756224,1814718,1104410,561230,713151,308439,815002,0,0,0
256,000738,2018-03-23,-0.013183915622939968,-0.01252471984179293,0.27785746891294394,45981.5,487870.5897329853,2996,205927234,201238363,1201760,1285220,12532167,13508322,17017356,15955387,29275808,29387377,21985322,16715005,17319764,17339971,12688497,17628950,93906560,89418131
257,000739,2018-03-23,-0.025423728813559365,-0.04067796610169494,0.17544779419790293,11900.0,80319.08855371352,1133,22615359,14278908,949626,902891,6250419,4231258,4790687,3755970,2904813,2157164,1995688,1262765,1036863,332010,484747,0,4202516,1636850
258,000750,2018-03-23,-0.04954954954954971,-0.04279279279279291,0.0974412125063258,13200.0,127005.90889085499,2085,49427828,43816588,1101082,2537850,8263309,11059024,7054847,7075739,7107031,4869227,5389773,4450953,3012157,1114687,3916013,2244511,13583616,10464597
259,000751,2018-03-23,-0.006681514476614803,-0.013363028953229494,0.10346565121573187,13282.0,86732.7712284664,1890,39061424,30486263,1563656,2052520,9401873,8590150,6952587,5247449,8049387,5074785,4987095,1207733,1696987,1278453,2743654,881385,3666185,6153788
260,000752,2018-03-23,-0.039665970772442494,-0.046624913013222025,0.49803296374887784,14060.0,93086.72597040967,833,19595172,9696034,691264,708293,4553336,3416361,3802462,1328800,2433809,1996969,1261856,729366,1280690,309560,862092,474525,4709663,732160
261,000753,2018-03-23,-0.03529411764705881,-0.02941176470588236,0.10962735502801223,10230.0,54572.87710867239,964,15038382,11475362,847924,763158,4165185,4372108,3850577,2233059,3159494,1800227,1732299,990341,339000,0,943903,433149,0,883320
262,000755,2018-03-23,-0.04088050314465419,-0.03144654088050314,0.27073992136357317,9510.0,67291.76391507211,552,10328933,5451404,504128,598656,2524867,1723254,1916339,951348,2289464,953895,899694,465851,735536,758400,451796,0,1007109,0
263,000756,2018-03-23,-0.022499999999999964,-0.026666666666666727,0.32697538954836264,12210.0,83514.9597698207,1348,26932210,17487750,991623,1396985,6035731,6438457,6611974,3654064,6475823,2136350,2595254,1150457,978970,1407037,470690,0,2772145,1304400
264,000758,2018-03-23,-0.0474576271186441,-0.06440677966101704,0.12254868570346465,13478.0,148910.59204299684,2327,57103316,52095906,1256401,2878777,8335017,12544250,7796052,8994948,10574895,8487955,4172108,4922601,4327785,2614229,1779750,485449,18861308,11167697
265,000759,2018-03-23,0.03360370799536483,0.018539976825028726,0.16541283998364498,28800.0,244624.4304579787,2735,110636872,146695928,1446844,2009344,11393117,13122354,14074264,14169499,17844191,21081186,13646814,18134318,8511614,11907184,7641390,6797476,36078638,59474567
266,000760,2018-03-23,-0.06378600823045277,-0.05555555555555569,0.13406640107597542,9320.0,120206.43017912225,1322,26508657,13907286,1112253,1495551,6122320,5731947,2880232,3300904,3300746,2082361,1223766,285334,721540,0,1351259,497973,9796541,513216
267,000761,2018-03-23,-0.05869565217391293,-0.05652173913043479,0.10174170574050846,12418.0,148542.8996022589,2052,53388039,51357389,981805,2841814,6956348,8936215,7216166,6651537,9950933,6749758,7402711,4925251,3031951,1386634,4484321,5006348,13363804,14859832
268,000762,2018-03-23,-0.033076923076923004,-0.046923076923076845,0.25964191571420275,20080.0,147946.89229955254,2511,86375341,61731163,1109921,2054780,10439397,14230982,11836044,10935863,14481673,13142944,12383863,6373528,7206360,2421840,3563008,2710156,25355075,9861070
269,000767,2018-03-23,-0.021505376344086002,-0.010752688172043112,0.09531308461860442,5590.0,125631.97911416361,860,14920711,13047472,817926,498858,3455292,2261141,2639450,1882629,2582292,2036333,1005114,283743,777566,697125,416999,468120,3226072,4919523
270,000768,2018-03-23,0.05035506778566812,0.04325371207230466,0.2673924580543417,98462.0,481681.29310403473,3370,389185854,447007876,828375,629927,11963900,10058563,20646559,18681069,43286968,42926197,28598278,31148864,31423604,28199032,23406036,31549473,229032134,283814751
271,000776,2018-03-23,-0.0006249999999999867,-0.02375000000000005,0.28494238157804297,61532.0,450536.7138128382,3155,259294597,245655473,846125,1279127,11176074,14853100,20820949,22315268,34807322,41339357,28018545,24416666,23781511,22581214,17460971,15512780,122383100,103357961
272,000777,2018-03-23,-0.050541516245487306,-0.04548736462093861,0.3511430309944335,13720.0,87284.96780125036,1558,36841712,23673968,952301,1598096,7413076,7824488,6170704,5009777,7282778,4240687,4817600,1179678,1329078,703332,1798423,1293840,7077752,1824070
273,000778,2018-03-23,-0.03846153846153855,-0.04048582995951422,0.09883379316291871,20640.0,167264.03000581518,2508,91064610,73904226,1603575,2288911,10259290,14744471,10565873,11892005,14122438,12122561,9062598,7426830,7003982,8515819,4883829,4905863,33563025,12007766
274,000780,2018-03-23,-0.030303030303030387,-0.030303030303030387,0.18064214834749867,14820.0,86599.76620128896,751,20210869,11095062,669333,878512,4043705,3384088,3476066,2139683,3660855,1873532,3608291,244000,2048820,691498,1385024,0,1318775,1883749
275,000782,2018-03-23,-0.0547945205479452,-0.05022831050228316,0.24779472561975072,8946.0,43932.09216479552,705,9846526,5556195,598191,683488,3534761,2335878,2173627,1536940,1301252,347362,1008175,210897,699960,0,0,441630,530560,0
276,000783,2018-03-23,0.015536723163841915,-0.025423728813559254,0.14941313344028512,20970.0,145156.89050907348,2250,75901152,57796991,1533451,2206582,8091987,11943634,12347027,11926893,10665744,13251735,7455486,4273078,7500826,3059002,4140612,1366640,24166019,9769427
277,000785,2018-03-23,-0.03870292887029303,-0.046025104602510636,0.3022392432017681,13440.0,57263.02791324747,1001,18939037,11166169,1156820,950453,5745690,3565096,4663323,2765691,4711791,1770587,1177443,705985,0,374921,922880,0,561090,1033436
278,000786,2018-03-23,0.020851063829787186,-0.0034042553191488967,0.4078140745095476,82110.0,411148.39632167004,3331,323287081,247817995,1151090,829097,12728640,8438774,22733303,20166454,54438809,37099475,39850148,32888400,24463056,20854373,18826103,16817440,149095932,110723982
279,000788,2018-03-23,-0.06938775510204076,-0.07346938775510203,0.21098290059148644,12996.0,77139.23358566657,1216,25718898,18285570,587223,1442067,4588637,6010742,4767088,4323102,4631525,3444964,2291788,703965,1704007,763896,2587476,873520,4561154,723314
280,000789,2018-03-23,-0.033333333333333215,-0.033333333333333215,0.19414789112199182,54314.0,416817.34386138344,3278,237505604,210657092,1043231,1120908,12675545,15668024,19554507,22641642,37418317,38492441,31184556,21562217,22706598,14923004,12578810,14398782,100344040,81850074
281,000790,2018-03-23,-0.021118012422360333,-0.021118012422360333,0.15932232212673117,27982.0,238431.88574947516,2563,106693871,107669371,1125060,2213150,10580466,11761306,13620374,14079456,21899230,20021327,13347331,9520760,9394432,6571470,5260688,5537730,31466290,37964172
282,000791,2018-03-23,-0.032258064516129115,-0.030791788856304958,0.1516093495451808,13620.0,71298.09011698185,2029,38559141,30391482,1605629,1927251,9844682,9620460,8339150,6615756,8966337,4136440,3796261,2522716,1040354,2097652,873515,921688,4093213,2549519
283,000792,2018-03-23,-0.041700080192461964,-0.04490777866880513,0.23381404906146902,46546.0,258114.98093510498,2851,190953986,162940769,1026807,1140415,11998436,12619936,18568620,16418666,27552195,26441475,21823388,19819259,21275918,17619711,11139634,11940025,77568988,56941282
284,000795,2018-03-23,-0.050000000000000044,-0.053448275862068906,0.10382068732744834,29000.0,174618.30680194634,3137,123421533,104763430,1372327,2158873,15169472,15900125,17530783,16951183,25271716,22343689,15977536,13371999,13278292,7233573,9748060,5336114,25073347,21467874
285,000797,2018-03-23,-0.0449438202247191,-0.04831460674157295,0.2545964970822077,15246.0,116784.35221271537,1225,35062512,22166237,1075790,1204864,5913948,5072059,5661446,3650513,6962222,4413877,3758908,1753325,1842832,1325249,1741803,444000,8105563,4302350
286,000798,2018-03-23,0.019002375296912177,0.010688836104512989,0.22805056122607553,13350.0,62143.616771447676,1371,22669861,23180772,1192010,1308865,6039745,6336942,4602141,4384292,4227239,5415973,3659851,3290705,1354018,726173,863815,1717822,731042,0
287,000799,2018-03-23,0.017009847806624734,0.004476275738585667,0.44654793942700816,20934.0,164653.7589301322,2509,78630952,66623469,1679602,1894584,14334155,10236005,11920576,9303506,15635782,12073977,10525997,6645676,6212871,4466189,3730694,4092118,14591275,17911414
288,000800,2018-03-23,-0.031189083820662766,-0.03898635477582846,0.21643083708082397,25922.0,157162.5305537977,2250,99270897,66878773,824117,1796820,8129864,11519792,11888086,10525847,19792974,13802387,12008487,8544358,6320441,4379805,8954286,2140100,31352642,14169664
289,000801,2018-03-23,-0.015761821366024442,-0.015761821366024442,0.12620807004630932,15080.0,126638.98687448546,2065,57841289,43302370,1375160,1702112,8559992,8954516,9263757,7801598,9628446,9696333,5167789,4834543,4928094,2155575,3243069,1400890,15674982,6756803
290,000802,2018-03-23,-0.03732638888888884,-0.02777777777777779,0.30481156729779196,11600.0,59664.923392298646,1431,26037107,18807877,1152716,983237,7303487,5391486,5722755,3378333,4717662,5850720,2587218,1551833,1290717,963580,814203,0,2448349,688688
291,000803,2018-03-23,-0.010633156114064901,-0.01546640889318518,1.4957999711562164,10312.5,72973.53030147687,192,3017052,1847890,106425,158416,637973,684900,850810,465353,514564,539221,0,0,0,0,0,0,907280,0
292,000806,2018-03-23,-0.033333333333333326,-0.053333333333333344,0.13931679170140368,25920.0,119070.20661698528,2909,103794651,71657767,1785439,1884349,15669589,14420751,17342413,13954993,24917423,16777349,14772592,8903078,6241219,4757158,5576337,3528438,17489639,7431651
293,000807,2018-03-23,-0.042038216560509545,-0.04585987261146485,0.13517855892426486,62240.0,474588.07685978705,3385,346376641,306597794,897965,1406843,11846406,16773655,17305727,25418091,32723732,36770046,27545967,30119335,24259506,26701779,21253190,25645990,210544148,143762055
294,000809,2018-03-23,-0.038235294117647034,-0.038235294117647034,0.15266808382333302,10080.0,78208.80380350401,496,11363330,5143753,439274,393375,2482049,1565185,2480289,994196,2960474,478557,734454,471100,1397400,0,869390,0,0,1241340
295,000810,2018-03-23,-0.03530895334174011,-0.03530895334174011,0.15986881656868906,17986.0,124821.15540424213,2469,70559358,54347002,1811260,2056183,12889073,10585259,11814604,9747221,15964750,10705554,9412233,5189013,3577223,3423317,2154689,3416568,12935526,9223887
296,000811,2018-03-23,-0.01711840228245365,-0.027104136947218138,0.2385662377051816,11596.5,55632.74712946692,864,17606842,9138510,548669,980125,4048347,2967247,3134597,1754827,5951835,2112742,1579147,521566,1451822,388003,892425,414000,0,0
297,000813,2018-03-23,0.012345679012345734,-0.020987654320987592,0.25745836024746893,8010.0,100595.12247068141,991,24336628,17106302,705546,939251,2905010,3774309,3895305,2193804,4115002,2667297,3697678,1518002,2224980,3169777,944600,426947,5848507,2416915
298,000815,2018-03-23,-0.05932203389830515,-0.05423728813559325,0.31127193140046827,15015.0,102812.75973079185,1440,37315175,23902195,786411,1113477,7275736,6477226,6631892,3898522,7551394,4827531,3109582,2805769,3148087,1051864,0,1351911,8812073,2375895
299,000816,2018-03-23,0.08285714285714296,0.08571428571428563,0.05941707481378006,63733.0,372098.1219211537,3521,234279680,341551526,964879,1135924,13553503,17351450,21213418,26633750,39565968,44061698,23942783,37068037,19518232,25706174,21859819,19637014,93661078,169957479
300,000818,2018-03-23,-0.024186822351960013,-0.04086738949124269,0.2772333835528995,20738.0,139748.4437973485,1878,66274824,42424699,828319,1474153,13239665,6368658,8435143,4986073,9876240,8220563,8239322,4462436,3862952,2528862,3671083,2339213,18122100,12044741
301,000819,2018-03-23,-0.019984012789768135,-0.03677058353317342,0.23617939850431585,27984.0,277900.1665114624,2825,134516265,96738047,1592976,1469681,13737614,12012633,15624887,13700045,19934409,21764302,18760119,10663448,12780129,8351618,8412236,5671248,43673895,23105072
302,000820,2018-03-23,0.04014084507042259,0.04014084507042259,0.4632597525661695,14770.0,2760364.1447328366,940,209893801,149520629,1570051,0,6390196,0,5835627,0,7239011,0,5248918,289196,4151809,0,1795884,1391395,177662305,147840038
303,000821,2018-03-23,-0.03559027777777779,-0.03385416666666652,0.24685545857827298,23099.0,183769.44481249622,2186,87677689,72866295,1393526,1248721,12349542,8717126,11219726,7808186,13704043,12614958,10081265,8955020,6659843,5118411,7503624,6249437,24766120,22154436
304,000822,2018-03-23,-0.0661577608142494,-0.057251908396946605,0.16913082831319973,19812.0,107331.25878599597,2165,70349827,45143416,1313837,1855290,10309220,10458928,11659040,8903468,15302883,9853551,7697548,5446677,6073923,2473973,5023510,2150222,12969866,4001307
305,000823,2018-03-23,-0.05212765957446808,-0.051063829787234116,0.18083675917911385,28416.0,240899.28433395678,2710,137844265,127825982,975166,2595202,7543591,15052688,11426719,15583602,19031833,24885571,14002190,15936890,11650296,5973233,11904609,5392851,61309861,42405945
306,000825,2018-03-23,-0.0368421052631579,-0.0491228070175439,0.09800953318667263,61148.5,632186.165798054,3402,337893816,342939999,725253,1196420,14952991,15480283,22980378,22149402,37760841,34280923,25219877,29182518,20530210,25041130,17266190,18147506,198458076,197461817
307,000826,2018-03-23,0.011773362766740236,-0.008830022075055122,0.6007401598683224,27240.0,153513.5015700187,2047,77490643,53148423,1051796,1299278,10936285,10459083,11918536,10706050,14251586,10458804,6575998,5811292,5483964,3842835,4023098,1714927,23249380,8856154
308,000828,2018-03-23,-0.03831775700934581,-0.03925233644859816,0.3063919839627059,10710.0,87842.3330595304,1220,29021912,13705914,1389549,865197,6234377,3464250,3983995,2135541,5923355,3174215,2496293,425814,1745486,713718,1367110,1314720,5881747,1612459
309,000829,2018-03-23,0.02954545454545454,0.010227272727272751,0.2354748726690253,11557.0,109973.67282603557,1408,28148720,26425215,1145144,1899616,6735289,6037933,4353904,3497953,4747134,4072749,1741658,1467037,2368847,633994,3145055,1337300,3911689,7478633
310,000830,2018-03-23,-0.05602409638554229,-0.05421686746987964,0.27925300509352086,156321.0,799420.4592534155,3539,597553938,563714785,450111,474303,7408197,9324870,19662218,18239713,51433505,49430801,46942469,46078771,47445487,47388307,36927729,37365359,387284222,355412661
311,000831,2018-03-23,-0.05125815470643058,-0.06803355079217155,0.22980843022818148,20160.0,129469.39642201122,2185,68246384,56049923,1349445,1403379,10484481,9061173,10432977,8318429,14781340,12561522,6814679,7371781,5388642,3037427,2787828,2683259,16206992,11612953
312,000833,2018-03-23,-0.033280507131537185,-0.030110935023771712,0.16693715350522276,9660.0,52150.26931066503,1433,19784936,19003777,1482446,1466770,6075404,5618703,4476052,3920323,3347338,2913510,2590976,2662548,1302330,0,0,1310295,510390,1111628
313,000835,2018-03-23,-0.06417112299465244,-0.05614973262032097,0.23398846249508265,9269.0,34009.625233756306,1027,12404390,8924329,802956,1438182,4366133,4099540,2922268,2255373,2487953,684315,1150834,446919,674246,0,0,0,0,0
314,000836,2018-03-23,-0.06804123711340204,-0.06804123711340204,0.10437546361474118,18050.0,120022.91944421122,2171,64707961,45186098,1346193,2092099,10316832,10851619,10840851,8561060,14237059,8369114,7678229,2889469,3325183,1683107,2724017,2286856,14239597,8452774
315,000837,2018-03-23,-0.04761904761904756,-0.05494505494505486,0.14423522864035107,10920.0,65116.36180546172,1436,26517892,17728528,893533,1554343,5438323,6183945,5064073,4468408,8306942,2627925,2701995,1470207,313276,736832,0,0,3799750,686868
316,000838,2018-03-23,-0.048828125,-0.046875,0.13126867454969138,10140.0,58981.6785302585,1525,25758437,15134988,1188578,1573859,7425456,6196310,5858286,2975979,3302173,2375522,3291644,774249,963462,0,489978,0,3238860,1239069
317,000839,2018-03-23,-0.038406827880512195,-0.03982930298719778,0.12392504113117514,40474.0,331641.28774442023,3227,171459934,196718555,939613,1858278,12386000,18936586,17512851,26233216,23176385,28051463,22645008,25315032,11551380,15252183,15924244,8038239,67324453,73033558
318,000848,2018-03-23,-0.00111358574610243,-0.006681514476614803,0.22252288261415573,9982.5,89843.56443809373,1630,27137265,21261519,1625324,1991460,8703085,6175031,4696882,3233900,5221376,2562949,2257134,1876794,698448,391468,440100,0,3494916,5029917
319,000850,2018-03-23,-0.03529411764705892,-0.03529411764705892,0.14045520513726084,4210.0,49007.97075507784,917,11727326,6762669,457688,1132291,3350311,3092409,2449306,827069,3237670,953119,1264857,0,0,355731,0,402050,967494,0
320,000851,2018-03-23,-0.05860349127182041,-0.05860349127182041,0.18657988877736753,17402.0,113151.95633694084,1853,52941651,38796369,1582077,1589384,8704019,8548191,9238889,6903678,9606816,7637619,6773442,5066270,3801534,3172265,4419034,2253988,8815840,3624974
321,000852,2018-03-23,-0.06432038834951459,-0.061893203883495174,0.18256299561673492,16440.0,89155.0851402519,2043,54446302,31783516,1274134,2223461,9306505,9406463,11183691,8466585,10818997,6439333,4065086,1360088,3730057,1352525,3965925,1299144,10101907,1235917
322,000856,2018-03-23,-0.06336939721792889,-0.06336939721792889,0.3524460617929508,38322.5,174376.62132119125,3036,137470875,110449858,1369746,1803792,14340137,16591941,19938749,17186748,33003408,25528945,20176369,16750883,8461698,6422325,6231874,5855754,33948894,20309470
323,000858,2018-03-23,0.019571428571428573,-0.009285714285714342,1.1776078868032382,168072.0,1388467.7149640785,3535,769354150,689018937,309318,182900,9873554,7582064,20882599,18395530,51657149,44919865,45140958,44199280,45965924,40846724,40940324,36313071,554584324,496579503
324,000859,2018-03-23,-0.051948051948051965,-0.04675324675324677,0.11212371093546593,6024.0,50491.01351383218,1184,18164830,9535670,929658,1205464,4158862,4063870,3640761,2356633,4485361,1156408,1956742,0,2227494,753295,0,0,765952,0
325,000860,2018-03-23,-0.01196670135275757,-0.01716961498439118,0.38277237967839745,7838.0,103172.42246241542,2528,36813284,48198886,1125385,4211184,7797009,10828216,6068689,7471025,6237712,8324504,2388901,4330043,3081617,4737934,1795976,1860799,8317995,6435181
326,000861,2018-03-23,-0.046666666666666745,-0.043333333333333335,0.08904894499371507,5900.0,50115.18722061649,1140,15252761,7939069,1078513,1119844,4655858,3009277,2492557,1256301,2737480,1219224,2577305,721223,309622,0,0,0,1401426,613200
327,000862,2018-03-23,-0.06499999999999995,-0.0625,0.14059219606012918,10322.0,59489.979635323725,811,14833299,7210909,759962,809678,4118901,3390753,2918904,1289543,2758240,689864,1460226,686911,368140,344160,895172,0,1553754,0
328,000863,2018-03-23,-0.048979591836734726,-0.048979591836734726,0.15720513522418675,2420.0,44133.04995033768,974,11444810,5000452,809972,860518,3038236,1692173,1936754,831284,2754410,784871,1167364,472926,695794,358680,494252,0,548028,0
329,000868,2018-03-23,-0.038461538461538436,-0.03692307692307695,0.11808887480438347,26260.0,157406.0405004128,3044,97847767,94098276,1463426,2172353,15028807,15026672,19268492,17852638,19914595,18981043,12889128,11254571,7985366,9243587,5318338,3127968,15979615,16439444
330,000869,2018-03-23,-0.015754339118825178,-0.014152202937249725,0.8679976581115535,22872.0,122980.92153850527,1863,61593892,51385539,1522563,893520,9992111,9108724,10217391,7986759,13006125,10270605,5996246,5778225,5015106,3723572,4383975,2620557,11460375,11003577
331,000875,2018-03-23,-0.020710059171597628,-0.008875739644970349,0.08000436433986574,16176.0,138276.8988942711,1797,49560952,53727448,1092234,1455447,7465575,7670214,6022884,6490347,11014590,9977628,4715457,5750542,5141321,4822199,4518295,2265713,9590596,15295358
332,000876,2018-03-23,0.009433962264151052,-0.0026954177897573484,0.1322586389140282,51221.5,262697.82821358956,3156,191999786,222486290,1515408,1191820,13957745,12841805,20418472,19475662,30519822,33886692,23322169,27745094,17002364,23027695,11102105,17206141,74161701,87111381
333,000877,2018-03-23,-0.02801932367149751,-0.02801932367149751,0.19392343500827983,28518.0,157467.8166920124,2860,113827174,96016536,1186401,1660213,12839338,15288123,15585769,17304859,21291204,19238664,13968037,12162221,9625071,6776350,6265575,3837711,33065779,19748395
334,000878,2018-03-23,-0.03103448275862064,-0.03275862068965507,0.2220505824866298,30429.0,193802.65525848963,2735,119773071,114737876,784605,1815156,10497217,14872560,12612083,19420943,22867488,20286240,12935113,15344123,11788986,7901287,8610162,9178228,39677417,25919339
335,000880,2018-03-23,-0.03870967741935494,-0.053763440860215006,0.3940794332487609,9100.0,38317.626180701394,558,6736030,5813183,704161,563754,2386847,1754656,2037369,2014020,618714,1203853,220799,276900,313140,0,455000,0,0,0
336,000881,2018-03-23,-0.0587748344370862,-0.0596026490066226,0.3141354548644929,16128.0,65224.90422114678,1480,33412948,20238304,969010,1035152,8761693,6545614,7064038,4384197,7704619,4305709,3539068,1741794,2081137,695790,848831,0,2444552,1530048
337,000882,2018-03-23,-0.024316109422492405,-0.027355623100303927,0.060691010380284946,23283.0,381381.4046659439,2978,147904890,116906118,1844892,1895950,13947259,13444016,14395476,12969403,20476886,19567306,11049726,9809861,15797302,7077882,8671250,6603932,61722099,45537768
338,000883,2018-03-23,-0.029147982062780242,-0.022421524663677084,0.1077954964619429,4440.0,152222.64252120364,1718,38384028,21322296,1873129,1411808,4925619,4775596,3377840,2517764,4150555,2308649,4888240,1897657,771345,2096096,2184159,2661344,16213141,3653382
339,000885,2018-03-23,-0.05407209612817088,-0.05073431241655535,0.30405609915653137,23888.0,111186.89702946761,2431,69899893,59244240,1233950,1704705,11595719,12536200,13391931,12642974,19281027,14995050,8473259,6436256,5150582,3731555,2657880,1396570,8115545,5800930
340,000886,2018-03-23,0.07317073170731692,0.04390243902439028,0.12250466491152215,35112.0,249586.70106298113,2535,116029740,172652429,1106637,1191094,10141611,12585799,12657396,15694480,23058110,21756939,9960081,14368555,12678298,12766275,10630354,11473089,35797253,82816198
341,000887,2018-03-23,-0.008009858287122529,-0.003696857670979603,0.3642810861428197,17820.0,122534.78612402403,1987,52452688,54865922,1046962,2416749,6988879,10602068,7417325,9805815,11485421,11971958,5994680,4300411,3856114,2934051,2321173,2685828,13342134,10149042
342,000888,2018-03-23,-0.02294056308654857,-0.021897810218977964,0.209299871649233,3840.0,63842.5134141043,2101,27874448,13593588,3052280,1355879,6572215,5378249,4230996,2441022,5191542,2100819,2656540,437302,1003805,0,461700,450260,4705370,1430057
343,000889,2018-03-23,-0.016793893129770865,-0.026717557251908386,0.4672787004307029,11601.0,49986.55588229771,789,11129414,9312389,813173,515859,3524806,3336182,2120501,2402916,2266592,2469616,773492,273056,384000,314760,0,0,1246850,0
344,000892,2018-03-23,-0.025710419485791558,-0.021650879566982306,0.2074716402973361,4398.0,62023.16288528132,1274,10720188,11195332,449983,2595682,2228725,3034378,1337850,1729558,1050260,1182448,497172,728646,1053576,761462,475500,0,3627122,1163158
345,000893,2018-03-23,0.0,0.0,0.19661973740411182,12260.0,572807.6426315054,971,95179692,0,1726066,0,6547710,0,7294700,0,10354489,0,6246249,0,3939751,0,3638155,0,55432572,0
346,000895,2018-03-23,0.026487523992322348,-0.005374280230326267,0.47288866465077206,41232.0,323427.2646750406,3043,179678758,158839406,1367222,1097006,16513764,10775435,18663797,15707090,29039205,28901880,20599376,22855883,15129597,14563543,8498508,9173089,69867289,55765480
347,000897,2018-03-23,-0.009202453987730008,-0.0030674846625766694,0.07674207647575024,10110.0,76674.92816479494,1821,30204119,28295379,1620811,1769662,7796724,7014918,5986653,4853662,4517367,6134602,2983286,2089686,1987309,1423543,1340385,1361566,3971584,3647740
348,000898,2018-03-23,-0.047308319738988636,-0.06035889070146816,0.1112581869950927,33586.5,229689.48546372447,3048,166951311,124801836,1265943,1434647,17581361,14007670,19684410,15631169,24271381,25114279,19843181,14825222,15972839,9810559,11021821,3926175,57310375,40052115
349,000899,2018-03-23,-0.013806706114398493,-0.01183431952662728,0.16562455561852604,12518.0,57030.67431466954,938,17905987,10477621,859253,745352,4814197,3838839,3804085,2663635,3717865,1119633,2689184,201106,1031851,699483,406112,0,583440,1209573
350,000901,2018-03-23,-0.029727095516569157,-0.03849902534113059,0.40805382519772804,37515.5,148920.63694973433,2534,108605072,105342646,977042,1179223,11142890,12563507,14614326,14270349,24128831,24420037,17579033,16060289,11153908,11424260,9218890,4890363,19790152,20534618
351,000902,2018-03-23,-0.011398963730570033,0.0010362694300518616,0.26930747107192415,6776.0,75627.35791615627,1288,20204851,15800226,1482606,1208117,4114827,3825871,3267989,3461578,3863073,2191546,1776609,1472359,776400,0,2352577,961065,2570770,2679690
352,000903,2018-03-23,-0.031347962382445194,-0.031347962382445194,0.08764352346849473,9300.0,85289.99945754446,1331,25223316,17207764,1387441,1172889,5892987,4700774,3981345,2540172,4611671,3214318,3558084,1398395,1306310,1341106,906548,403541,3578930,2436569
353,000905,2018-03-23,-0.05082987551867224,-0.05394190871369309,0.27070182366320555,9600.0,68382.90946478093,1269,24289099,14470743,1069531,1921825,5356390,4844353,5349576,3379882,4691539,1922537,2055094,1227594,1336593,689102,955910,485450,3474466,0
354,000906,2018-03-23,-0.011642949547218673,-0.03234152652005173,0.2806492661963729,14421.0,67952.3095118138,759,17922793,9592827,809760,756102,3735555,3072941,4616743,2168694,2521159,997500,1937053,1452047,2185929,630861,892589,0,1224005,514682
355,000908,2018-03-23,-0.052631578947368474,-0.05807622504537191,0.1730621402975754,10355.0,63907.73615079161,1015,16295925,10405858,599691,887143,3625344,4408020,4219002,1543152,3695859,1512495,1705218,1511048,1037145,0,0,0,1413666,544000
356,000909,2018-03-23,-0.05294117647058816,-0.06274509803921557,0.26422143233579615,12204.0,72024.35939636183,1492,32355722,16233420,1172706,1424949,8790402,5379294,6094667,3701191,5447019,2889355,3823284,1515560,961980,309192,921887,0,5143777,1013879
357,000910,2018-03-23,-0.034269395525940105,-0.04331270823417421,0.41650304882431893,16704.0,106002.91519243791,2554,68616862,28887475,1750756,1553061,21863824,8208079,6976749,4136910,6931076,5347205,4374595,2642064,3135370,2336678,4262279,1799578,19322213,2863900
358,000911,2018-03-23,-0.006561679790026198,-0.001312335958005173,0.2022617028554396,12720.0,82134.7324646946,1425,29160687,23111613,1428331,1302669,6632881,6052287,6309239,3861220,2861664,5053901,4242073,3178584,2669187,1049870,1320313,473060,3696999,2140022
359,000913,2018-03-23,-0.04761904761904756,-0.05786618444846292,0.5713817217198154,16190.0,75918.34644042619,844,22790474,11191924,596317,862466,4587226,3412183,4455838,1657027,5948518,3912151,2236480,728575,1639533,619522,846346,0,2480216,0
360,000915,2018-03-23,-0.03606965174129362,-0.05265339966832505,0.5554075233411406,24465.0,170117.9796228992,1888,82069894,54635275,1054143,1223655,9799697,9344391,11058026,8556924,15411710,10744529,9033997,6674998,7167159,2763524,4506183,1369507,24038979,13957747
361,000917,2018-03-23,-0.07999999999999996,-0.07874999999999999,0.16507687908378266,31920.0,270471.09626281675,2355,143250085,98886923,1375583,1512612,10650261,9730531,15033778,14168021,18779406,13708366,14839925,10135336,11031292,8570321,12108304,5698194,59431536,35363542
362,000918,2018-03-23,0.004379562043795637,-0.016058394160583855,0.20135135454748582,12749.0,105031.00294685242,1159,25702758,15566566,702027,1408407,4769831,4942841,4745954,2986243,4629705,2865654,636828,1781703,1805354,684023,887600,897695,7525459,0
363,000919,2018-03-23,-0.026993865030674913,-0.024539877300613466,0.2716649795448635,12270.0,66013.29522830475,900,16370177,12253443,774086,1158237,4047713,4142292,3853481,2819175,3319175,1019682,1904956,720187,1099143,396718,838178,856152,533445,1141000
364,000920,2018-03-23,-0.029748283752860427,-0.041189931350114395,0.21049731798627577,18100.0,92316.47458426346,1728,50716132,31803180,1473852,1457135,8760730,7315171,10546163,8167115,11098189,5550124,6429009,3828936,4212343,964953,2776449,1352410,5419397,3167336
365,000921,2018-03-23,-0.05943775100401594,-0.055421686746987886,0.26082993173345653,12300.0,94711.91952168035,2281,54813811,34711909,1446037,2213317,9343036,10244200,10528348,5838009,11878756,7834820,5342115,3412438,1649328,1716795,3223617,855500,11402574,2596830
366,000922,2018-03-23,-0.016438356164383605,-0.002739726027397249,0.20406028906027002,11340.0,78513.94972508229,1283,22953845,23122285,1083512,1166065,5830092,4657031,3568687,4059487,5825136,5362398,2187469,3268267,1457487,959360,892128,900140,2109334,2749537
367,000923,2018-03-23,-0.06669776119402981,-0.0625,0.48533161351123955,20360.0,91590.30861770356,1955,54509887,32222101,1054919,1411217,10455489,9403943,11788047,7312207,11760714,8579996,6417264,1492233,1719935,1752878,2249804,455976,9063715,1813651
368,000925,2018-03-23,-0.037242472266244,-0.025356576862123448,0.28304103263611485,21097.0,134747.44880709742,1996,66077097,51137478,1150412,1346725,9390083,10051521,8481602,9335876,14942407,9174220,4806198,6272385,4909346,3912852,3937689,1384136,18459360,9659763
369,000926,2018-03-23,-0.05049504950495043,-0.05445544554455439,0.20634326069110878,11736.0,186481.7022366996,2400,80453306,50218795,3646728,1922718,8749806,8762355,7642082,7157741,14242872,11161428,9245051,5899642,4231811,4585004,5988417,1725161,26706539,9004746
370,000927,2018-03-23,-0.04066985645933008,-0.05263157894736836,0.1210991409682302,11732.0,97420.22259728936,1195,31058315,18499390,775719,1049784,5206498,5094409,4097699,3804167,4868838,2482583,5833333,1261611,3862362,624202,2968536,847752,3445330,3334882
371,000928,2018-03-23,-0.0756013745704468,-0.05670103092783507,0.1520147931185474,14075.0,89813.84667722747,1469,39758540,22222435,876206,1463749,6685106,5420763,7897991,4330497,6540119,4058755,6623616,1584011,2431210,2060241,499056,1878953,8205236,1425466
372,000929,2018-03-23,-0.02921348314606742,-0.038202247191011174,0.2741395148453296,9894.5,46626.092754833146,1056,16076637,11008502,1179709,1169854,4748657,3862520,4382552,3227975,2602344,1750731,1424056,204288,755680,331224,461495,461910,522144,0
373,000931,2018-03-23,-0.04268292682926822,-0.03963414634146334,0.18428399008372376,10744.0,64082.186579868154,1270,26805708,14330553,1127578,1406958,5085316,4997174,5115406,2912148,6640217,2905634,3091411,1265679,2772173,0,1350455,0,1623152,842960
374,000932,2018-03-23,-0.032742155525238736,-0.032742155525238736,0.13118339239152135,44206.0,507465.806398406,3133,256156685,241011834,1352678,1794702,12876705,12458814,17163173,19659970,27952493,27321779,22683187,20263044,20839246,17072542,17272635,13381726,136016568,129059257
375,000933,2018-03-23,-0.03576158940397345,-0.03443708609271523,0.13309666910547485,53605.0,372701.0718560563,3229,252300907,231512639,1152470,1344753,13201908,13191232,20950528,21125085,32943459,34075189,28509940,25391174,16880457,17839729,18716133,13174921,119946012,105370556
376,000935,2018-03-23,0.09690113133300549,0.10427939006394493,0.34372570329872976,129484.5,562845.2221562731,3522,460261262,548479382,405367,397977,8925915,9776728,18027450,22359367,43045558,47561790,41499360,43651382,31374660,46046726,34640135,38569805,282342817,340115607
377,000936,2018-03-23,-0.030769230769230882,-0.027972027972028024,0.13419408797392296,31347.0,174109.21317059317,2850,122106835,84289329,1649596,1677180,15013692,12072317,18473853,15355850,25433077,18305196,18372805,11299604,11196702,8861400,4957066,2980750,27010044,13737032
378,000937,2018-03-23,-0.03846153846153855,-0.044230769230769296,0.1094880265741866,10773.0,109930.09283069166,2264,58575826,35718867,1554460,1989212,8109787,9596911,9280112,5777408,10792806,6921754,7430886,3099346,2676997,2056211,2634253,1726186,16096525,4551839
379,000938,2018-03-23,-0.045504300234558315,-0.05394839718530109,1.1807270045150013,57784.5,350429.9184940189,2938,256711120,203624123,703635,1021254,8435751,16409887,14673603,21984328,25586022,33886479,24208690,25374708,20935727,20009385,12573812,13731759,149593880,71206323
380,000948,2018-03-23,-0.06018518518518523,-0.04629629629629628,0.26088109743564325,15390.0,78630.35976235222,1717,40050370,27142724,1426251,1054693,9173985,6556767,9220297,5925440,8922004,4293777,5661638,2513429,1057269,1640835,1348614,878688,3240312,4279095
381,000949,2018-03-23,-0.03826530612244894,-0.04336734693877553,0.14896219493863458,9500.0,39153.347905107476,695,7971623,7137591,586073,646716,3127556,3358082,1969462,1972726,1108550,385424,494782,267190,685200,0,0,0,0,507453
382,000951,2018-03-23,-0.031081081081081097,-0.029054054054054146,0.3188107905886071,10216.5,71366.61627143745,2158,43980690,27547453,1880496,2659748,9156958,8059947,8123379,4794785,8903428,6641502,5376636,2468581,2710339,695698,1717585,407540,6111869,1819652
383,000952,2018-03-23,-0.04090577063550027,-0.051862673484295074,0.3793348647982446,9478.0,64448.01073185175,1305,20378686,17976948,644780,1965854,4561733,5165624,3875053,3166187,4357011,3477593,2363092,1209249,3015827,1042227,481460,918509,1079730,1031705
384,000953,2018-03-23,-0.016726403823177916,-0.017921146953404854,0.2559687315396593,13200.0,142332.21064007402,1071,16483710,28532304,767220,1196725,4673703,5081639,4075206,3683703,2293252,4688554,2525210,1617114,1003478,2092902,471700,1766388,673941,8405279
385,000955,2018-03-23,0.006201550387596955,-0.03565891472868221,0.1923108555132186,7656.0,89439.80804717228,1129,18345373,21447736,710616,1263057,3617691,3854506,3772801,2453114,3381129,3973681,1909716,1687367,2054690,1344112,457600,1326043,2441130,5545856
386,000957,2018-03-23,-0.06598984771573613,-0.06598984771573613,0.20636551658790872,19470.0,106616.22411103982,2282,64772555,48754691,1594758,2440283,10388420,11336258,12197600,10262501,14359669,10274219,7322336,4997066,3906354,1773192,1394665,2677665,13608753,4993507
387,000958,2018-03-23,-0.068131868131868,-0.06373626373626373,0.1054080317416664,12947.0,94002.2834173953,1870,41864049,29591475,1346457,2014987,7865690,9494723,6749626,6129740,6681227,5349836,5614849,1492198,3798761,300144,1363889,1850189,8443550,2959658
