,code,date,pchange_whole,pchange,change_std,amount_median,amount_std,length,sumsell,sumbuy,sell_vol_0,buy_vol_0,sell_vol_1,buy_vol_1,sell_vol_2,buy_vol_2,sell_vol_3,buy_vol_3,sell_vol_4,buy_vol_4,sell_vol_5,buy_vol_5,sell_vol_6,buy_vol_6,sell_vol_7,buy_vol_7
0,000001,2017-11-17,0.0007593014426727773,-0.002277904328018221,0.22314442483988794,197810.0,1264624.1861500198,3488,967349250,1050115966,361801,328013,7408875,7760227,15839855,19530117,36081056,42380538,40218057,51800221,30212080,40210656,37324708,41078498,799902818,847027696
1,000002,2017-11-17,0.0017331022530329143,-0.0020797227036395416,0.49902545026532696,116360.0,565873.2102607911,3345,463560704,503394555,705480,665685,9680453,10020404,16203283,23622566,42149871,43072221,35522600,40427939,32862027,38335190,27891661,28730897,298545329,318519653
2,000004,2017-11-17,0.00795372378886472,0.01626898047722336,0.5873823189919614,28480.0,116734.76542635506,2224,69263790,62441334,1223083,1275902,11875127,10531270,11729926,11211991,19659662,16272224,9374413,8685283,5601934,4382633,2228103,2657467,7571542,7424564
3,000005,2017-11-17,-0.008639308855291628,-0.01943844492440605,0.17820281535913074,6383.0,47619.87014622716,675,11182283,3763147,876322,486633,3770722,1326322,2092224,920137,1335696,430620,1491539,298680,726800,300755,888980,0,0,0
4,000008,2017-11-17,-0.012290502793296021,-0.013407821229050154,0.3185166031637815,7973.0,148173.51594816174,789,16891765,8152211,1261072,695715,3566503,1820030,2705416,1112721,1860165,384584,804110,440918,378830,0,0,0,6315669,3698243
5,000009,2017-11-17,-0.03483870967741931,-0.021935483870967776,0.1752324650795758,12192.0,150295.43576359915,1959,58385958,40876409,1631416,2205271,8401758,6613744,7649429,5892278,11949441,5735584,6182879,3645681,4386350,5215740,1837955,1378478,16346730,10189633
6,000010,2017-11-17,-0.057040998217468886,-0.033868092691622165,0.12696222229212806,12558.0,89168.45068472918,1958,39378451,29711430,1525429,1665528,8728639,9303504,8321537,5396818,7947631,5507420,2766591,1364715,1985996,2032128,964104,0,7138524,4441317
7,000011,2017-11-17,-0.057851239669421295,-0.03526170798898054,0.4611772105019538,17880.0,86845.05191127345,1549,42999068,24392581,1181007,1129995,8696466,6833941,9968809,5833432,9271219,3341582,4801241,893691,3524734,3523716,1318951,868224,4236641,1968000
8,000012,2017-11-17,-0.03494926719278457,-0.02480270574971799,0.17445182871506756,36387.5,244401.73879031345,2590,146163554,118317021,1593315,1419111,12832815,10643435,14343421,13743923,26308493,20621095,19109178,15226827,11904141,12689041,10626416,9776891,49445775,34196698
9,000014,2017-11-17,-0.003759398496240629,-0.014411027568922319,0.8220864636163029,15760.0,61266.4214835533,376,8278265,3080325,358185,225248,2838606,1398425,1563106,869212,1148665,271840,734863,0,314200,315600,0,0,1320640,0
10,000016,2017-11-17,-0.027108433734939763,0.001506024096385561,0.13388150111037175,26800.0,213223.49501850517,2469,101434871,117443173,1222247,1568129,11075937,10160386,10957601,14048493,15850480,21755407,14272055,12685804,11923617,9659518,8874251,6142121,27258683,41423315
11,000017,2017-11-17,-0.020689655172413834,-0.02344827586206899,0.24276251216825712,7958.5,59369.20869109605,892,16078306,5875929,1129958,881072,4266318,1981548,3530604,1210974,2505967,1303452,1056766,498883,1077572,0,411268,0,2099853,0
12,000018,2017-11-17,-0.034965034965035,-0.02657342657342665,0.20711780738449231,10233.5,77468.9763861525,1192,26406651,12085156,1187356,1252483,5168893,3635313,5938636,3016344,6070356,2896901,2135734,541471,1041324,340814,0,401830,4864352,0
13,000020,2017-11-17,-0.09369144284821995,-0.051842598376015125,0.4579177018512878,11032.0,56385.53357680203,1223,17647991,15920004,1079592,1343104,6057416,5080845,3101720,3284379,3178741,3343747,1393486,1198122,1123760,394000,470265,470700,1243011,805107
14,000021,2017-11-17,-0.04861111111111116,-0.02876984126984139,0.20745001074253414,30030.0,191753.52749746834,2365,130076373,92026674,1591255,1659509,9603035,11061489,12485976,11641752,20623429,18171584,16140879,10381667,7617393,6713365,10501869,6592385,51512537,25804923
15,000022,2017-11-17,-0.008624229979466103,-0.001232032854209475,0.8370520374019114,16856.0,101237.04818203104,846,19302589,19087210,734396,656521,4937691,3405792,3984466,2650124,2517271,2610333,3434304,4035888,2160568,961940,881927,456280,651966,4310332
16,000023,2017-11-17,-0.005267778753292429,0.0035118525021948788,1.1014760803003831,11390.0,46384.65829366739,427,5065768,6064819,483485,299200,2023920,1740981,1264096,1007663,917447,1534441,0,771390,376820,711144,0,0,0,0
17,000025,2017-11-17,-0.04941176470588238,-0.0463529411764706,0.9875705052413019,20530.0,87218.4396586281,1855,47592059,30731000,1250125,1858512,10059694,9638475,8917970,6233864,11562785,7869231,4190370,3222968,3082811,1074982,1318602,832968,7209702,0
18,000026,2017-11-17,-0.04895104895104885,-0.02622377622377614,0.4471063013870053,11180.0,55557.762269225,654,10673591,6748820,430276,752181,3451323,2464405,1901049,1144036,1957630,1487098,491680,430280,1655393,0,0,470820,786240,0
19,000027,2017-11-17,-0.015847860538827252,-0.011093502377178988,0.2013613259308308,7215.0,58016.48851679966,982,17100600,8728749,1097029,806037,4474679,2980506,3711966,1491205,3197749,1158589,948567,566918,2068574,1086291,431122,0,1170914,639203
20,000028,2017-11-17,-0.006931012250161128,-0.004352030947775587,1.5023614048291143,12400.0,108629.76093071821,1707,50211303,24055870,1739454,795459,9766230,5251724,12588021,5650566,8382992,4272112,3428253,2775753,1647050,619750,438120,400026,12221183,4290480
21,000030,2017-11-17,-0.027479091995220917,-0.026284348864993867,0.2720874710522292,11683.0,96790.63906192231,946,20685405,8548647,881619,764503,6776122,2650165,3391826,2059351,2316935,1105453,1417428,235435,1038604,397919,1322000,0,3540871,1335821
22,000032,2017-11-17,0.05375426621160395,0.03327645051194539,0.2925193037339544,18225.0,70313.39634872918,1607,27493092,37429234,1095047,1129232,8012796,8713206,6131001,8247831,6191931,9170178,2759355,4435077,687928,2486433,471122,0,2143912,3247277
23,000036,2017-11-17,-0.04170905391658186,-0.034587995930823956,0.20798142061563177,28455.0,168204.02815797672,2236,113537942,60076657,1517385,1490311,11475140,9653685,14696618,9108097,21936336,11306398,15249832,8554961,8833338,2785542,7132784,5885150,32696509,11292513
24,000037,2017-11-17,-0.04861111111111105,-0.04398148148148162,0.4360886857472167,8440.0,48110.98115103698,392,6010186,3072790,376634,396963,1785493,1194171,1101027,599269,981222,291995,755868,590392,1009942,0,0,0,0,0
25,000038,2017-11-17,-0.034220532319391705,-0.010139416983523497,0.48794677965296057,30426.0,504941.3312173019,2356,110370395,164294310,1116640,1728560,8840242,11835608,9108254,15163328,14833642,21583891,12627050,15340616,7940009,11116400,6506177,9896487,49398381,77629420
26,000039,2017-11-17,-0.04233576642335768,-0.0131386861313868,0.4063789912403007,36648.0,343162.8993201588,2560,186245688,147929641,790896,1627322,8906439,12308387,9836243,12167572,20957780,20778295,20908039,18875537,11524901,14579365,17577548,12600250,95743842,54992913
27,000040,2017-11-17,-0.04960835509138384,-0.007832898172323799,0.5431735116037258,10661.0,68330.36510068852,795,15096925,10867164,531113,948926,2593493,3587459,2630679,1881175,1946401,1803847,1972500,1497294,2958566,684863,1325629,463600,1138544,0
28,000042,2017-11-17,-0.03296019900497493,-0.02674129353233823,0.9320146620966404,7870.0,33171.76101541474,297,3202304,1377497,261364,302506,1304936,808063,946942,0,269878,0,0,266928,0,0,419184,0,0,0
29,000043,2017-11-17,-0.004752851711026462,-0.011406844106463754,0.4337093889352951,13585.0,82644.88078883261,588,16716840,8887705,394102,383663,2229667,1964903,2780215,2183713,3421753,2727521,3139943,440850,1730348,323955,1301980,0,1718832,863100
30,000045,2017-11-17,-0.03652968036529669,-0.019178082191780743,0.29831677963487024,12947.0,63427.447260088986,1348,27558632,20150930,1022015,944174,6391954,6090294,5042255,4101873,7277963,5405873,3877427,1257409,1741694,310128,856874,863329,1348450,1177850
31,000046,2017-11-17,-0.051006711409395944,-0.03624161073825505,0.2637364019585264,11062.5,149498.5743673864,798,25767485,11907115,622057,878176,3752854,2540579,2553906,1826367,4031756,1666088,2269623,957655,1478373,1103543,3112320,418594,7946596,2516113
32,000048,2017-11-17,0.020219780219780326,0.010109890109890163,1.131794192772974,13947.0,77280.24857833772,404,7819865,7386364,332750,272564,1811701,1903984,1778050,1366827,1072777,2152172,1042807,1030897,336740,0,0,0,1445040,659920
33,000049,2017-11-17,-0.014864864864864824,0.007915057915057977,1.334507323390187,31164.0,140611.55666121503,1509,53379606,59509788,498995,794739,6124243,7010513,8473943,8089418,11546420,11943374,7631498,10970361,6443152,10493818,4000281,3517830,8661074,6689735
34,000050,2017-11-17,-0.055883510428965,-0.015348288075560879,0.458709613054712,87255.0,468948.25194252486,3071,381798809,311750144,655970,651547,9927196,10463852,17438425,19704279,31173464,33819661,31253313,33707882,32520512,32661723,23871592,22577610,234958337,158163590
35,000055,2017-11-17,-0.030346820809248554,-0.024566473988439252,0.2072201947885942,10215.0,67961.33526315163,1116,23889255,7472641,885166,967665,6488015,3505658,4282459,1615036,3851803,880560,2556564,503722,646493,0,1419805,0,3758950,0
36,000058,2017-11-17,-0.0011534025374855261,0.014994232987312728,0.195968929487427,17920.0,65865.66948847262,1960,39482528,44000900,1993509,1512909,10202582,8884526,9091591,8591768,9521290,14238317,4608084,5667231,1395189,2763871,1357074,1766310,1313209,575968
37,000059,2017-11-17,-0.030977734753146247,-0.023233301064859657,0.24506242186047208,25512.5,159084.04951574016,1778,79346030,47955956,724122,1162161,7826803,8045919,9009110,7384255,15281634,11915506,12279123,6939416,6070016,4093162,5304536,3090824,22850686,5324713
38,000060,2017-11-17,-0.03517110266159684,-0.027566539923954303,0.21645759346445942,21840.0,184993.61673280696,2365,95434301,86062731,935098,1862345,8461489,10232477,10402552,14406311,14794825,15447666,9130735,11863031,6100740,9597444,8535207,4019925,37073655,18633532
39,000061,2017-11-17,-0.040000000000000036,-0.02749999999999997,0.27699402200480305,8015.0,75236.58232318476,834,15760515,7844434,914435,882842,4023823,2407259,3240071,1036008,2409266,1218824,1108127,295834,1503170,376138,0,415543,2561623,1211986
40,000062,2017-11-17,-0.03918367346938778,-0.02448979591836742,0.7355880298500695,14340.0,105267.15116467395,1109,29221672,17332799,892039,1238598,4878618,5060267,4933304,2977018,4926972,4156337,2595181,1768718,1384960,709138,2342683,1422723,7267915,0
41,000063,2017-11-17,-0.039946737683089206,0.0029294274300932788,0.6270583756768697,378450.0,1392679.0096824951,3588,1216002645,1266249001,30221,52888,2864584,3134777,9721220,12187138,33883569,42373165,51671926,50426139,48616065,57050071,52139219,58786064,1017075841,1042238759
42,000065,2017-11-17,-0.038204393505253176,-0.025787965616046016,0.5364521643432114,20520.0,91963.06287013988,1524,44272416,30857045,647563,991003,7729098,7616621,6873267,8034216,8762944,6891893,5756796,4785445,3010047,653105,2962688,1357542,8530013,527220
43,000066,2017-11-17,-0.06572164948453607,-0.037371134020618535,0.16734308322891306,22770.0,193652.7629362409,2153,97292995,54845262,1273549,2058452,9678224,11255174,10149991,10673951,14682083,10006614,10975791,7860191,8937272,3401369,4839212,1288611,36756873,8300900
44,000068,2017-11-17,-0.03877221324717284,-0.029079159935379795,0.20325841766523758,8540.0,102456.2887316637,928,25271928,9833472,839600,718547,3767721,2890029,2807931,2126210,3861088,1374122,2449292,830871,2344102,0,3188602,0,6013592,1893693
45,000069,2017-11-17,0.015186915887850372,0.024532710280373626,0.16210435692993624,31355.5,312765.479330387,2796,165867745,170691994,1791349,1577966,13837505,10145699,13764349,12013701,22192152,21175902,14577620,17198075,11808094,10486456,11474278,20312008,76422398,77782187
46,000070,2017-11-17,-0.07469244288224963,-0.055360281195079186,0.28318428846750426,19800.0,89452.917842829,1617,52715725,27369870,1053134,953846,8968800,7153755,9059848,4466546,13606147,7189513,4198217,4058264,5108102,2023944,2171122,406260,8550355,1117742
47,000078,2017-11-17,-0.028846153846153966,-0.022435897435897578,0.14560812726270722,12440.0,121465.5320802325,1840,65070782,25589662,1844100,1210109,8144203,4972725,11110004,5195810,14215878,6283964,5734307,2089040,5831655,4390305,3244526,832709,14946109,615000
48,000088,2017-11-17,-0.009433962264150941,-0.014150943396226578,0.276588309319753,8480.0,111485.94002458033,941,17725154,14854927,874001,809227,3799525,3421003,3246174,1832310,3511852,2705203,222024,1650738,629338,1399492,419500,427569,5022740,2609385
49,000089,2017-11-17,-0.022497187851518663,-0.006749156355455588,0.2465091716991283,16872.0,96409.08016431208,1301,36921054,26650675,1544788,998262,5369016,4807912,10678389,4926615,6309419,4530926,5332618,2467653,2023542,2731616,440000,1343042,5223282,4844649
50,000090,2017-11-17,-0.03930968360498566,-0.0230105465004794,0.2600346960361663,12486.0,100747.98139254456,1612,36165219,23835448,891182,1131057,7416298,7250693,5326634,3748881,6823100,4402175,3416005,1425456,2021608,1334998,827028,480168,9443364,4062020
51,000096,2017-11-17,-0.002956393200295615,-0.018477457501847705,0.6070208846289816,10696.0,48845.99894329502,497,7970761,3349798,567964,402084,2810612,1359300,1756230,937360,804329,383254,554088,267800,0,0,900957,0,576581,0
52,000099,2017-11-17,-0.04089581304771173,-0.028237585199610393,0.3010586028366665,9965.0,83831.88646137898,1164,24783968,13505510,1144723,1261676,4159900,4082857,3661547,2480062,3847894,2865212,3123945,1865446,2773608,950257,886044,0,5186307,0
53,000100,2017-11-17,-0.03305785123966942,-0.01446280991735538,0.08308869279444546,70956.0,559638.8930978872,3413,455885869,425766705,1195894,1069202,11974633,12326065,18622321,18098103,37022232,36132125,31005858,29444064,26198481,27550100,19253313,24891243,310613137,276255803
54,000150,2017-11-17,0.0006784260515604323,-0.008141112618724633,1.2388469497022927,11562.0,130069.82452470987,566,9298013,12909525,868588,360387,3146977,1541512,1609747,1341335,1337951,735684,202300,829240,0,962940,0,0,2132450,7138427
55,000151,2017-11-17,-0.08187134502923976,-0.05198180636777128,0.42383908850572377,14665.0,124104.98316805404,1320,38888114,16573083,1026426,964670,6658834,4831758,6440958,3865816,5892995,2922037,3241955,1813163,358436,969738,2675648,444000,12592862,761901
56,000153,2017-11-17,-0.05466970387243719,-0.04214123006833703,0.313758109338135,14925.0,64447.55408404656,783,18471031,8039689,622910,763776,4869767,3400127,3063743,1691401,3976365,1268582,1957406,915803,1045918,0,0,0,2934922,0
57,000156,2017-11-17,-0.0547945205479452,-0.042537851478010036,0.4062183348030083,13740.0,104200.61917426632,1166,35694371,17317392,687836,1137904,5092211,4726418,5341950,2741991,8044433,2634503,3701604,2415489,3015161,1617573,3898143,483938,5913033,1559576
58,000157,2017-11-17,-0.006696428571428603,0.006696428571428381,0.0920067865602477,19580.0,210098.91704191404,2381,90225403,75150390,1969989,1506026,13654428,9978701,11222344,7625145,13764211,7354876,11066228,5884545,4849144,4812770,7588164,2629683,26110895,35358644
59,000158,2017-11-17,-0.0398322851153039,-0.01991614255765195,0.28797117126506966,14070.0,144666.38455566388,1098,32055805,16690511,1040499,1217146,5901531,4478586,4864850,2472925,5791559,2780311,1758101,2206361,1790626,1442104,1404500,921828,9504139,1171250
60,000159,2017-11-17,-0.048986486486486513,-0.028716216216216228,0.21385964952813385,11001.0,44799.34636481011,766,12725938,7140564,519339,834236,3232346,2981763,2723862,1591563,3479577,1246200,1495209,486802,1275605,0,0,0,0,0
61,000166,2017-11-17,0.007181328545780907,-0.0053859964093357915,0.11992911034743992,15484.0,189468.17165207156,2163,66332716,60362490,1251528,1735693,9504210,9858464,7808754,7292061,9011194,9275543,4639994,3833982,5564522,10769665,2653532,1339850,25898982,16257232
62,000301,2017-11-17,-0.013490725126475533,-0.003372681281618828,0.12409469617124101,23520.0,107156.35496176746,2289,61565627,60087769,1549277,1448969,11197136,11103627,14437304,12092164,12926129,12612964,7648114,6913247,4469018,3910627,1394599,2223989,7944050,9782182
63,000333,2017-11-17,0.01417769376181477,0.021172022684310177,0.8903133862614305,226926.0,1368443.562336808,3532,975718795,1116976186,197898,79951,7731312,5173055,18189197,12911229,51762679,37265142,48622454,38999417,46250002,41353944,46226564,34561640,756738689,946631808
64,000338,2017-11-17,-0.011363636363636576,-0.006818181818181834,0.15056211899291805,58245.0,308219.8354540099,3424,261784247,269079347,1102811,962982,18774202,11511524,24386480,19128477,41237814,34296553,29576451,34333558,18318126,21429097,12926162,20600412,115462201,126816744
65,000400,2017-11-17,-0.03034300791556732,-0.01781002638522422,0.36846157866826373,7605.0,81574.04118561152,1693,38386759,23309504,2527118,924172,6294284,5407915,5655702,5194741,8559659,5361141,5090747,1767160,2398739,2306311,2163845,1775184,5696665,572880
66,000401,2017-11-17,-0.05484089370345291,-0.033175355450236976,0.28447890970492506,41731.0,219150.99923494898,2698,175193151,109069801,1149255,1012006,12962104,11576744,17482084,16980223,26749043,19838760,24307554,15103325,15609497,14005376,11525316,9247763,65408298,21305604
67,000402,2017-11-17,-0.018502202643171706,-0.029074889867841458,0.2264897095533135,33090.0,139102.89837467938,2516,141437653,53166924,1401644,1376866,9895507,6640344,16529188,9424471,52218927,17489228,23277096,8137458,8785140,4394299,4574659,405860,24755492,5298398
68,000403,2017-11-17,-0.000892060660124927,0.000892060660124816,1.3325510836476169,33700.0,198057.6651678824,636,34492329,23682285,304409,128435,4286762,2067281,3787541,2338570,6429452,4877901,4175292,1910511,3379428,2793237,3148173,2563809,8981272,7002541
69,000404,2017-11-17,-0.04947526236881561,-0.03148425787106446,0.23107895066742065,13160.0,105670.02792829963,833,29127904,12378590,830489,809067,3955575,2353317,3558319,2372564,5033875,3666379,2972919,213486,3037560,1673438,1792460,1290339,7946707,0
70,000407,2017-11-17,-0.022698612862547263,-0.006305170239596425,0.2803038128531255,10969.0,91715.08758198623,800,14855681,14269601,801228,773352,3132881,3139330,2876235,2088394,3377115,3342022,1752178,484980,691548,619801,2224496,0,0,3821722
71,000408,2017-11-17,-0.024269167126309887,-0.01709873138444562,0.4804371957864068,17790.0,166961.26366696507,1425,52941366,36358721,850611,1420294,6305081,6976112,5677607,5045777,10223119,6592941,4601170,3872560,4208214,2118570,1309289,1376573,19766275,8955894
72,000409,2017-11-17,-0.008875739644970349,-0.0014792899408283544,0.23128079420629125,13471.5,66219.33432342082,854,13992858,13199182,740842,696197,4228042,3668341,2833324,3014525,1806653,1877423,2938176,970376,684496,958610,0,0,761325,2013710
73,000410,2017-11-17,-0.05204872646733094,-0.050941306755260096,0.2272084605797252,17220.0,108482.08340881938,1581,50761303,26808910,960772,1794934,7889078,7091977,7207677,5207661,9783372,5122442,5455323,1911718,972686,921726,5151607,1426685,13340788,3331767
74,000411,2017-11-17,-0.028670291646070267,-0.03163618388531886,1.0328329244915477,9815.0,92324.95246935364,383,9244011,2654851,490325,338591,1648484,1067858,976394,1047152,1256937,201250,1047604,0,320390,0,907639,0,2596238,0
75,000413,2017-11-17,-0.02019230769230773,-0.007692307692307665,0.1857013577755607,52250.0,338392.173571528,3140,282819777,190537939,917408,1078824,13593600,13205088,22833007,16852702,36066618,27294708,33497314,20848926,20099881,13914507,14138136,12054457,141673813,85288727
76,000415,2017-11-17,-0.004754358161648042,0.0015847860538829028,0.14486400730223048,7560.0,97251.46672227085,1901,32436227,39387134,1123290,2241062,5088908,10150635,5736709,5908756,6602741,6900597,3328940,3164745,2030368,2187187,1266511,1402121,7258760,7432031
77,000416,2017-11-17,-0.010701545778834753,-0.005945303210463826,0.21602767752621757,16600.0,72663.98909712148,1518,31602545,28686326,1153965,1581275,7205436,6647334,8616784,5839548,6401777,5636702,3850327,3493191,1652659,1531274,1812185,1745536,909412,2211466
78,000417,2017-11-17,-0.031100478468899517,-0.015550239234449648,0.21123860764694027,3332.0,69326.99111407562,1568,18079846,8806469,3688053,932975,3475175,2015108,2386776,1288051,2487138,1021392,249279,967698,0,0,1393864,910199,4399561,1671046
79,000418,2017-11-17,-0.012044105173876218,-0.0003392705682782049,1.5231103564161796,23292.0,157040.25316878405,1500,45754164,40902101,1270165,729351,7166792,7110925,10207538,6395530,9516958,5669343,3942114,5188857,4432379,3382381,1287487,2327257,7930731,10098457
80,000419,2017-11-17,-0.04769230769230759,-0.039999999999999925,0.29542150309368215,11017.5,105191.27520713306,484,11094288,6012250,365465,477806,2400948,1493822,2162096,632881,1631692,1127744,518632,241875,1308587,0,0,0,2706868,2038122
81,000420,2017-11-17,0.006006006006006093,0.0,0.07559649286780197,9004.5,111186.23804855034,1958,33617463,44711698,1514835,1966193,6876625,7597046,4182032,6068653,6745165,9082979,3306516,3521075,3276755,5050054,1323922,1363044,6391613,10062654
82,000421,2017-11-17,-0.03453453453453459,-0.021021021021021102,0.2462924708020442,5886.0,33396.119531607714,731,7694322,5059987,631075,646495,2671207,1845220,2578555,1345120,1070572,155929,742913,1067223,0,0,0,0,0,0
83,000422,2017-11-17,-0.051224944320712784,-0.03786191536748329,0.12463807390783775,10584.0,118728.17447328543,1300,33663976,17263978,1138183,1388786,5941406,4767138,4970437,2508648,5970440,3831237,4556020,1595319,2848736,1072086,873610,405635,7365144,1695129
84,000423,2017-11-17,-0.015610066900286768,-0.020547945205479423,1.186596914570488,55323.0,279148.1968188818,2799,217162192,162209338,808858,1275016,11651834,13436667,17310110,16430216,31906669,30349518,20357006,20509740,17832240,16782039,16158195,11040442,101137280,52385700
85,000425,2017-11-17,0.0,0.010471204188481575,0.06787571556731002,35433.0,250309.14768596052,3197,154491120,180495127,1405206,1222547,16300075,20771244,19186320,18942871,18826169,23073089,14271407,17971088,9699186,14141289,8401436,6066468,66401321,78306531
86,000426,2017-11-17,-0.05693581780538315,-0.03002070393374756,0.2469482737404468,11532.0,88787.19992263422,1533,31063855,33872117,1397618,1267700,5949239,4818122,4658318,5684343,6327072,12129340,3729074,3778933,2828535,722963,1387899,2562447,4786100,2908269
87,000428,2017-11-17,-0.037209302325581395,-0.023255813953488302,0.18690522078896174,8058.0,59808.786599282335,529,8001753,5690572,561760,428485,2310728,1546636,912369,1041356,1603539,925905,878600,537898,371280,731742,1363477,478550,0,0
88,000429,2017-11-17,-0.017478152309612915,-0.012484394506866336,0.23421850962104834,13472.5,117782.44581275363,1170,24396052,21792615,971542,1158589,6045144,5240147,5271516,4146524,5007255,952534,1836953,683514,2492906,1122878,1398438,441378,1372298,8047051
89,000430,2017-11-17,-0.039665970772442716,-0.03235908141962429,0.3809638222913148,9480.0,39647.67427334129,632,10717397,4454940,825218,715307,3918808,2050108,2147031,755155,2204655,705420,944543,228950,677142,0,0,0,0,0
90,000488,2017-11-17,-0.03380782918149472,-0.023724792408066353,0.34367208381653463,33560.0,251590.4630010839,2408,142425910,105510591,962649,1643672,9898995,12723856,13460400,14976792,18557530,16074552,14107425,14738097,10899836,10836950,9250769,8489716,65288306,26026956
91,000498,2017-11-17,-0.04456824512534807,-0.03064066852367686,0.17832204260736306,11280.0,61989.44437291254,1624,26367618,12159444,1130966,1154058,12867443,4983626,4025560,2045489,2086224,1477228,2070483,789814,385000,346558,436544,830927,3365398,531744
92,000501,2017-11-17,-0.017008797653958907,-0.014662756598240456,0.4954089839938116,16860.0,83567.24518532456,1185,26761100,17933229,791990,761889,6398678,4764869,7645948,5265894,3839394,2676204,2346603,2297095,2194763,344410,408944,0,3134780,1822868
93,000502,2017-11-17,-0.03924775143090764,-0.03761242845461987,0.3792306169790224,12644.0,61846.679649098915,1040,24628714,11493398,1041405,806333,5641927,3431837,4956550,2797068,6510816,1954016,2395039,1672868,2724727,366000,0,465276,1358250,0
94,000505,2017-11-17,0.04522096608427528,0.02466598150051391,0.2836175127618222,19530.0,122738.72155004212,1181,34482858,35290759,1037616,1053331,5290717,4702377,6341103,5723212,4806029,6740809,2625317,7294569,2892822,3459713,1333860,861721,10155394,5455027
95,000506,2017-11-17,-0.009852216748768461,-0.009852216748768461,0.3027281955918502,9672.0,51205.16452233006,719,13240399,6011438,890128,727833,3600566,2028757,2436617,2097050,2817352,914499,732152,243299,966724,0,1222570,0,574290,0
96,000507,2017-11-17,-0.019569471624266255,-0.013698630136986356,0.2156218778963073,20180.0,109730.39062392418,2248,66187811,48699268,1381526,1576628,11346065,11109290,11472597,9218069,17244472,8151310,7492713,3447876,2882923,2421653,2664982,1295606,11702533,11478836
97,000510,2017-11-17,-0.04615384615384599,-0.04023668639053257,0.2627082143211024,8976.0,49625.03942409969,1035,17674627,9002598,1204205,1236945,4835267,3513950,3685638,1891664,4232964,1109607,1831246,893784,663309,356648,409999,0,811999,0
98,000513,2017-11-17,-0.040770734431722966,-0.02289863166713213,1.4212464589105733,49462.0,234497.73290108307,2542,173775383,117762669,1499198,988620,12962602,10405764,16849896,15206763,26583601,20181635,20304682,14494561,17412407,10377927,11445343,13681453,66717654,32425946
99,000514,2017-11-17,-0.04915730337078661,-0.028089887640449507,0.22119449679268324,9080.5,49321.78851147341,1036,18161163,7762233,1121209,1066285,5626475,2861543,3844898,1510789,3244010,1302773,2622127,496645,1022276,0,0,0,680168,524198
100,000516,2017-11-17,-0.01984126984126977,-0.01388888888888895,0.15120287172423139,13877.5,138810.44274283585,1112,43788965,15000001,939666,1008079,5291141,3813027,4907446,2472757,6483215,3080107,5002563,2432823,2366736,1309343,5385117,883865,13413081,0
101,000517,2017-11-17,-0.029484029484029506,-0.012285012285012442,0.13169833594344132,8100.0,56810.05584774176,956,15255861,8281592,757948,1006903,4596106,2851912,2917465,1313385,3468894,2039504,1745528,706288,0,363600,0,0,1769920,0
102,000518,2017-11-17,-0.037142857142857144,-0.02857142857142858,0.26160834233184604,7480.0,64839.91523271154,717,13389788,6439420,629686,800803,2863932,2083116,1603246,1558359,2424583,369417,2838826,912942,306000,714783,851325,0,1872190,0
103,000519,2017-11-17,-0.07615894039735116,-0.05408388520971308,0.2092276829071397,17200.0,96131.29663984034,1877,49871012,30885062,1375939,1989955,9264907,9242426,8777918,5565241,8440536,7232694,7002933,3369404,4923174,1042442,1934774,822365,8150831,1620535
104,000520,2017-11-17,-0.037117903930131035,-0.028384279475982543,0.1333764366792595,9100.0,74156.4425235314,1181,24458585,14155275,1067860,1247005,5545950,4206179,3595342,2058308,6213487,1953195,3565971,875738,665324,372020,1276935,1802524,2527716,1640306
105,000521,2017-11-17,-0.03384094754653133,-0.020304568527918843,0.1690126823310461,16379.0,104778.9349723967,1224,30902515,21281941,905291,1105587,6136110,4975248,6291918,3965139,5817823,4339130,4361955,1712665,2024190,1668126,447372,405790,4917856,3110256
106,000523,2017-11-17,-0.03796095444685477,-0.020607375271149864,0.39184556157401434,12712.0,64527.53652412724,553,13008153,5578645,443494,584132,3361118,1825698,3225397,1164335,2084288,564414,2326864,532932,324054,366000,0,0,1242938,541134
107,000524,2017-11-17,-0.03052805280528048,-0.025577557755775526,0.44210725797624073,8288.0,36922.9693010229,751,9782115,5060000,797856,539839,3556701,2013038,2577498,1204980,1432980,565587,680678,736556,327430,0,408972,0,0,0
108,000525,2017-11-17,-0.006076388888888951,0.02560763888888884,0.5637854778480482,30160.0,193787.93312604565,1671,57228855,72314560,798437,883482,8622246,9976864,6489369,9599940,10146832,15717531,7638618,9394756,4321044,4494018,4179363,6879633,15032946,15368336
109,000528,2017-11-17,-0.021356783919597944,-0.017587939698492372,0.18799918776951455,15680.0,103320.09196019387,1795,49276400,32402649,1394869,1483517,8969355,6779126,10698972,5044657,9935283,6047563,3559479,4596988,4058043,1491282,1734083,446448,8926316,6513068
110,000529,2017-11-17,-0.03385416666666663,-0.01822916666666663,0.3096049367633957,7650.0,70277.9659119755,615,12120935,5923554,708904,513431,2669059,1597715,2426938,1310467,3189418,775140,450903,459701,397130,0,886895,0,1391688,1267100
111,000530,2017-11-17,-0.04333868378812211,-0.04173354735152501,0.18132946194738955,12240.0,90433.02732486447,1181,29066742,15515752,703663,1333028,4779111,5284204,5090530,3048176,6280281,2443550,1663203,1721742,2700626,948761,1824939,0,6024389,736291
112,000532,2017-11-17,-0.037811745776347494,-0.03057119871279157,0.4408115091494679,12200.0,69642.38988461783,795,18821336,7647620,676858,736896,3828775,3010788,2975868,1799088,4082338,1278984,1870470,505199,1267733,316665,453750,0,3665544,0
113,000533,2017-11-17,0.011554621848739677,-0.0021008403361344463,0.3775909423037573,20034.0,277215.4699022947,635,32016075,28533771,664479,320095,3036686,1744933,3925892,2424302,4146602,4579718,1914568,4664860,380000,4014844,448862,2698850,17498986,8086169
114,000534,2017-11-17,-0.01664447403462055,-0.023302263648468657,0.7618930538342783,13446.0,62830.21635243696,388,9015713,2657227,409205,237605,2380386,1103910,2120774,305388,2209938,372444,764518,0,0,0,0,0,1130892,637880
115,000536,2017-11-17,-0.040968342644320255,-0.02420856610800748,0.18514611942705958,8908.0,102910.92755597836,842,16063083,6611184,775267,614298,3894870,2386596,3139032,940198,1147169,1565771,1256537,736821,1017786,367500,1370351,0,3462071,0
116,000537,2017-11-17,0.04166666666666674,0.023611111111111027,0.3868542406714385,29720.0,172900.91000299685,1387,53778384,70665216,1007428,567136,6412146,5462551,6509323,6207233,13177935,14230257,8614735,8289962,3879907,4457408,2262386,5812979,11914524,25637690
117,000538,2017-11-17,-0.005178815712331475,-0.004494821184287789,2.037405347150433,50450.0,382505.7318048516,2524,198068755,160420296,6074,14706,12538524,11018024,17045826,13498125,26957708,20582830,18430924,14949298,11135675,11147563,13764109,9801994,98189915,79407756
118,000539,2017-11-17,-0.009842519685039353,-0.011811023622047334,0.20233085965805425,5040.0,38601.718038800485,630,7261391,2596602,774851,353804,2817349,787486,1142361,559340,876253,458230,738567,437742,0,0,408615,0,503395,0
119,000541,2017-11-17,-0.02728226652675758,-0.0209863588667365,0.20713673071264055,20724.0,128235.75798621653,2119,78034672,49720734,1557245,1728372,9312917,9802225,11587502,10251233,15894828,9432741,8946767,6930671,5198123,4161675,6589943,2229145,18947347,5184672
120,000543,2017-11-17,-0.02457466918714557,-0.015122873345935761,0.17884096102061045,10560.0,121578.46514844343,875,25732944,11835731,755825,782275,4060571,3064995,2888454,2323364,3455542,2545644,1526312,1286853,2000402,954074,1255166,878526,9790672,0
121,000544,2017-11-17,0.018246027074749982,-0.008240141259564293,0.6775247593523634,13488.0,44009.647655174595,628,9583076,6768593,544815,417712,3993956,2351199,1827164,2216218,1965006,255550,494213,507248,322026,1020666,435896,0,0,0
122,000545,2017-11-17,-0.032258064516129004,-0.026565464895635604,0.1404285122185351,10320.0,96893.75261152275,1410,32470288,17351296,1068876,1476180,4701543,5473782,4975862,3875516,6231818,2578779,2802255,949506,2418621,1301640,1757585,0,8513728,1695893
123,000546,2017-11-17,-0.02826086956521734,-0.014673913043478204,0.5633771868488722,14519.0,122024.64184431854,1067,28089632,17597148,773033,1244103,4355938,4391734,4020351,3644161,6060668,4167936,3089716,2201763,1636338,309400,0,0,8153588,1638051
124,000548,2017-11-17,-0.03271692745376964,-0.0256045519203415,0.26504824948391964,8280.0,52377.24805835244,703,11833790,4978918,656736,879141,3038253,2403258,1904297,1036325,2931111,660194,921187,0,720456,0,412800,0,1248950,0
125,000550,2017-11-17,-0.02936288088642669,-0.0016620498614958734,0.5997948018618758,14504.0,47571.01094994867,905,16347984,9640701,968832,809748,3972101,4704469,4123820,2244958,4476406,1146996,472802,734530,1435174,0,898849,0,0,0
126,000551,2017-11-17,-0.016260162601625883,-0.0011614401858304202,0.30491651821009563,12825.0,102615.57083612496,798,13896144,13197351,746725,747396,4239714,3117688,2348657,3084469,3497324,2054456,1965268,202304,662956,364875,435500,0,0,3626163
127,000552,2017-11-17,-0.04931506849315059,-0.03561643835616435,0.09327326477569375,4236.0,69951.80277514386,1539,25165941,14601974,888549,1398457,4960089,4251830,4876600,2887646,4124619,3002024,2773691,1140698,2829977,1362873,848099,0,3864317,558446
128,000553,2017-11-17,-0.041592394533571,-0.03683897801544844,0.37329139705345976,26208.0,127500.2879630744,2034,80191604,54027340,1106701,1504438,11177063,9783460,11572927,10232904,16235679,10861923,11073765,4963924,9880461,4857247,6331570,1708443,12813438,10115001
129,000554,2017-11-17,-0.055299539170507006,-0.05069124423963123,0.22282325673977504,17241.0,114103.29141251175,1521,45576517,31870060,1087360,1529916,7274484,7055465,6095161,6257404,10285183,6934196,5918806,1807060,2377090,954493,4430298,2183977,8108135,5147549
130,000557,2017-11-17,-0.05335968379446632,-0.015810276679841695,0.14485701814807256,5020.0,48852.54567377469,1222,14488778,12054470,688098,1335214,3969391,3612579,2563321,2523587,3076387,2479272,2905331,413808,790250,691329,496000,476602,0,522079
131,000558,2017-11-17,-0.012068965517241237,-0.0017241379310344307,0.12969632621138463,17460.0,218873.35854998254,2005,61057480,54001460,1564228,1485413,8949820,8640844,8692262,8584284,11210096,11628490,5903181,8843021,1802753,3377493,2783695,847080,20151445,10594835
132,000559,2017-11-17,-0.02530541012216414,-0.013961605584642212,0.22312883239923387,37719.0,566264.2840130331,2642,168520999,237490024,1076415,1253086,10962379,11179446,11688355,15889454,23543199,22585864,17458894,17438253,13389391,11033513,7729233,7595568,82673133,150514840
133,000560,2017-11-17,-0.03179190751445082,-0.011560693641618602,0.2489980688521873,20740.0,121906.3344425712,1739,49335575,49247085,959571,1108202,8395624,8640142,8275727,9615011,9969616,8732656,4140216,5623948,5064556,2695476,4070843,877734,8459422,11953916
134,000561,2017-11-17,-0.06703910614525133,-0.04245810055865906,0.25308075896548127,8780.0,65229.754617078805,1252,20250175,10759941,1321447,1732990,5449130,4580478,4151558,2377316,3070164,1244626,1485433,467818,936953,356713,1359621,0,2475869,0
135,000563,2017-11-17,-0.02148437500000011,-0.009765625,0.12344576658758881,13810.5,161669.73624245045,1724,57517372,43400425,1220520,1348709,6532965,7291714,6890554,6053607,7108700,7180229,6963346,2638366,3453961,2060206,1445531,1739511,23901795,15088083
136,000564,2017-11-17,-0.06227106227106227,-0.05494505494505486,0.13712466662975503,12420.0,141327.77517168643,1589,49007422,24218803,1002313,1546779,5979245,6376963,6774583,5507282,10125204,4952526,5753405,1674404,3029466,2041675,1737923,0,14605283,2119174
137,000565,2017-11-17,-0.04249999999999998,-0.022499999999999964,0.29171010894112454,7305.5,55919.030371349414,752,8254025,7448360,483567,848476,2728835,2931431,1925824,1352005,1803884,714216,456372,0,0,0,855543,0,0,1602232
138,000566,2017-11-17,-0.004615384615384688,-0.010000000000000009,0.4692229779970912,16770.0,295081.680672334,767,38683870,30005247,703278,361327,4820924,1610986,3838741,2272419,6251743,2698011,3741319,1448108,1308497,1823483,1342601,401476,16676767,19389437
139,000567,2017-11-17,-0.03637770897832826,-0.026702786377709065,0.8964881111460287,15255.0,68761.07782755587,832,23080186,10403651,731458,375925,4222549,2689068,3526589,2918574,8771473,2305191,2723009,1242839,697350,356454,0,0,2407758,515600
140,000568,2017-11-17,-0.004184704184704069,-0.006349206349206327,1.2088154358836964,128706.0,834576.6908651784,3290,647879707,555758158,532967,493632,7316901,7879397,20103442,16155101,60505508,43288331,35977541,33064308,27895235,25336696,27657751,35955614,467890362,393585079
141,000570,2017-11-17,-0.038155802861685295,-0.02384737678855331,0.2743643432271532,12320.0,49817.09006461053,525,10456392,4844432,373209,546139,2833228,2085247,1707701,1138432,2792888,783799,1419839,290815,1329527,0,0,0,0,0
142,000571,2017-11-17,-0.03288490284005985,-0.01195814648729443,0.17466358076543123,13030.0,83374.4841320009,1474,26817231,39482045,933674,1304360,4518290,4739622,4826797,10585291,7156811,10727636,4653508,2622166,1096136,5594634,0,889395,3632015,3018941
143,000572,2017-11-17,-0.05964214711729621,-0.045725646123260466,0.11248510360361902,12779.0,147261.86736343295,2006,66456194,36288696,1566726,2236988,8335676,8576261,8817138,6345604,8232982,8144163,5058698,4205460,4526233,1637526,2301529,1353342,27617212,3789352
144,000573,2017-11-17,-0.014869888475836479,-0.018587360594795488,0.2117801173384173,10660.0,42941.087417184084,645,10018225,5660817,576403,553558,3582581,2296352,2451055,1304042,2038111,1009555,737489,497310,0,0,0,0,632586,0
145,000576,2017-11-17,-0.0036144578313254128,-0.012048192771084487,0.9799774872888348,9915.0,91922.44579755169,286,4247535,6567218,474169,269835,1384542,902878,335360,909537,785850,397115,941254,279990,326360,1108431,0,424925,0,2274507
146,000581,2017-11-17,-0.02864583333333337,-0.006324404761904656,0.4880059827547911,80250.0,404503.904976174,3036,326086877,295820110,597459,1008208,10931435,10008405,18593780,16875487,36649345,35339536,39589815,26219069,30261045,19973504,20075264,14845082,169388734,171550819
147,000582,2017-11-17,-0.07534807534807553,-0.03521703521703534,0.2837044513031439,24783.5,93435.08192624015,1854,58681000,43461708,1186278,1068809,9610994,8463911,10868585,9714485,15056595,9710051,9476547,5180011,3764297,4900807,2677617,458228,6040087,3965406
148,000584,2017-11-17,-0.005365526492287054,-0.0046948356807512415,0.4017514129833226,29640.0,160725.4289176056,1378,51536423,49778942,985973,462426,8740199,4476726,9743544,5812748,10103394,11458837,5467128,6716983,3748621,3068352,3551681,3105504,9195883,14677366
149,000587,2017-11-17,-0.007496251874062887,-0.016491754122938573,0.17219437029134066,16375.0,221489.1786470726,1505,47679167,69836859,1149941,1314557,6699146,5162411,7357681,4127319,10359407,4964454,5893428,5050930,5043303,4614690,1299536,2687306,9876725,41915192
150,000589,2017-11-17,-0.030364372469635748,-0.026315789473684403,0.17326913246797052,8838.0,52387.33867942038,813,12191906,6783307,802691,1073416,3568577,2520688,2190644,2309903,2448717,879300,1727792,0,0,0,480999,0,972486,0
151,000590,2017-11-17,0.02657342657342654,-0.0034965034965035446,0.772528978998078,14320.0,47057.256368049566,342,5110196,4213102,316123,184593,2025321,1105176,1866722,686645,618430,929969,283600,478125,0,399594,0,429000,0,0
152,000591,2017-11-17,-0.02631578947368418,0.005847953216374213,0.1317865085400544,29316.0,170052.66162683014,2702,115866444,114489044,1599391,1684566,10473586,12894089,14909836,15832616,18680491,20387251,12234586,15099862,12006616,12172770,8938427,8241656,37023511,28176234
153,000593,2017-11-17,-0.05520169851380041,-0.04033970276008503,0.2150878596766273,12572.0,242030.34488022968,1927,68432081,68037648,1833021,1703167,5326923,8213165,5626849,7290836,9184979,7772695,5479318,6059331,4257945,7103996,3131554,5334757,33591492,24559701
154,000595,2017-11-17,-0.04804270462633464,-0.039145907473309594,0.15322359431177748,11180.0,54854.21253943182,1347,27121127,14696794,1231806,1033724,6894111,3942249,6584379,3042760,6186025,4672744,3191235,922085,1463978,631560,874943,451672,694650,0
155,000596,2017-11-17,-0.0351744186046512,-0.018895348837209225,1.3238251302769226,46521.0,203233.3914740475,2703,170097094,116388007,905713,1198370,12493106,12402661,23290695,14907444,32152810,19002747,15227043,18106455,16553039,12378445,9270075,9814587,60204613,28577298
156,000597,2017-11-17,-0.02826267664172899,-0.019118869492934176,0.3231041835051043,15444.0,103059.0374272978,1388,33858534,25896006,799924,1545421,5903675,7056132,5788400,5597122,6227422,6117890,4037220,1442472,2401516,2043290,0,948895,8700377,1144784
157,000598,2017-11-17,-0.02300884955752225,-0.01592920353982319,0.14129253228763144,15039.0,135864.44924992035,1601,50982507,26817739,1078439,1380076,7767037,6194861,7606773,5191833,7526917,4822360,5339992,3499441,1647795,1075836,1877554,1399020,18138000,3254312
158,000599,2017-11-17,-0.02898550724637672,-0.017713365539452575,0.21655602366819474,10404.0,56384.21738201148,822,16006365,7605611,954028,862423,3838601,2990713,2439791,1497566,4298067,1509054,1156785,745855,1565996,0,0,0,1753097,0
159,000600,2017-11-17,-0.06796116504854355,-0.04854368932038833,0.20137940478956143,22250.0,128344.56409746058,2121,78945020,56558190,1555168,1859014,9855678,9569861,10879558,9799075,18259926,10413870,12373998,6889365,6460753,3328953,2754463,3561110,16805476,11136942
160,000601,2017-11-17,-0.019280205655527016,-0.014138817480719879,0.29587947860750663,7680.0,59701.3971023615,691,12757308,6513726,566365,867290,2963057,2351952,2001093,1389800,2436481,1167329,1678689,737355,1023345,0,917529,0,1170749,0
161,000603,2017-11-17,-0.02725020644095788,-0.018166804293971883,0.4285648691769648,11905.0,82084.31436425148,798,15487605,10517330,520144,744072,3951191,3378139,2356834,1609506,3496832,1381487,1398156,662693,640591,754794,457765,0,2666092,1986639
162,000605,2017-11-17,-0.06052009456264762,-0.04302600472813245,0.5319063890627946,16840.0,63590.37849151224,1581,33490942,22614504,968736,1014039,9341332,7684455,7959760,4959723,7235322,3850997,2933570,1701505,1588751,2111367,1337686,0,2125785,1292418
163,000606,2017-11-17,-0.012552301255230214,-0.02196652719665282,0.40151370486810517,9490.0,70592.11631726347,567,11851008,7374589,463380,877503,1774560,2656400,2507060,808639,2791029,2096151,2059155,559896,313292,376000,473444,0,1469088,0
164,000607,2017-11-17,-0.0014104372355430161,-0.035260930888575515,0.24420083198784065,10992.0,84532.18283429931,843,20939990,12125507,574908,1057884,3153596,3188474,2948231,2843119,4192447,1352720,1658201,2448713,3191222,688880,1693832,0,3527553,545717
165,000609,2017-11-17,-0.07283142389525377,-0.042553191489361764,0.4840016704708259,11900.0,66367.38648492753,637,15303067,5182868,628904,530057,4000697,1615533,2275920,1182901,3146835,750377,1925831,717600,1438780,386400,0,0,1886100,0
166,000610,2017-11-17,-0.02370370370370367,0.0022222222222221255,0.5917418503731073,14949.0,83089.16257646678,521,12152509,12537218,419193,305497,2559981,1440516,2119182,2520783,2090505,4449422,1739706,2711346,336500,1109654,887420,0,2000022,0
167,000611,2017-11-17,-0.029062087186261687,-0.018494055482166538,0.32034414314796344,14880.0,47628.71221710452,558,9808870,8097966,520676,389501,2172172,2838015,2743379,3257031,1657459,1185632,1942520,427787,370500,0,402164,0,0,0
168,000612,2017-11-17,-0.04873477038425489,-0.04967197750702901,0.2612272149360252,15585.0,88854.69826502954,1671,45357787,29117726,1329946,1013160,8629338,6474158,7343507,5493043,9378549,6149675,4450294,3081415,4772498,2373774,2227829,881717,7225826,3650784
169,000613,2017-11-17,-0.03764705882352948,-0.03176470588235292,0.35260017713917513,10236.0,46312.55527395734,581,8307787,4923067,697291,569508,2991480,2397789,1893874,1108299,1113465,109855,473950,412055,0,325561,429087,0,708640,0
170,000615,2017-11-17,-0.10235507246376807,-0.09329710144927528,0.20330493776003078,35530.0,127809.02266158623,2954,129728700,96034817,1012241,1677869,13466234,15551975,18777736,17763703,31974399,22469218,15921506,14900288,14811279,7784450,6706596,5428432,27058709,10458882
171,000616,2017-11-17,-0.0490196078431373,-0.031862745098039214,0.11882606967115748,8295.0,99026.76296612805,1181,24742887,18731953,950915,1596739,4408788,4851304,2774822,2545222,3847569,2712128,2859808,975294,2157551,396000,1837329,1674791,5906105,3980475
172,000617,2017-11-17,-0.04065573770491793,-0.02622950819672132,0.5364360020536777,7430.0,73712.07872928375,808,11544751,4705907,696503,779856,3775768,2099605,1950788,1288658,1561141,537788,987286,0,705765,0,0,0,1867500,0
173,000619,2017-11-17,-0.020713463751438455,-0.011507479861910253,0.38291478464896317,9526.0,101540.89679437937,515,9597879,7402418,401574,566516,2435697,1423208,1528250,1119295,1766060,1414013,1455833,200790,348247,1028596,0,0,1662218,1650000
174,000620,2017-11-17,-0.018720748829953227,-0.026521060842433664,0.24671805670881253,8164.0,70134.56277387452,675,11605906,8078934,676016,634043,2212903,2452002,1631607,1663972,2337686,1993917,1971208,0,312500,0,1266811,403125,1197175,931875
175,000622,2017-11-17,-0.03327495621716292,-0.012259194395796924,0.29936834442153554,11300.0,61640.38760295116,363,7846944,4179585,371169,215673,1966149,1095442,1437975,554009,1856098,1189409,1272658,1125052,354255,0,0,0,588640,0
176,000623,2017-11-17,-0.008710078805474919,0.0012442969722108455,0.4527300934850533,58008.0,252238.3745877583,2837,211382325,196604409,795592,1441017,9818906,14765791,13842812,18027775,29534662,36806645,24861795,27489651,20283711,18692342,17213989,12839453,95030858,66541735
177,000625,2017-11-17,0.004580152671755711,-0.004580152671755711,0.25352929101849353,26080.0,167146.56794997954,2671,117757854,81386875,1204908,1912162,11611812,14517484,16922451,12745370,20497335,13605183,13759356,11894757,7868575,7173159,7397534,3443840,38495883,16094920
178,000626,2017-11-17,-0.08083832335329344,-0.04491017964071853,0.36064461862230807,16614.0,64851.57878727199,1373,31478673,22247443,733074,1314294,6378493,7265073,6367293,5893677,7846222,4505433,5095246,2015382,1065457,300924,2263914,952660,1728974,0
179,000627,2017-11-17,-0.027671755725190872,0.005725190839694472,0.18611600329171124,63540.0,258106.27322782637,3177,243460782,233709618,770933,1063562,11245456,12450259,18476151,19567085,37349131,32860348,33262298,28582875,25012034,23585606,17159941,16967230,100184838,98632653
180,000628,2017-11-17,-0.03406593406593417,-0.031868131868131755,0.36693433310600754,8950.0,50004.275500090946,615,10759059,2744486,856677,551491,3381829,1485402,2385690,606910,1488466,100683,965328,0,0,0,940589,0,740480,0
181,000630,2017-11-17,-0.018248175182481896,-0.014598540145985384,0.05463452027799118,12064.0,195975.3185242293,2552,81469722,53119456,1717884,2269595,11201519,10437663,9191043,5851097,11341101,8198867,5956407,3536775,2821091,2418758,1871610,1317282,37369067,19089419
182,000631,2017-11-17,-0.024553571428571508,-0.011160714285714413,0.11417266493315682,9943.0,99340.82675092593,1549,35843599,32650225,1952314,740280,6157758,3671487,5300142,3539714,10122702,17602618,4072442,1503488,2276342,1928189,1393891,1353419,4568008,2311030
183,000632,2017-11-17,-0.04992435703479581,-0.0317700453857791,0.2929308858829748,9142.0,69361.65804557508,509,10208747,4969857,385143,570786,2191754,1606085,2288890,1353396,1530723,557310,1175223,0,662625,0,891743,0,1082646,882280
184,000633,2017-11-17,-0.044421487603305776,-0.004132231404958553,0.3001567481174316,11543.0,47304.678911409064,1041,17157520,11067223,1100099,1006071,5834337,4164213,3519591,2842914,3529441,1234160,1856988,485855,0,1334010,1317064,0,0,0
185,000635,2017-11-17,-0.04693140794223838,-0.03971119133574008,0.475443589511465,14692.0,43479.572061803374,1222,21928179,12203952,941817,1411372,6970490,5313359,6030046,2701809,5080515,2099625,1274931,206208,1102380,0,0,471579,528000,0
186,000636,2017-11-17,-0.03842869342442368,-0.03928266438941086,0.21001992923277046,66758.5,523319.5812373439,3116,357765522,267391504,1042902,1085717,12617918,9668915,15404096,13276380,43896857,33918321,32671025,29704440,21371221,26608833,18913258,14707497,211848245,138421401
187,000637,2017-11-17,-0.04538087520259326,-0.03241491085899517,0.20465348397442462,7271.0,110617.29986501706,909,15633087,7805864,1055745,1056201,3512953,2474676,3346938,1821540,2402257,900875,1181495,0,984726,0,413573,0,2735400,1552572
188,000639,2017-11-17,0.0026553372278279586,0.0010621348911312722,0.5638248822625624,15224.0,127046.24985152092,1115,21496560,35980072,971531,979846,4927104,4476628,4592323,4566024,3385859,5737162,1545508,2507259,1832366,3997703,439438,492180,3802431,13223270
189,000650,2017-11-17,-0.03633217993079585,-0.02768166089965396,0.1839970474487007,11240.0,86270.4512708506,987,22124150,10340332,840689,1048236,3824000,3547021,3336265,2750391,4537157,2385777,2570505,293088,938091,315819,859068,0,5218375,0
190,000651,2017-11-17,0.0056905230903918635,0.004596191726854881,0.7638956094515493,411480.0,1150127.2117786221,3579,1244376416,1269406335,214863,141703,3384336,3216276,10072525,10368350,32575507,39330068,42917477,36532783,42843835,54195109,57010798,60488532,1055357075,1065133514
191,000652,2017-11-17,-0.032258064516129115,-0.028225806451612878,0.13525842758354942,9740.0,106060.31487953977,1347,30430879,16875971,1034692,1798014,5148721,5337296,4578504,3436664,4705350,2881354,3059352,1119893,2374496,0,1837623,462231,7692141,1840519
192,000655,2017-11-17,-0.041554959785522705,-0.03753351206434319,0.23406650371729432,10262.0,77686.64904520832,1017,21320269,13454352,755377,941180,3902847,3726720,3633414,3270369,4014710,3307346,2394588,737326,1404658,738404,0,0,5214675,733007
193,000656,2017-11-17,0.0021834061135370675,-0.017467248908296984,0.11856445229250631,9471.0,143614.09666182354,1496,34244780,29491236,1665072,1457003,5718712,6137659,4446670,3644217,3483938,3824917,3622672,1054948,1362871,701670,1315518,457530,12629327,12213292
194,000657,2017-11-17,-0.05238828967642528,-0.044684129429892194,0.368333059739268,12605.0,50568.48171243222,1242,21620674,12592592,829140,1023899,6531455,4972666,4235330,2297919,6513355,1999040,1827922,1794333,0,0,0,0,1683472,504735
195,000659,2017-11-17,-0.02088772845953002,-0.010443864229765065,0.15902360652314804,11370.0,89591.24636359615,580,18575880,5011516,560398,318533,3266134,1638880,2694537,1135224,2934183,1238993,1890809,679886,1783782,0,3196175,0,2249862,0
196,000661,2017-11-17,-0.015942825728422205,0.010995052226498103,4.030304843958636,55161.0,333249.5537972723,2040,145392841,147822940,11006,0,8612108,9766382,10625109,15093883,18460534,25725214,20624755,18814187,9992100,8318083,9434528,11684549,67632701,58420642
197,000662,2017-11-17,0.006105006105006083,-0.004884004884004756,0.6612844960427862,9816.0,44203.9400668331,613,8058604,6734561,730552,714232,2822892,2575628,1487655,1319117,1595742,1292128,461467,0,960296,371324,0,462132,0,0
198,000663,2017-11-17,0.0052941176470588935,0.0,0.6460057019628326,17030.0,67176.31771276961,692,10995022,15376860,499898,566732,2845859,3436073,2330144,3604591,2628862,3988920,953263,1286169,752480,0,434688,934075,549828,1560300
199,000665,2017-11-17,-0.03734827264239027,-0.02801120448179273,0.36899780299404084,15952.5,88407.79913830274,842,25338284,9498542,472425,642581,4221353,3047845,5851950,1993176,5151560,1614073,3052997,1202317,1705103,998550,1765496,0,3117400,0
200,000666,2017-11-17,0.0,0.004390243902439028,0.5360828024075606,12360.0,79470.96503817097,1463,26940748,24426353,802518,1214376,7130146,5693439,5884667,3296052,4894989,6009470,3046136,2973507,1416480,1749737,821340,2170357,2944472,1319415
201,000667,2017-11-17,-0.028391167192428957,-0.02208201892744477,0.09770617100992429,6240.0,95801.1680552212,1056,23358701,8389675,1057629,1142519,3616728,3085283,3178202,1400977,3289694,989221,1241963,724603,4779242,630552,0,416520,6195243,0
202,000668,2017-11-17,-0.02168367346938771,-0.018494897959183576,0.9323983391738857,12592.0,50403.59841097281,282,4658478,3597751,224389,263534,1417532,988088,1229852,498463,1132195,1123441,654510,245985,0,0,0,478240,0,0
203,000669,2017-11-17,-0.034389750505731564,-0.03101820633850305,0.46334682068759514,14530.0,166214.0496347597,1024,33466614,15529812,861265,770178,6249901,3861215,5080524,3104654,3868591,2413555,3012027,636185,954414,661036,885652,936140,12554240,3146849
204,000670,2017-11-17,-0.08382352941176463,-0.07794117647058829,0.128439224993878,26096.5,130856.08965670288,2814,98076408,89132860,1534891,2010288,12502605,14152235,14946313,15616783,21928410,16930410,15504122,10448501,10594206,6482399,5005021,4808017,16060840,18684227
205,000671,2017-11-17,0.006230529595015577,0.026479750778816147,0.12961337751421487,17134.0,226278.72871282557,2465,98746876,105471128,2278849,1184661,10814450,7935593,9625516,8423687,13643596,11892796,8746237,9569990,8500746,11229875,7502744,6791830,37634738,48442696
206,000672,2017-11-17,-0.0632008154943936,-0.027522935779816682,0.2082026732372692,23112.0,126508.55033744263,2222,82510055,50336569,1360131,2051204,10594708,10060812,14662808,11180875,18055649,13746458,11407670,5803754,6072752,1019118,2601776,432960,17754561,6041388
207,000673,2017-11-17,-0.013605442176870763,-0.022108843537414935,0.4240126961059851,15028.0,125357.5250203926,769,26979427,15016354,600831,553819,3172285,3087068,4147754,2863200,3830754,3776553,1948927,448907,1764623,1667350,2174994,0,9339259,2619457
208,000676,2017-11-17,-0.09464161447459984,-0.09324982602644394,0.3289891385978253,27331.5,132331.32901502025,1914,80056966,57126600,890585,1334506,8614171,8677534,10934880,9528151,16908726,12359200,9918773,6579967,7130657,5243029,7556992,1680212,18102182,11724001
209,000677,2017-11-17,-0.0699774266365688,-0.05417607223476284,0.17776220934655607,7740.0,65172.91688723051,621,10701518,4167288,441442,829649,2668183,2193130,2114356,769006,1911226,375503,1002044,0,683180,0,0,0,1881087,0
210,000678,2017-11-17,-0.030303030303030276,-0.01388888888888895,0.36744411634666624,11760.0,42496.27371758756,464,7684660,3803814,516982,383758,2804363,1325337,2058353,1071576,863238,318351,1441724,0,0,704792,0,0,0,0
211,000679,2017-11-17,-0.038363171355498826,-0.023017902813299296,0.3142318978238294,11670.0,50046.09265517329,619,10027378,6551334,551652,577968,2976668,2621229,2105728,1959272,1872734,1161265,1065566,231600,762030,0,0,0,693000,0
212,000680,2017-11-17,-0.017578125,-0.0078125,0.13709410650781037,10280.0,66534.62292315994,1397,24979506,20334594,974148,1276291,5926629,4638707,5153075,4504440,4879670,3162219,3406262,4384283,649858,1685218,1373251,0,2616613,683436
213,000681,2017-11-17,-0.02963335007533907,-0.0155700652938221,0.42685755582970697,19805.0,100971.13370598684,2184,42893652,57272315,1271311,1908265,8696830,12971496,8514111,10490415,9214951,15165264,4095970,2547353,2976669,2591692,1362908,2210844,6760902,9386986
214,000682,2017-11-17,-0.038000000000000034,-0.02400000000000002,0.16792638018747194,7365.0,38705.92324809628,887,10967599,7296310,1037108,1070597,3790041,2893902,2252518,645123,2464539,1904592,922123,782096,0,0,0,0,501270,0
215,000683,2017-11-17,-0.03754266211604107,-0.023890784982935287,0.06605700230516454,9570.0,113589.84359643713,1983,43774915,32175847,1167082,2315810,7698110,7444442,5837290,6499223,6538020,5373378,5667528,3251882,2971082,1691733,1338994,1433689,12556809,4165690
216,000685,2017-11-17,-0.018043684710351338,-0.012345679012345623,0.3281820944455758,10440.0,108904.02988385575,1029,27724941,11361347,1016752,852344,4546300,2908837,3409054,2257165,5073863,2125516,2908251,1074765,1356449,624464,1717376,472256,7696896,1046000
217,000686,2017-11-17,-0.008447729672650506,-0.006335797254487963,0.2235064223939327,18900.0,140940.38802018305,1796,63767590,48121821,1279586,1584225,9224581,7381546,8854679,7297661,8141285,11850975,9857697,7518416,5589164,2861044,4932732,3993927,15887866,5634027
218,000687,2017-11-17,-0.054826254826254806,-0.038610038610038644,0.3381317616981862,16783.0,128259.19730359882,1467,51427823,25372152,1230666,848051,7541193,5693577,8403301,3793068,11577066,5494511,4803063,3169649,2023613,1027167,4421501,868437,11427420,4477692
219,000690,2017-11-17,-0.013959390862944177,0.0012690355329949554,0.21478789909584742,14310.0,183593.03299282023,1347,43615266,48129358,1418168,1276289,4937502,5050521,4411376,4516771,7413625,5961987,5121778,4248469,3926439,5130256,2743030,3217352,13643348,18727713
220,000691,2017-11-17,-0.042613636363636354,-0.03693181818181812,0.35045994058327923,9126.0,29085.012298839105,403,5122444,2958702,393268,283794,2524574,1120734,1227271,562186,977331,991988,0,0,0,0,0,0,0,0
221,000692,2017-11-17,-0.03345070422535201,-0.022887323943661997,0.2308731839119382,5680.0,80179.04051386562,606,10893723,6155697,303461,575922,1901438,1560094,1661216,1487009,2046782,845943,1228023,460552,348320,655607,476298,0,2928185,570570
222,000697,2017-11-17,-0.021276595744680882,-0.02212765957446805,0.6683979242804337,23145.0,99853.93373695761,1236,40817305,21770709,881513,854585,7535564,5755731,5596060,5351041,9636011,3853466,5210286,2568012,3235474,1355626,928499,861174,7793898,1171074
223,000698,2017-11-17,-0.032206119162640934,-0.025764895330112725,0.2049280544203401,7271.0,94657.03028623665,919,18354677,13434649,689215,886648,3319290,2466575,2826035,1840614,2789176,1864463,1250225,1373582,2320462,362916,488000,2275938,4672274,2363913
224,000701,2017-11-17,-0.045376712328767055,-0.03767123287671226,0.32369454997632485,11460.0,53734.44606719564,1302,21911344,15222692,901949,1147069,6405769,5600743,5103020,2299394,5422767,3588799,934265,1471575,1057510,0,940564,416052,1145500,699060
225,000702,2017-11-17,-0.053987730061349715,-0.049079754601227044,0.27277110734191673,8189.0,60091.776351222536,893,19650864,6004163,875290,771638,4516009,2120279,4803843,1422192,2990440,1194988,2446155,495066,1776010,0,406317,0,1836800,0
226,000703,2017-11-17,-0.00303030303030305,0.000606060606060721,0.34182254904151416,33760.0,320719.96393737674,2340,112526763,127961487,1521876,973427,9462151,9162756,9871946,15347117,14587364,28666777,11162967,21004492,6227720,8770680,4993655,2202721,54699084,41833517
227,000705,2017-11-17,-0.04761904761904756,-0.02857142857142858,0.35782880392260374,9290.0,71734.5805754719,697,13615052,7887954,689461,1075736,3030975,2247384,2116125,1410479,2847683,1388171,1306258,513988,1049600,724665,411284,0,2163666,527531
228,000707,2017-11-17,-0.06451612903225812,-0.035190615835777206,0.20504541222072242,9900.0,447159.50067746086,1107,20197647,30508948,1021837,903704,4795899,3397421,3930504,3414133,3817631,2877609,1534569,1702632,1653585,990731,443556,1727848,3000066,15494870
229,000708,2017-11-17,-0.04515599343185539,-0.029556650246305383,0.3906363042366374,8337.0,98572.58983662786,973,21256860,11596230,500903,1479010,3420426,3038952,3539651,1766869,3622284,1494709,1960406,219880,3842124,0,400800,456610,3970266,3140200
230,000709,2017-11-17,-0.02195121951219514,-0.014634146341463317,0.07650779503859458,26048.0,230851.8757249867,2892,165897571,106411238,1757751,1634082,14765595,13017695,16319829,12810450,19319578,19625433,17625699,12361193,8315272,4518750,12847305,9280851,74946542,33162784
231,000710,2017-11-17,-0.015296367112810794,-0.015023217700081859,1.4160754144515852,72090.0,495157.14727983065,2681,258923904,238639938,763849,1211950,8373476,10970754,13227279,16286577,25737532,31006655,22556580,23509201,24462168,18483281,21265302,15082276,142537718,122089244
232,000711,2017-11-17,-0.033717105263157854,-0.01726973684210531,0.3550360604360571,12020.0,104155.74780338972,1173,31656164,14412800,1033985,1243884,4411903,4536946,4461556,2707896,5369449,2665957,3125398,2573507,2434588,684610,1363799,0,9455486,0
233,000712,2017-11-17,-0.05493273542600896,-0.01681614349775784,0.43682131616539943,17800.0,163344.7619133958,1669,59937639,33599376,1294230,1510375,8505010,6098557,7729147,6049486,14201985,7147847,7617689,3644693,3894605,2353288,2537154,429307,14157819,6365823
234,000713,2017-11-17,-0.04868421052631566,-0.03026315789473677,0.36091146368893195,11220.0,48223.48958741937,443,7606680,2875006,395851,425480,2346369,1462201,1686716,539445,1544948,231016,280476,216864,760320,0,0,0,592000,0
235,000715,2017-11-17,-0.06476938174681057,-0.05103042198233554,0.3832593754889342,9990.0,35024.99517963117,707,11428178,4289681,478974,828135,4405287,1600188,3017102,1129100,3270774,222274,256041,509984,0,0,0,0,0,0
236,000716,2017-11-17,-0.04179566563467485,-0.01702786377708987,0.14410550455672,15975.0,193523.18157884903,2015,50299564,59035321,1217185,1875305,7031431,9527226,7757439,10671930,9062456,8934035,6801189,5746187,3744779,3398960,4798925,3521055,9886160,15360623
237,000717,2017-11-17,-0.08196721311475408,-0.05683060109289617,0.15601106658327263,91494.0,329037.58321812464,3450,368865188,283908384,556298,808124,10519196,12734451,28474200,22463720,48736474,48416359,43857287,38751149,39762587,25452942,20943631,21026396,176015515,114255243
238,000718,2017-11-17,-0.033138401559454134,-0.023391812865497075,0.14080712609801924,8064.0,101246.88469475147,1329,32856863,15220633,1107097,1034449,5290299,3624621,4446211,1991032,5381083,2559924,5180459,2599152,1312182,655995,469802,892584,9669730,1862876
239,000719,2017-11-17,-0.04457953394123604,-0.027355623100303927,0.38576323839771687,11616.0,74765.8457734023,654,14725536,7757776,647999,714551,3558453,2341583,2785984,1636553,2745664,1157230,1857024,204156,977932,357050,484000,1346653,1668480,0
240,000720,2017-11-17,-0.05639913232104132,-0.03904555314533631,0.14933580701144925,9010.0,75810.61861274912,954,15705877,14058931,726054,1238420,3705182,3801055,2786890,2379169,3232514,1435834,2106911,1445261,1319725,1045280,889885,862761,938716,1851151
241,000721,2017-11-17,-0.037151702786377694,-0.04024767801857587,0.20206467089589442,8203.0,56599.87426940783,1023,16219847,9608118,799311,1372877,3731152,3394950,2978784,2451262,3246369,1410858,1916018,978171,685630,0,902481,0,1960102,0
242,000722,2017-11-17,-0.06069094304388423,-0.0429505135387489,0.36013360237408587,11374.0,56543.144555843835,884,17462140,8749503,547743,865318,4355862,3604246,4049421,1788661,3166618,1535366,2153277,641576,1366035,314336,478279,0,1344905,0
243,000723,2017-11-17,-0.018656716417910335,-0.01741293532338295,0.18446376809051704,25596.0,408059.743928936,1908,141706397,110775966,906369,1750256,7167088,8762782,8186381,6626284,12851093,11512859,8943873,8428636,14009556,12214549,8703590,8927559,80938447,52553041
244,000725,2017-11-17,-0.034375000000000044,-0.006249999999999978,0.10682247495058632,991724.0,4023713.035820067,3602,3993088023,4456209027,1284,0,67873,116736,1358344,749894,15648107,14677020,39475641,34043629,42364345,50865508,55759046,57324747,3838413383,4298431493
245,000726,2017-11-17,-0.01903898458748854,-0.017225747960108784,0.2973859018651983,10950.0,88902.38106405534,1376,35277264,21146157,910541,1691718,5136937,5351633,6879573,3013342,7763815,3304881,4592856,1670172,4222067,1025409,1791878,875376,3979597,4213626
246,000727,2017-11-17,-0.040590405904059046,-0.029520295202952074,0.0569996826924226,10560.0,171914.98148991266,2289,71568753,41005580,1651206,2136794,7974233,9716172,7566821,6440144,10507034,7109542,7333138,1665086,5399432,999895,3990674,2232273,27146215,10705674
247,000728,2017-11-17,0.004914004914004844,0.005733005733005614,0.2600631432709395,28266.0,164835.74820173197,2206,92275037,86837559,1021270,1508645,10296902,11815529,10829146,8854374,21452399,19500539,9721583,10014909,7334730,5955442,6648533,5285848,24970474,23902273
248,000729,2017-11-17,-0.03130148270181221,-0.021416803953871466,0.16880188061880144,10259.5,125603.19471157447,1294,38895411,18878286,935827,1115322,4022151,5420894,3485311,3699006,9621899,3564907,3491027,2011990,2568765,1022060,3037027,857158,11733404,1186949
249,000731,2017-11-17,-0.02910052910052907,-0.01984126984126977,0.2189391376452954,12733.0,93970.17301792164,1193,24851086,21804641,957032,1259075,5434941,5186512,4670632,3500906,4666923,3213972,3651740,2174968,2672619,1761284,1290939,930360,1506260,3777564
250,000732,2017-11-17,-0.020588235294117685,-0.01941176470588224,0.487194599883657,13480.0,78707.33201278772,1218,24133101,15632400,960368,708958,8783369,3159364,4279442,2385240,5742412,3030726,1445349,1130313,1681466,686186,0,487288,1240695,4044325
251,000733,2017-11-17,-0.06493506493506496,-0.04675324675324677,0.39026611086928087,17748.0,110788.43742862098,1557,51737707,30748503,627386,1765083,6631729,8821721,8134203,4977815,9845922,6140383,6733383,2626581,3665924,2404131,3168817,1679341,12930343,2333448
252,000735,2017-11-17,-0.06233766233766236,-0.003896103896103953,0.18247077927993668,22754.0,223009.3498397107,1784,76204056,69484795,1137824,1361752,7604780,7047622,8258305,8779310,10973911,9626836,7711579,10334789,3773264,8872957,5020715,5021735,31723678,18439794
253,000736,2017-11-17,-0.025275437459494565,-0.02009073233959824,0.49963464472884234,14130.0,89131.78917172986,955,23513167,11867407,641860,848943,4764399,3784826,4383371,3073513,3963030,1651186,1976016,236700,1696095,0,899617,0,5188779,2272239
254,000737,2017-11-17,-0.04436860068259396,-0.04095563139931746,0.19085096554073572,8827.5,59593.89546088871,944,18187992,8341469,1043092,961616,4100404,2773059,3644512,1412701,2930923,1359616,2447201,978185,1670740,352580,1791120,0,560000,503712
255,000738,2017-11-17,-0.059394631639063555,-0.04397487150199908,0.3943835516070319,20424.0,145043.97880122164,1972,75847297,44549272,828559,1871972,8834573,10030389,10848410,9122788,13630692,10469480,8087830,1685907,8294947,1724466,5025928,3515592,20296358,6128678
256,000739,2017-11-17,-0.011560693641618491,-0.00433526011560692,0.2864626418196137,11072.0,94319.98584053088,583,11508274,7524003,405042,453790,3031621,2338313,1803960,1433541,2560165,1335626,658430,505844,0,755010,0,0,3049056,701879
257,000750,2017-11-17,-0.001897533206831059,-0.007590132827324347,0.1283994980025073,13100.0,94186.08380237075,1688,40716206,36136115,1111843,1660046,6840198,6624356,6363245,4707746,7646210,9789753,6357466,5698251,3120826,1379351,2613519,861146,6662899,5415466
258,000751,2017-11-17,-0.0357142857142857,-0.02777777777777768,0.11380151468874655,10956.0,112609.04821346587,1967,51177503,29919448,1591886,2350418,8505003,7651259,7518467,5361184,6183612,6352584,5212783,4113387,4087621,677348,4155248,0,13922883,3413268
259,000752,2017-11-17,-0.05341246290801194,-0.034866468842730036,0.5178903990305638,13030.0,72054.76420877385,677,13799372,7411072,525834,675559,3447455,2401370,2476182,1030580,2634603,709666,1756790,999489,1080248,383812,408890,477996,1469370,732600
260,000753,2017-11-17,-0.0455635491606714,-0.023980815347721784,0.14584401316070406,8160.0,56769.261905892316,818,13610162,7493107,635465,1115723,3443621,2762317,2162216,1495810,2651211,1295101,2127609,431925,361416,392231,975429,0,1253195,0
261,000755,2017-11-17,-0.05102040816326536,-0.029154518950437303,0.1797833969153769,10095.0,60365.77209375739,1458,27945328,14217325,1669235,1074540,7234450,4217949,7209829,3179024,4367285,2655395,2525391,1384845,1449257,711442,1298901,454930,2190980,539200
262,000756,2017-11-17,-0.08084022915340561,-0.05856142584341195,0.33811605428013136,13374.0,127993.46219643108,2164,67973251,32663307,3191711,1383866,10636268,7325952,10197946,4941640,12840713,6839952,5073700,1785211,3302718,1784718,5389659,0,17340536,8601968
263,000758,2017-11-17,-0.030441400304414,-0.019786910197869045,0.15148904652317904,11574.0,137285.16680343254,1884,52352295,28331548,1296188,2221908,7148114,7862561,6101830,6228187,8484662,5412133,3803667,2448149,2318502,327000,1295531,1866605,21903801,1965005
264,000759,2017-11-17,-0.05220061412487209,-0.03480040941658136,0.2954010935072392,15304.0,77305.75573413394,1094,32931927,14157380,1574275,698778,7323950,2909877,5177145,2793872,7918805,4435244,4927468,1500462,372480,690521,3197334,497490,2440470,631136
265,000760,2017-11-17,-0.04116865869853925,-0.037184594953519334,0.2426170731324895,6714.0,65168.194037429144,964,17110256,8018917,600212,1171165,3080442,2747932,3664603,1827924,3051108,1064164,2034762,0,1130450,742652,898674,465080,2650005,0
266,000761,2017-11-17,-0.0631768953068591,-0.03429602888086647,0.1314943033342877,21560.0,138621.20633630696,1781,62812292,25528359,919359,1000183,12684164,5447718,8057468,6236183,9473113,5883128,4874913,3392065,4820405,374381,3463686,0,18519184,3194701
267,000762,2017-11-17,-0.07525510204081631,-0.05293367346938771,0.31703599608007776,26962.0,232774.67972057092,2449,116302673,80991427,1399726,1748028,10393379,12615601,11970328,12270798,20920055,16642361,12218466,10473984,9619996,5854955,2134173,5362926,47646550,16022774
268,000766,2017-11-17,-0.0007485029940119681,-0.014221556886227504,0.5279845021603232,9390.5,124047.85302940807,640,15099587,8758295,660293,595296,2781052,2043526,2421122,1116417,1721702,1853792,1840574,205764,337408,330250,1459956,0,3877480,2613250
269,000767,2017-11-17,-0.04416403785488965,-0.03154574132492116,0.1134635361630835,6180.0,71923.15706046224,782,17999060,5725834,802736,664110,3452148,1331821,2841048,1383627,2599073,1098156,1888780,0,4119050,310000,937779,433056,1358446,505064
270,000768,2017-11-17,-0.04616240266963301,-0.02836484983314802,0.363919040475581,24542.0,195212.3049330256,2442,122828492,72342041,1005581,1935801,10533601,13610100,11549668,14324503,16726813,12693519,10378595,6402281,9475575,9097371,7103185,2514696,56055474,11763770
271,000776,2017-11-17,0.010238907849829504,0.009101251422070522,0.3398897409054149,49504.0,302705.4692191824,2676,192628264,206274070,887159,1330061,10276001,12694796,14670623,15586670,25591274,27539205,21858002,20481092,18633791,15777367,13882933,20059001,86828481,92805878
272,000777,2017-11-17,-0.035502958579881505,-0.011834319526627168,0.4867962468075221,16710.0,66383.02596430687,1205,26074917,17804527,1043808,925333,6497257,4460787,6966091,4451641,5779877,3283132,2364582,1491684,992673,1390193,494213,0,1936416,1801757
273,000778,2017-11-17,-0.03951890034364269,-0.027491408934707917,0.12039527641588209,17402.5,203077.87116137185,2344,97835673,51854846,1829349,1676308,11651616,9419693,11481927,9652518,13975267,10628589,7886426,3709353,5532311,3179104,4084939,3132862,41393838,10456419
274,000779,2017-11-17,-0.042080654587960176,-0.05902980713033301,0.5899200691447462,16970.0,71793.53656024106,841,24545946,12054540,590924,514165,4956549,3068809,4905517,2306215,6187965,3360123,2853220,1483635,1347474,341097,3096053,400896,608244,579600
275,000780,2017-11-17,-0.04462474645030423,-0.04462474645030423,0.19296883555409725,9455.0,84353.94750108685,654,11562220,7360755,639234,568864,3171490,2006530,2377860,1327920,1672350,1327795,1461046,246000,0,364116,0,964482,2240240,555048
276,000782,2017-11-17,-0.025054466230936878,-0.016339869281045805,0.3891330608388787,10037.5,65737.685251627,556,13002864,4663668,598291,640195,3454436,1619647,2906189,1195248,1330682,751932,1416542,456646,1075290,0,450000,0,1771434,0
277,000783,2017-11-17,0.0022675736961450532,-0.0011337868480725266,0.21174471394902727,14960.0,139736.83387260122,1736,47143659,46475404,1355726,2044257,7019170,8173570,5787090,6539421,7414890,5135234,5054772,8778509,1626063,3429987,2163892,1714401,16722056,10660025
278,000785,2017-11-17,-0.02266009852216755,-0.017733990147783207,0.47386975959131283,10020.0,57706.927064737014,458,9308591,4029256,445818,487596,2327608,1530491,1291548,964434,3083591,425735,832146,262000,301500,359000,500000,0,526380,0
279,000786,2017-11-17,-0.041015625,-0.020312500000000067,0.4403421811557732,100503.0,405206.7822610329,3387,371930740,296842374,399885,448674,10552110,10121376,23381871,20386749,55205177,46969817,43185974,38114731,37961965,30238624,28427155,22294591,172816603,128267812
280,000788,2017-11-17,0.03626373626373636,0.015384615384615552,0.24784753206182572,15827.0,83719.05523292061,1349,21362485,34389487,1071567,1240634,6152835,6698516,4432692,6135290,5195204,6166655,2743409,3977932,741200,2454188,429145,3538861,596433,4177411
281,000789,2017-11-17,0.01882845188284521,0.046025104602510414,0.17199603305868721,33297.0,376204.30469150667,3101,156874133,246745510,1863817,1480447,13541165,12688779,16824488,14333304,21969889,24033830,21191118,22722583,9926413,11346820,10662350,17883975,60894893,142255772
282,000791,2017-11-17,-0.0864864864864866,-0.06162162162162166,0.1777618563690633,30526.0,153650.09403920642,2714,130758360,85639557,1493280,2061308,11845713,12616458,15974472,14266308,24509858,19330245,18898565,14182669,15123072,5985278,9978723,4131578,32934677,13065713
283,000792,2017-11-17,-0.05786350148367958,-0.04302670623145399,0.23871571110472015,71995.0,501288.2695981794,3194,378589180,277176345,762971,834803,11088762,13337716,18746727,20752697,37227167,36605039,36696832,34844267,24682572,19989753,20627907,16484492,228756242,134327578
284,000793,2017-11-17,-0.0019474196689386325,0.0,0.30911948781529563,20640.0,234104.72366103646,1104,44573912,57668076,879609,481550,4232669,2326300,7726062,2620277,8846254,9491780,7027900,9841335,3548614,1995114,1768679,412000,10544125,30499720
285,000795,2017-11-17,-0.048589341692789945,-0.03605015673981182,0.14037222474079747,13041.0,108273.70411893871,2070,51096644,32883479,1632568,1972531,10102986,8296050,9029990,6150828,10681852,7215735,3675197,1927831,2324259,2404574,2675699,453125,10974093,4462805
286,000796,2017-11-17,-0.07122708039492243,-0.0599435825105783,0.3248507901264116,17758.0,73373.2305692852,1909,44711469,30504892,1338589,1565566,9974149,10465803,8930652,6267380,8952202,4842947,5482142,3358030,1400420,2040002,4316709,879404,4316606,1085760
287,000797,2017-11-17,-0.06236243580337497,-0.04915627292736613,0.3179955804257301,26340.0,171043.10969871643,1839,88224518,44972968,955713,1300687,8535790,8373671,9313943,8193837,18034650,9023503,10907459,6269923,9501107,2811468,5162140,1792883,25813716,7206996
288,000798,2017-11-17,-0.03535911602209951,-0.02209944751381232,0.401353815893497,9090.0,42679.20269682532,508,6975490,4940450,722257,607518,2155850,1720910,1961445,715080,1378000,910768,447122,217070,310816,326880,0,442224,0,0
289,000799,2017-11-17,-0.04510556621881001,-0.042866282789507326,0.5443871867727502,87957.0,661907.6800857474,3301,443435570,329472052,833290,890923,9867327,12845237,17221087,22852813,40593184,44072052,27680779,34512629,29611848,32842434,20073218,19611743,297554837,161844221
290,000800,2017-11-17,-0.028620988725065022,-0.02341717259323506,0.2772890151118516,20583.0,146032.2880668694,1730,66107718,52312874,941247,1142593,8118004,7860519,8078698,5787757,11803516,8870967,9012017,7969912,5745604,6903405,4375012,3445471,18033620,10332250
291,000801,2017-11-17,-0.0348189415041783,-0.02228412256267409,0.22475480862212555,9178.0,138198.0127781275,1021,23234149,12457689,986558,1342045,4313987,3332481,3291457,2180538,4746611,1778570,2856239,1322371,1334599,0,846798,0,4857900,2501684
292,000802,2017-11-17,-0.04211277658815127,-0.03426124197002145,0.36885096129595846,16620.0,96406.91295019456,1443,37990180,25696901,950435,1191883,7656072,6669076,7006165,5537779,6868434,5591422,4932026,1967218,1763049,1035792,1833542,412500,6980457,3291231
293,000807,2017-11-17,-0.020879120879120805,-0.020879120879120805,0.1537393308340507,99617.0,1867123.7376042216,3513,503795330,585034920,630870,892017,10706164,12777478,19946618,26380577,43806245,45555527,33632597,43524095,32153164,31664995,32148192,22617998,330771480,401622233
294,000809,2017-11-17,-0.04950495049504955,-0.02970297029702973,0.15271471067694448,7910.0,84787.89119137777,700,13688354,9159475,263317,749720,2008985,3392101,1947029,1420609,3894347,1022045,2772726,252400,1792826,301720,429156,456680,579968,1564200
295,000810,2017-11-17,-0.05334626576139678,-0.03976721629485935,0.2554097832609014,6993.0,59959.787871458335,1632,22171446,8212014,4547526,1270760,6089713,3342321,3878725,1234141,3213405,1674619,757296,202202,329010,0,906284,487971,2449487,0
296,000811,2017-11-17,-0.01562500000000011,-0.021634615384615308,0.24289242439338818,16059.0,134782.08142281242,1174,31272011,23516761,938301,1133443,5270405,6004432,4913472,4158876,5005936,3094252,3053982,2605358,1315443,1059049,854681,818992,9919791,4642359
297,000812,2017-11-17,-0.0024420024420024333,-0.026862026862026878,0.3066262381140502,8050.0,66440.64375814707,713,13772418,6064374,1093340,430384,3435932,1631052,2443641,901121,2212625,1133593,1452902,797648,1798228,0,0,488664,1335750,681912
298,000813,2017-11-17,-0.04983012457531133,-0.04303510758776907,0.23204256034243814,11624.5,85391.1013353419,1452,32749168,17737444,1175659,1287207,8330292,5112635,4997189,3619815,5495468,2905937,2647948,2333567,2550828,1628705,1311331,0,6240453,849578
299,000815,2017-11-17,-0.06344253770150798,-0.040561622464898694,0.5415702995990478,19160.0,115780.67549549208,1262,46608187,23288820,899729,1277809,6889272,4736869,7273476,3704675,10719141,4312494,4697791,3505597,3870184,2563420,1663952,455130,10594642,2732826
300,000816,2017-11-17,-0.0761670761670763,-0.05651105651105659,0.0822035839393399,14448.5,148730.69985031817,2466,76006536,58439554,1812926,2145941,11213830,10234079,9934282,7939597,12391024,10166261,10910428,5023441,7210896,4576586,3066932,2200351,19466218,16153298
301,000818,2017-11-17,0.01565217391304352,-0.0017391304347825765,0.3673008553860812,16079.0,151878.2257846861,980,31207901,21376455,877174,451769,6663587,2926884,4076493,2154611,6865115,3746295,1946843,2130193,976207,2425367,1776427,1309078,8026055,6232258
302,000819,2017-11-17,-0.04591104734576745,-0.015781922525107572,0.45242743450226874,13640.0,62086.677257474825,950,16590832,12574728,750532,839852,4553805,3953184,3671593,2817429,3812206,2132165,710060,991181,720886,368016,414300,887701,1957450,585200
303,000821,2017-11-17,-0.08344459279038718,-0.05073431241655535,0.34751991830431134,27000.0,94978.90363361263,1861,67017667,35385161,836870,1294539,10174870,10068406,11702875,6882221,20676779,8027431,8803410,4692604,2392187,3018053,1314364,1401907,11116312,0
304,000822,2017-11-17,-0.06719022687609089,-0.021815008726003504,0.2258161262733809,37257.0,168875.10348921685,2578,133993395,98302869,963609,1209662,11519823,11655246,15372479,14300065,28797520,21833433,22663628,11533985,12593609,11238643,7535984,7131886,34546743,19399949
305,000823,2017-11-17,-0.08117249154453199,-0.055242390078917514,0.3724136472089341,51270.0,311637.9131092158,2275,200872148,127186731,660816,1033801,10016728,7582090,12069332,14753186,23687383,24172957,17817523,14724243,13161433,13771925,12945001,10575541,110513932,40572988
306,000825,2017-11-17,-0.06641366223908918,-0.03984819734345346,0.09557021572428227,28982.0,261641.67711646235,3054,197324016,141466013,1116899,1877370,11983555,15714435,13367252,16696780,21199322,22268049,16793612,15339667,12946633,11381084,13216007,12399198,106700736,45789430
307,000826,2017-11-17,0.00285632676378178,0.0011425307055126233,0.6970613757085017,17455.0,151322.58130520183,2523,81218373,62046519,3382182,869376,16458126,8530848,8827684,8206801,14021700,10403778,8429212,4262732,4910028,7919713,3510622,2959938,21678819,18893333
308,000828,2017-11-17,-0.026248941574936513,-0.005080440304826461,0.42082914338734817,10584.0,51146.8077319916,787,11764172,7669489,683246,909862,3180640,2480062,2501502,1315258,2406716,1721946,1975656,235600,1016412,1006761,0,0,0,0
309,000829,2017-11-17,-0.05604719764011801,-0.03244837758112096,0.26896082043713476,10050.0,79917.9225671361,1430,30733470,18761235,1523356,1754413,5996683,4648827,6543725,4143030,6273868,3456411,2539825,1431609,1340142,730150,805465,410764,5710406,2186031
310,000830,2017-11-17,0.005116959064327409,0.021198830409356884,0.23629103336523488,117096.0,532843.0316151581,3361,411967184,520051453,671913,744490,8293342,10561664,18631130,18307228,38279395,46158149,39641360,41631643,38474861,35734359,24144684,28295160,243830499,338618760
311,000831,2017-11-17,-0.05758313057583142,-0.03811841038118413,0.26559088979815204,21762.0,119233.06226609807,2157,67678920,47926774,1331779,1572680,11373169,11231835,9565448,9256318,14787132,11737463,8119605,5827397,4378196,687379,3218168,1304849,14905423,6308853
312,000833,2017-11-17,-0.046666666666666634,-0.03599999999999992,0.26250499545557066,9516.0,53349.76491037332,816,14812743,6764777,811179,999554,3987358,2517828,3218566,1760653,3180287,1164222,1132842,0,653115,322520,440486,0,1388910,0
313,000835,2017-11-17,-0.04778156996587035,-0.03526734926052322,0.27077822663743195,15498.0,85364.62185132098,1054,24884397,15480200,739008,1123465,5223881,5177699,4039227,3419466,3482513,2624922,3014406,1589457,2098382,1043363,1930257,0,4356723,501828
314,000837,2017-11-17,-0.051948051948051854,-0.04329004329004327,0.19370375322270697,13480.0,66774.72747745593,1281,30414893,17112399,611068,1527885,5979494,6243298,5071675,3342246,7730497,3481089,5780300,1262509,1093390,306647,2355360,948725,1793109,0
315,000838,2017-11-17,-0.024806201550387597,0.01240310077519391,0.11800260729434507,29216.0,348319.1744623158,2997,126883817,200478964,1433349,2140659,10723120,16017975,11740802,18765039,16486368,23347665,13413881,20742362,10639482,14583702,7837612,11845481,54609203,93036081
316,000839,2017-11-17,-0.10517928286852596,-0.08764940239043839,0.20971992279250046,421711.5,2173669.1040935316,3590,1445160705,1475953600,89279,139379,2913197,3905111,12908188,10640091,34228793,36001923,35899124,48574526,47770620,51078969,48172702,63458541,1263178802,1262155060
317,000848,2017-11-17,-0.028712871287128627,-0.022772277227722793,0.2503597146209014,19900.0,143286.91586057286,1629,56843052,29295083,975762,1083257,10220049,6497400,6826879,3781553,7839210,6141025,6592795,4303625,2292612,1888657,3165802,1380293,18929943,4219273
318,000850,2017-11-17,-0.03054989816700615,-0.022403258655804503,0.21060978318897042,9720.0,45227.59730331874,543,9750330,4934438,549492,559432,3375395,1864585,2272554,849131,1980548,1050996,1254581,272412,317760,337882,0,0,0,0
319,000851,2017-11-17,-0.09969788519637468,-0.09969788519637468,0.24564218330078874,18800.0,281741.9761145923,1643,86907348,55392167,995386,1851937,6332350,8112546,6657343,7457205,8679744,8381787,4798410,3588692,6116441,3104264,6004459,1831533,47323215,21064203
320,000852,2017-11-17,-0.0234375,-0.020312500000000067,0.23583525846538567,39943.5,395055.68709802005,2952,190541186,194757000,1108517,1448908,13655254,13329961,16035174,15915128,26313495,26034912,18285458,15775667,13987853,16891890,11046819,8820784,90108616,96539750
321,000856,2017-11-17,-0.0985130111524164,-0.07899628252788105,0.4048296391337582,36063.0,176283.78213301333,2832,132732215,116111714,914054,1539767,13018497,15294613,16449008,15492718,27449509,23610016,11705474,16956207,16143739,11988663,5253741,5298583,41798193,25931147
322,000858,2017-11-17,0.011621621621621614,-0.007567567567567601,1.2362524754094508,392544.5,1454633.64939646,3584,1301794830,1254155193,94955,58669,2024442,2850965,8196760,12781810,36359799,38417514,46190159,52466266,46675195,48256873,59604816,53850602,1102648704,1045472494
323,000859,2017-11-17,-0.03663793103448276,-0.04094827586206884,0.1686731999277709,9581.0,144435.0531971634,757,22337978,9846620,454063,1012636,3354179,2815049,2148531,1714107,2939665,1804428,2888921,1483020,1129123,0,463000,432250,8960496,585130
324,000860,2017-11-17,-0.0224609375,-0.01953125000000011,0.4279169893981557,40240.0,215647.3594825157,2292,135329085,101008978,594895,1283748,7588875,12115334,12842589,12743537,22626391,18229280,15443400,12742898,11621716,6933242,9493277,11229196,55117942,25731743
325,000861,2017-11-17,-0.026086956521739202,-0.023188405797101463,0.11794451197537686,6800.0,70664.05933016594,857,13494228,6162518,704477,981793,3719656,2310273,2549923,818838,2267675,382520,1219753,0,662360,392564,453018,494530,1917366,782000
326,000862,2017-11-17,-0.060070671378091856,-0.04063604240282692,0.21963182385960525,9316.0,70096.08336370335,665,11869706,5648924,471945,682113,2786586,1795971,2764497,1625051,3288698,748777,0,432044,0,364968,0,0,2557980,0
327,000863,2017-11-17,-0.02018633540372683,-0.026397515527950444,0.28038907119623413,7560.0,78664.28016952031,527,11697150,3864948,471952,612670,1807605,1227727,2219402,948988,2432573,619124,968743,456439,1035730,0,934640,0,1826505,0
328,000868,2017-11-17,-0.06867469879518073,-0.028915662650602414,0.14505730874235545,44265.0,236630.14494731431,3282,202076870,140775940,1459612,1489263,15899918,12710716,22967696,19251623,39112712,30546192,25556391,19027957,22159550,10710263,18190681,8717140,56730310,38322786
329,000869,2017-11-17,-0.04445035932925212,-0.03247271759382486,0.9472518213102782,25641.0,146811.7821992828,1573,67706898,43584592,702705,1121823,8068408,7557255,9468655,6048342,9797263,7430437,7606012,6403819,5873143,6114973,4165515,3057644,22025197,5850299
330,000875,2017-11-17,-0.061224489795918435,-0.043083900226757454,0.1263484738528098,8500.0,82144.79028061622,1220,20913833,14375542,912218,1649316,4528749,4422732,3131950,2496469,3897461,2650956,1560100,1241465,1759676,614169,1695804,1300435,3427875,0
331,000876,2017-11-17,-0.010269576379974388,-0.011553273427471145,0.15520625454514178,23220.0,202807.6125871879,2523,104632936,102229412,1430089,1860955,10390664,11444952,11460661,14013384,16464101,17850364,10474980,11844302,10576744,10196052,5353449,6583452,38482248,28435951
332,000877,2017-11-17,-0.0563124432334241,-0.04722979109900083,0.2100947064780953,26650.0,120695.67050856125,2749,106087728,74068031,1304026,1815577,12454569,13361399,16631492,14955336,23103042,15944511,13558805,10534553,10127747,5503932,7053725,2676518,21854322,9276205
333,000878,2017-11-17,-0.04268774703557321,-0.02608695652173909,0.24590227866066067,31225.0,156830.50462805515,2648,112898877,77721314,964312,1362079,22297615,13034216,17124553,14869326,18442568,18132200,12095295,8597067,8000229,2965722,4832894,6099805,29141411,12660899
334,000880,2017-11-17,-0.06159769008662175,-0.03368623676612137,0.44945250289358296,10095.0,54256.40074258193,534,7810739,3960826,460527,450170,2770156,1563027,1744055,1002899,710541,214628,546585,730102,697490,0,0,0,881385,0
335,000881,2017-11-17,-0.06315789473684208,-0.0463157894736842,0.36939613202812016,16404.0,105496.74903763202,1489,42188383,26735584,870864,1601788,7141180,6727807,7405089,4495186,10144266,7226106,5810186,2321062,2145258,361416,1775153,897300,6896387,3104919
336,000882,2017-11-17,-0.021739130434782705,-0.012422360248447228,0.10338507414448368,7962.5,95464.12323881192,972,19951676,8765713,1027977,914966,4813234,2218949,2571284,1629167,3551837,674789,1046641,240207,2441020,1487635,0,0,4499683,1600000
337,000883,2017-11-17,-0.008333333333333304,-0.006250000000000089,0.147492356693555,4800.0,90357.51656809221,1060,17805237,8079759,982616,1068138,3983951,2869442,2402709,953741,2094592,1201286,1471251,957262,1076658,388892,900025,0,4893435,640998
338,000885,2017-11-17,-0.09405940594059414,-0.060506050605060535,0.3828870032009181,26130.0,108838.33178001743,2257,78222914,52953994,1134716,1609417,11910321,10817387,14886165,11319553,15795189,11429608,12963188,5025262,7919871,5122352,2741572,867997,10871892,6762418
339,000886,2017-11-17,-0.034682080924855474,0.0014450867052022698,0.2005445829325555,14080.0,176486.15094029394,1192,38015295,38775238,984765,894307,5616342,4249814,3415287,4292605,5909994,4855142,2309559,5392942,3461766,4499036,4110053,4056526,12207529,10534866
340,000887,2017-11-17,-0.01425438596491213,0.007675438596491224,0.4431743761712783,21984.0,108941.60756501202,1694,41652630,54735234,826908,773514,5373667,15733088,7172963,9315386,8105008,9166314,5952149,5226695,3180974,5708486,2152241,1709183,8888720,7102568
341,000888,2017-11-17,-0.014807502467917066,-0.01184600197433372,0.27147403104157,7936.0,103857.34105971073,1394,29861402,15884866,2255596,849255,6010250,4909063,3482688,1660903,3410521,2475487,1787925,1386018,1432835,2178967,1464060,848823,10017527,1576350
342,000889,2017-11-17,-0.020408163265306145,-0.025117739403453743,0.5053338750298169,12530.0,73005.22868494777,635,13776566,7160377,663832,388594,3183906,2011765,2134726,1573937,2164576,1425845,1418805,485011,1024950,747720,1215897,0,1969874,527505
343,000890,2017-11-17,-0.0509461426491995,-0.03784570596797665,0.26291008304357494,9506.0,58103.29950575367,683,11588998,7611773,493187,687122,3172688,2062518,2776652,1745863,1763634,959830,2025332,724054,396000,329324,438235,0,523270,1103062
344,000892,2017-11-17,-0.060179257362355965,-0.04097311139564652,0.23027041800951487,14980.0,76339.52432675831,1151,25331499,15991379,709298,1270225,5477051,5709388,4366054,5605065,4799813,2381870,1926115,1024831,1770616,0,2671432,0,3611120,0
345,000893,2017-11-17,-0.04578313253012056,-0.024096385542168752,0.2912796624515149,8250.0,43757.572613851684,812,11618665,4780204,1160001,852351,3967437,2322776,1733099,467673,1732901,925754,1586197,211650,0,0,839700,0,599330,0
346,000895,2017-11-17,-0.015803013597941895,-0.023153252480705766,0.4742217785291034,60789.0,352086.8968637939,3297,282701806,200384458,311495,550707,19030343,12381772,30602594,20990495,43467868,31780262,30536635,26485261,19194912,14120575,17367863,6575875,122190096,87499511
347,000897,2017-11-17,-0.038363171355498826,-0.03324808184143235,0.10938921301122759,7620.0,68802.9935204657,1281,24177770,12318232,1078988,1401875,5972877,3260873,3663668,2422408,4868097,1551919,2982873,941070,2805159,1077944,402150,0,2403958,1662143
348,000898,2017-11-17,-0.030721966205837226,-0.02611367127496156,0.12438705555888878,32436.0,261480.15078013984,2747,184362615,93394727,1509814,1536980,22297753,10256031,16441052,9915170,22752143,15839050,11326204,7422028,12425734,10234182,6092391,6749317,91517524,31441969
349,000899,2017-11-17,-0.05069124423963134,-0.029185867895545226,0.18550383134975318,3810.0,65371.13574324068,1232,15076851,3494713,2883208,619283,2898702,1321071,1752216,813124,2277435,488035,1567976,253200,628351,0,0,0,3068963,0
350,000901,2017-11-17,-0.05210819411296752,-0.04733492442322995,0.609794317669156,24180.0,102884.73906115281,1700,51990918,40047741,886777,1594344,7695549,9569157,9941574,6225981,12090213,9349236,6784769,4031425,3469566,2734095,2825472,2678224,8296998,3865279
351,000902,2017-11-17,0.003984063745019917,0.005976095617529875,0.24346845532160938,9108.0,77250.9430451831,1702,24162489,23157104,547302,3691796,4206515,5947651,3718324,2936988,4732724,3479371,2944560,2369949,1927900,2102089,2608704,0,3476460,2629260
352,000903,2017-11-17,-0.02481389578163773,-0.01488833746898266,0.12154240698807746,12863.0,109753.57300312552,1101,29275473,17983466,1197068,516458,7058995,3052056,5642882,2776220,3439220,2496942,3016207,1895678,2758826,2729320,432610,1330378,5729665,3186414
353,000905,2017-11-17,-0.05157813702848346,-0.02617397998460358,0.3241610107490009,15342.0,76013.23824234038,1606,43026036,22656367,909556,1351632,8693275,7122958,9002524,5639756,10123277,5074387,4222783,2342356,2330847,664452,912214,460826,6831560,0
354,000906,2017-11-17,-0.019101123595505642,-0.02359550561797763,0.22048415275011035,14208.0,103380.97179170838,1633,40487200,25638778,1765345,1073910,8330831,6173310,7629574,6170389,7821355,4588087,3036573,2204290,2122359,1443382,857064,857769,8924099,3127641
355,000908,2017-11-17,-0.0541353383458647,-0.052631578947368474,0.23586926202757239,9585.0,55141.13223471199,795,14056814,8025018,742301,914832,2832324,2899169,2933917,1529718,3053115,1780608,2176713,509993,1265924,390698,411520,0,641000,0
356,000909,2017-11-17,-0.04859967051070835,-0.018945634266886335,0.45485377811657607,12060.0,66767.48378814179,712,14517007,8361250,519055,684812,3773499,2842817,3072974,1595254,2610549,2189282,1590290,687295,333760,361790,822980,0,1793900,0
357,000910,2017-11-17,-0.02349979018044479,-0.012169534200587417,0.5641470028576787,23500.0,109696.21625736782,1787,65291988,19491460,568911,601752,22235169,4392015,12981576,2983797,5777868,3371334,3349172,1838713,1319754,737389,1286068,3128631,17773470,2437829
358,000911,2017-11-17,-0.05458089668615984,-0.05555555555555558,0.264513826488786,10901.0,88810.3948865395,1506,33840060,19621296,950798,2263330,5389590,7166464,5065279,4183710,7726307,2255196,4843533,1527945,2542879,1075575,1475422,499872,5846252,649204
359,000912,2017-11-17,-0.0625,-0.05163043478260865,0.176655684994279,11520.0,58698.135014780964,1738,29804304,23762330,1509799,1850360,7246695,7515157,6586370,4929832,7947627,5032160,3604755,1657312,1659636,1642261,473822,0,775600,1135248
360,000913,2017-11-17,0.026653504442250675,0.04491609081934844,0.5870167563086351,21400.0,127883.1587321399,1195,33191092,40375410,493992,726624,6215458,5235297,5749702,5741567,7811483,9211733,2977800,3902641,1834839,2429548,2626645,3105328,5481173,10022672
361,000915,2017-11-17,-0.026331904470299983,-0.018983466013472006,0.937304311202654,25888.0,101499.38543323443,1214,37545215,25969831,940720,983392,7532718,5553042,7367332,4869952,7360517,6273350,3678649,1809013,2066384,3368343,972975,451500,7625920,2661239
362,000917,2017-11-17,-0.08235294117647063,-0.07511312217194566,0.20321249908772818,63104.0,310611.85902416386,2962,280585002,212140003,894003,972711,11606903,10383743,17712240,16393804,35025637,24451038,30712377,27565973,26738939,20178814,25317359,13716569,132577544,98477351
363,000918,2017-11-17,0.00136986301369868,0.004109589041095818,0.18035929330159245,16236.0,105046.6414555016,1640,40958174,38242713,1541073,990612,9364482,6732167,6332608,5400256,6727003,7772003,4727963,3456730,3896955,2638121,2602241,3923793,5765849,7329031
364,000919,2017-11-17,-0.04883011190233977,-0.03662258392675477,0.3300069934306324,14610.0,72366.95736853518,887,24518806,12419028,541504,1374897,4188034,3304765,5578108,2615124,6548294,2275664,2527759,1498881,2110115,0,1897592,1349697,1127400,0
365,000920,2017-11-17,-0.042190305206463274,-0.026929982046678735,0.3805435639477993,15484.0,102355.07361817622,857,21748180,15779675,662427,638242,4757760,2945104,3222443,3137050,4893829,4654271,1073574,1904586,344926,1615654,1405178,884768,5388043,0
366,000921,2017-11-17,-0.03244646333549639,-0.024659312134977296,0.334188462346646,25695.5,140711.23301423513,2128,83750883,62343555,1056223,1511284,9974310,10899107,11671260,10047257,17228368,12031372,8349935,9257467,8350038,5208006,6295656,1758600,20825093,11630462
367,000922,2017-11-17,-0.044117647058823595,-0.01715686274509809,0.2884584014637119,10555.0,75348.81121571116,800,16059072,7803449,732161,901850,4340671,2871242,2837961,2036302,2509846,1228792,1470364,0,0,314545,1356749,450718,2811320,0
368,000923,2017-11-17,-0.0854665565648225,-0.08340214698596204,0.5770296019503082,18688.0,72189.656882752,1763,40987440,31704709,1127131,1531143,7883717,9436076,8620374,7586110,10618054,6810992,5904922,2271294,2391082,685500,913150,1793482,3529010,1590112
369,000925,2017-11-17,-0.01985111662531014,-0.018610421836228297,0.6281993454645695,12712.0,87590.87456011806,658,12614042,11740701,741827,470527,3526630,2449333,1667066,1677039,2434384,1135210,1410881,1218738,1355129,957398,846104,1871048,632021,1961408
370,000928,2017-11-17,-0.07428571428571418,-0.042857142857142816,0.1717607789590279,18788.0,131816.2601298001,1665,51636495,36821641,961010,1609651,6818181,8194012,7981854,7203203,9549134,9216463,6709741,4161623,5319518,2438951,1284955,854653,13012102,3143085
371,000929,2017-11-17,-0.052459016393442526,-0.03524590163934427,0.602777168445893,11700.0,44669.255827296016,409,7255179,3126125,373549,321417,2194171,1328198,1381320,721164,1746317,499066,1210484,256280,349338,0,0,0,0,0
372,000931,2017-11-17,-0.031383737517831634,-0.022824536376604865,0.2182391487069486,7612.0,61737.37683356066,1032,16906011,10230831,778640,1466395,3820390,3668561,3054206,2790406,2855786,1044087,1675644,494291,755433,347945,823800,419146,3142112,0
373,000932,2017-11-17,-0.03837209302325584,-0.020930232558139528,0.17408835134250358,23031.0,203459.9645631315,2447,110715502,77632495,1948069,1781172,11739098,10529311,12817975,11805892,16803102,14459169,11294650,7186794,7871684,2479804,9233814,5029295,39007110,24361058
374,000933,2017-11-17,-0.0825892857142857,-0.06584821428571441,0.15745687756553686,71258.0,459127.7590620381,3252,341770417,299147923,785138,1465175,10216541,13605362,16304230,20237699,33214369,37975252,43173345,32260640,21908455,23953276,27354228,23731619,188814111,145918900
375,000935,2017-11-17,-0.09937888198757772,-0.06935817805383027,0.3644209897405426,31569.0,128811.62060699966,2813,117098763,87612993,1226534,1820595,13611636,13762300,18667108,16105671,26607670,21743778,16010707,8089071,11062139,9544255,6150572,5377570,23762397,11169753
376,000936,2017-11-17,0.04329004329004338,0.04761904761904767,0.12790886170032334,34500.0,176812.6773844776,2947,123951477,138824416,1324132,1405341,15315377,13229907,15474463,18396338,21903038,27040582,18400000,16863386,9932122,12704111,10083858,9907057,31518487,39277694
377,000937,2017-11-17,-0.0323129251700679,-0.023809523809523725,0.12750666052176948,10982.0,103982.47388909961,2132,52697439,36201100,1448671,2356702,8203674,8090510,7197364,6846366,9096200,5331705,6780755,4233925,6529891,1024988,3536952,1279801,9903932,7037103
378,000938,2017-11-17,-0.03590040532715699,0.0031847133757960666,1.3390024347622016,69760.0,292525.7611114654,2663,215150598,207032536,847914,808787,11782659,9354100,17661042,17400846,31062712,30936810,20946252,23852826,21995362,20686176,12766788,18738491,98087869,85254500
379,000948,2017-11-17,-0.06031468531468531,-0.046328671328671245,0.4229275311538548,11170.0,115976.47391550321,735,17674658,10772476,408543,632671,2176747,2872877,3332876,2603423,1561932,2100641,1825166,1823909,1364135,318373,948640,420582,6056619,0
380,000949,2017-11-17,-0.027227722772277252,-0.022277227722772297,0.1538137763621379,7940.0,96865.77808170137,690,14132123,7271407,550014,878231,2424728,2346569,1845627,1321916,2917947,350719,1538559,289275,1942788,0,0,484737,2912460,1599960
381,000951,2017-11-17,-0.031230480949406725,-0.01873828856964399,0.3959890257955813,15860.0,109771.65531055024,1635,43713709,24194350,1061043,1423326,11170473,5841948,6292701,4918680,7434932,4792675,4440807,1440962,3056925,1037690,1356603,1376301,8900225,3362768
382,000952,2017-11-17,-0.053830227743271175,-0.04416839199447897,0.4642692664030283,14150.0,83950.64820742595,974,27696702,11052375,693068,1079447,5005822,3564158,4020518,2405229,6398547,2524395,3744886,1121646,2061378,357500,1234262,0,4538221,0
383,000955,2017-11-17,0.0,-0.0015999999999999348,0.30809309659048284,6250.0,97526.18396711201,413,9403215,5460020,270704,364973,969968,1381230,1118813,990193,1613878,1099381,481724,983219,613610,641024,934500,0,3400018,0
384,000957,2017-11-17,-0.040888888888888975,-0.023111111111111082,0.27553750595356996,11020.0,79043.94405144063,1668,38218945,19991985,1975455,1154719,6463087,5831824,5426367,4056692,8333589,3869139,6356954,1704696,3102360,341562,2761092,887138,3800041,2146215
385,000958,2017-11-17,-0.0662358642972537,-0.050080775444265035,0.13112540637243722,16996.0,131315.72973552853,2233,60619947,43643250,1122744,2131622,9871641,11266824,10506942,8769302,13037058,9186839,6143335,3155565,3431344,4028285,3086586,1366056,13420297,3738757
386,000959,2017-11-17,0.006299212598425141,0.009448818897637823,0.15604154075090834,5697.0,110831.17693218331,1665,26297063,31292398,1316708,1368298,5769380,2978280,3815410,2137303,4740441,17281899,1201236,512533,757779,2027495,1322410,472654,7373699,4513936
387,000960,2017-11-17,-0.04580152671755722,-0.03435114503816794,0.2730076548310029,31762.5,200524.36105737134,2304,125345713,85209656,915560,1244224,10136159,12293059,12864228,11464758,22773299,19223838,12437321,9202669,9333587,7022620,8042722,5407672,48842837,19350816
388,000961,2017-11-17,-0.01317957166392092,-0.0049423393739703725,0.17120353991974954,12100.0,109863.62426251997,1258,29724303,22364932,1162448,926371,4741718,6044097,4264657,6570385,5198149,2364711,2668751,1146766,2952239,1971439,0,902041,8736341,2439122
389,000962,2017-11-17,-0.04971098265895946,-0.03930635838150287,0.27479635015274906,12012.0,50680.37444408149,991,18283068,9378804,1034140,940711,4802537,4471247,4223071,1989569,3160918,1482719,2100610,494558,1120560,0,1266000,0,575232,0
390,000963,2017-11-17,0.0017364460737026022,-0.0025081998842368947,1.120438371330514,36253.0,202103.66857184545,2143,128740882,80669970,510722,871016,8757493,10467112,10925627,10705403,35802809,12011000,19486331,9968180,6340864,4002242,7559862,2607173,39357174,30037844
391,000965,2017-11-17,-0.04590163934426217,-0.031147540983606503,0.17149816266479062,12230.0,75133.17052480055,1266,31370605,16419500,842627,1163000,6063654,4871227,5485994,4654354,6670438,4581442,4149352,407642,677904,741835,1748047,0,5732589,0
392,000966,2017-11-17,-0.020179372197309364,-0.004484304932735328,0.21151320960601455,8010.0,62381.31572262238,444,8847300,3126651,647006,337853,2228671,945312,1231395,629902,1432004,628340,1634726,229244,0,356000,444000,0,1229498,0
