,code,date,pchange_whole,pchange,change_std,amount_median,amount_std,length,sumsell,sumbuy,sell_vol_0,buy_vol_0,sell_vol_1,buy_vol_1,sell_vol_2,buy_vol_2,sell_vol_3,buy_vol_3,sell_vol_4,buy_vol_4,sell_vol_5,buy_vol_5,sell_vol_6,buy_vol_6,sell_vol_7,buy_vol_7
0,000001,2017-12-15,-0.013953488372092981,-0.006976744186046546,0.1739458670343632,104878.0,814615.6733615682,5505,896926669,844767150,1121440,1175099,15865981,20002766,27268170,33019907,62000594,77710187,57170999,58920526,53883092,46176241,43681579,42080206,635934814,565682218
1,000002,2017-12-15,-0.03353253652058441,-0.026228419654714563,0.3893271858284393,97251.0,493955.7849941334,5988,703304726,685355854,1016739,1414570,16585713,21677425,35287654,47227638,73463543,83620480,63738603,75396978,68349115,60607520,46895739,40088353,397967620,355322890
2,000004,2017-12-15,0.015825491873396214,0.019674935842600494,0.5311458160495081,12060.0,67229.95859478264,1939,32778655,28196855,2153096,1949722,10038848,7165360,6943982,5772011,4779326,6067018,2379218,1725623,312000,1689700,1866094,0,4306091,3827421
3,000005,2017-12-15,-0.004761904761904856,-0.0071428571428572285,0.14566902270139534,4598.0,45959.79614895277,831,9788480,4966486,1090883,554633,4045958,1327948,1438235,693883,766106,800510,815447,717009,1122862,363514,0,0,508989,508989
4,000008,2017-12-15,0.01090909090909098,0.0060606060606061,0.2502102588410423,5802.0,43673.57993960473,1087,11956923,10147376,1172031,1179740,3904203,2640159,1912429,2597151,1782245,1764382,1774697,1577724,1411318,388220,0,0,0,0
5,000009,2017-12-15,0.004132231404958775,0.004132231404958775,0.13813440490844472,10920.0,150675.52324190136,2765,60604433,75137977,1584935,3156571,7169628,13816495,6075465,12369476,13109916,12882169,6867554,11509606,3576801,2422161,1307961,2134191,20912173,16847308
6,000010,2017-12-15,0.020183486238531945,0.0183486238532109,0.0894007501097118,14313.0,77617.58833643704,3726,65718358,71310752,3117040,3162728,16999061,16864998,15147037,14511176,13872540,15440626,7381729,7476141,4978035,3071167,938765,2319839,3284151,8464077
7,000011,2017-12-15,0.003512880562061005,-0.0011709601873536313,0.3843434585022807,17010.0,70605.0804628662,1976,37317640,32285636,1649075,1630571,10342933,9133539,7227858,6493338,7715063,7181829,2361663,3793893,2439937,1322225,1723659,1693173,3857452,1037068
8,000012,2017-12-15,-0.044520547945205546,-0.03082191780821908,0.13174646410574375,27680.0,231164.60268175925,4427,220856037,160527606,2794436,3406784,21249974,21414177,26492090,21909857,33555127,25996492,27646067,19811800,15898184,13296311,27057439,14245710,66162720,40446475
9,000014,2017-12-15,0.004125412541254203,0.004950495049504955,0.45020114192529165,6075.0,33416.96084264077,724,6751643,6085910,1029087,476813,2780843,2267422,1484141,1272445,1120080,1731738,0,0,337492,337492,0,0,0,0
10,000016,2017-12-15,-0.016393442622950727,-0.014754098360655665,0.15567515990063546,10800.0,107552.84653956699,1536,32205321,23086668,1486305,1058997,7005616,4733156,8275153,4615790,6474095,3713609,2807949,1531573,1532781,1831343,1330471,938477,3292951,4663723
11,000017,2017-12-15,0.0121212121212122,0.0,0.34410056472316247,6600.0,35559.64441886108,367,3183802,2925802,421140,347889,986034,1187729,518269,453111,808921,405873,449438,531200,0,0,0,0,0,0
12,000018,2017-12-15,-0.0029761904761904656,0.0044642857142858094,0.1437959519187412,6690.0,52995.57546313632,2185,25872536,28415784,1200483,3823067,7053388,7390611,4228407,3669270,4892094,7367478,3421680,2590687,5076484,2624611,0,950060,0,0
13,000020,2017-12-15,-0.00596026490066226,-0.0033112582781456013,0.41138478547517027,9174.0,58598.921450564034,1348,19824645,13470271,1327409,1411714,5913368,4419991,4260801,2051883,4265661,2583551,980470,423250,0,0,424974,1338642,2651962,1241240
14,000021,2017-12-15,0.01783840503672618,-0.0031479538300104304,0.13834439048983413,28680.0,150929.03204051315,4754,204334117,165913684,3525835,2349427,20572889,23717467,28803211,23875351,42409124,35949478,22079540,21235099,17504242,15198097,15205956,10784879,54233320,32803886
15,000023,2017-12-15,0.024680475980608074,0.03569854561480823,0.6760636775147812,21150.0,71153.91868702056,1127,23002126,22333341,901441,701071,5919579,6075666,4775051,4664965,4291791,2938858,2990114,3777166,661876,1667341,2266071,1312071,1196203,1196203
16,000025,2017-12-15,0.0030333670374114163,0.006066734074822833,0.8415128156615482,15984.0,50519.61785914361,2210,37363944,32394253,2185796,1859550,12532933,11105571,9491548,7046274,7702479,6073131,2896158,3011919,1138290,1138290,1416740,2159518,0,0
17,000026,2017-12-15,0.010185185185185075,0.0018518518518517713,0.33193245486296946,7539.0,29086.284502983155,1058,8467422,9367553,606014,1460025,3499875,4414069,2429464,1432965,1699869,1283316,232200,453178,0,324000,0,0,0,0
18,000027,2017-12-15,0.006589785831960571,0.0049423393739702615,0.1391413814050788,12200.0,89264.46765371454,1904,30722929,44225139,1759108,1637712,5391959,9277273,5743498,8439134,7734623,8790152,1540376,5185640,1590051,2215427,497553,3110401,6465761,5569400
19,000028,2017-12-15,0.002313167259786475,0.004448398576512469,1.463176366334656,11312.0,53301.559396786455,1475,17321257,19437791,813208,1910521,4643362,6892123,3151938,3861495,4217477,2645468,1828412,2239194,1068034,1034028,456516,0,1142310,854962
20,000030,2017-12-15,-0.006265664160401085,-0.0025062656641604564,0.18128320689549773,1594.0,21835.279999374412,1939,9941715,7511984,1941276,2277902,3847927,1763608,2119156,2146946,1140244,460092,893112,863436,0,0,0,0,0,0
21,000032,2017-12-15,-0.01668129938542595,-0.015803336259877065,0.26358793923834184,11260.0,67869.29504493551,1868,36728148,17520209,1632588,1584026,8386062,8116815,5772202,4193000,9208728,2463765,3330016,725465,2346362,0,437138,437138,5615052,0
22,000036,2017-12-15,-0.005701254275940593,-0.005701254275940593,0.1943291159138042,8750.0,74557.96128485897,2037,35253480,31240756,1230470,3853140,8001274,6370799,6912808,5531468,8134613,7604929,2714119,3366820,1353985,1338235,467250,467250,6438961,2708115
23,000037,2017-12-15,-0.030183727034120755,-0.027559055118110187,0.18716658937054156,18425.0,90725.08550750931,1661,41047054,25263599,802849,1498672,10647403,6392391,5681747,4527048,6806483,3418462,2586798,1654686,4790682,3908168,3583950,0,6147142,3864172
24,000038,2017-12-15,-0.006382978723404209,-0.004255319148936176,0.3614722069726716,25861.0,110975.70733331586,4231,120749282,138616090,2427295,2936148,19039689,23061801,23930806,25054505,24880632,31446712,20795092,19880603,10575698,9963255,4495458,8947322,14604612,17325744
25,000039,2017-12-15,-0.00048332527791206115,0.011599806669888801,0.2799141747511241,46486.0,347972.0297134924,5472,438424726,351926908,2220707,1115584,31996007,17450490,39227619,29652978,56163514,44516294,39261417,35242032,29152798,23968732,26338622,23252461,214064042,176728337
26,000040,2017-12-15,0.011574074074073959,0.004629629629629539,0.3127191782786233,6470.0,43989.309532693995,1717,16608930,16541037,2920600,524218,4493038,5038581,2794439,5820456,2707669,2211647,2312189,1565140,700829,700829,0,0,680166,680166
27,000042,2017-12-15,-0.01090248334342847,-0.007874015748031704,0.6089933257009467,8200.0,32962.74227602239,735,9631372,4264476,1672882,285064,3307081,1719569,1393972,1465137,2830517,794706,426920,0,0,0,0,0,0,0
28,000043,2017-12-15,-0.007920792079207928,-0.002970297029702862,0.3831640295348551,11110.0,64491.51966482723,694,13986240,12373516,418126,500777,2464173,2071760,2483007,3067694,4451190,4780932,1895517,1520929,392563,0,835424,431424,1046240,0
29,000045,2017-12-15,-0.0009532888465204614,-0.0019065776930409228,0.262749587440954,15705.0,60280.31562897482,1594,33337706,24364365,1049746,1270207,9571458,6870200,8056670,4270599,7509550,6075792,3526400,1690072,1333061,1008066,1774289,2662897,516532,516532
30,000046,2017-12-15,0.005319148936170137,-0.010638297872340274,0.3062891455714927,3740.0,28065.36307844149,602,4289731,3430112,689050,770886,1554086,988786,833448,805189,740930,393034,472217,472217,0,0,0,0,0,0
31,000048,2017-12-15,-0.017045454545454475,-0.005681818181818232,0.6974914421362377,8444.0,53069.34949116857,917,11430563,11576957,905408,1004642,3512292,2875863,1561814,1752559,3227129,2816143,1890020,290490,333900,967500,0,856000,0,1013760
32,000049,2017-12-15,-0.00974103112378244,-0.010928961748633892,0.8445025911291972,16882.0,70944.80454309647,2484,51341468,46881468,1934616,2936565,12187771,11954721,9110194,9986364,14236013,11839897,7120649,3856389,638430,1889494,888844,888844,5224951,3529194
33,000050,2017-12-15,-0.06226765799256506,-0.052044609665427566,0.2815483976278129,67254.0,396818.6545773465,5848,523438851,558209549,1047537,2087403,18978172,29209335,27240248,36639236,60416288,77329727,55767047,64755776,37613666,44572672,40524411,39242720,281851482,264372680
34,000055,2017-12-15,-0.01125401929260439,-0.009646302250803762,0.17378546570140066,7440.0,89388.6497574233,1281,20827587,13917320,1128819,1159005,6211174,3121826,4106237,3101972,3493927,1488829,946214,451014,0,620238,966780,0,3974436,3974436
35,000058,2017-12-15,-0.0060606060606061,-0.0036452004860269005,0.0071934261570406706,10725.0,52872.666537004596,974,15005515,13181620,958219,1330552,4159614,4325450,3170919,3908807,2246248,1504845,1133758,1720322,674430,391644,2091988,0,570339,0
36,000059,2017-12-15,-0.02087682672233815,-0.017745302713987443,0.1861426574275879,18990.0,187658.84705434105,2650,102757123,70043750,1584432,3035033,12962014,13194688,8372640,10399941,19064180,11973919,6556956,6140059,9065978,4282485,3287316,3650013,41863607,17367612
37,000060,2017-12-15,-0.0077145612343297865,-0.009643201542912205,0.16535216100870123,10345.0,119863.0254191355,3936,101046380,89283259,3396723,3392684,15507512,12797867,11804810,11728406,18850746,14295795,9464812,11992591,8375092,6750025,4457148,6175858,29189537,22150033
38,000061,2017-12-15,0.0013245033112583293,-0.0026490066225165476,0.24796286299479728,4500.0,44029.32586796365,927,6950928,5960223,1068751,830721,2306122,2046912,1310602,1251018,540831,1608228,667872,223344,0,0,0,0,1056750,0
39,000062,2017-12-15,-0.01243781094527363,-0.0016583747927032544,0.522563932933374,18888.0,94443.76665942452,2131,59893500,34150168,1668224,1684338,10520376,11191291,9204045,7470594,10483615,6091450,6938708,3147803,4706868,1738626,1847276,0,14524388,2826066
40,000063,2017-12-15,-0.026827985270910126,-0.025512887953708763,0.46031121363282873,453108.0,1610977.2852226715,6825,2979359451,2927531653,79673,141358,3254835,2451150,16072938,16782769,56666934,73974495,85823706,102865829,110681070,111221991,114334651,113596020,2592445644,2506498041
41,000065,2017-12-15,-0.018398806563898584,-0.01939333664843368,0.4605480413588663,13880.0,86995.0677516268,1907,43908095,30671767,1324628,2503768,8800367,8225034,7469922,5905711,9734134,4342086,4836778,2913198,4740416,2435796,0,0,7001850,4346174
42,000066,2017-12-15,-0.008426966292134908,-0.0098314606741573,0.12277571161133073,17600.0,143592.30675799638,3367,126476348,85743186,2524047,2569594,15230193,13490616,15373579,16205922,15295716,16253889,14428388,8518338,14394469,4530022,8419891,4022063,40810065,20152742
43,000068,2017-12-15,-0.0019011406844106071,0.0,0.1472077195391975,1578.0,42421.17400989376,1277,9334436,7994306,750290,1020328,2690055,2274199,1245072,1464432,2743822,1488156,1905197,765149,0,0,0,0,0,982042
44,000069,2017-12-15,-0.033373063170441086,-0.025029797377830842,0.11449877823708152,13088.0,296676.8526899118,5383,240462148,199166274,6757735,3892685,20613722,19842524,17870152,15207699,26723013,22207909,26457274,18685054,10345454,13456080,11482053,14601162,120212745,91273161
45,000070,2017-12-15,0.00815494393476035,0.010193679918450549,0.19299703696020115,4975.0,37431.9319510078,2585,18587952,28481173,1942176,4406518,6760454,8631568,4543407,5027876,3700213,6217861,1256773,2713297,384929,1053219,0,430834,0,0
46,000078,2017-12-15,0.0016420361247946325,0.0,0.12490687613881539,7969.0,81472.84466834895,2379,35739748,35427458,2180550,1659038,8697767,8325898,5649982,7886048,7630183,6687514,2238416,2494004,4020574,1918506,468792,1435572,4853484,5020878
47,000088,2017-12-15,-0.014048531289910682,-0.01532567049808431,0.19434983263350725,10023.0,95455.68828470634,1624,33571889,19423472,1908375,1428730,7631299,5425529,4644781,3847384,5929367,2786408,4117102,991898,2677378,727660,921600,812742,5741987,3403121
48,000089,2017-12-15,-0.002339181286549863,-0.005847953216374324,0.19179378067476005,11037.0,47310.479595868004,1989,28539140,16945111,1445174,2961661,13689914,6645343,2967599,2873400,3798059,2157283,1163961,721311,1594082,982962,1708200,0,2172151,603151
49,000090,2017-12-15,-0.01179941002949847,-0.015732546705997996,0.1885582686642569,6108.0,89860.7553756598,2912,46751091,39535654,2126940,4280916,9540164,8391317,7771706,7638412,8265986,4806247,3174066,2992174,3521793,1621773,1785255,400995,10565181,9403820
50,000096,2017-12-15,-0.010064701653486718,-0.005751258087706712,0.6227959142531933,6905.0,21752.416702668073,498,3616542,3133875,583141,552045,2079950,1510885,609093,601007,104728,230308,239630,239630,0,0,0,0,0,0
51,000099,2017-12-15,-0.005452562704471142,-0.007633587786259555,0.2555829702350488,5466.0,31602.07892686726,1287,12938649,7998409,1374435,1781584,4031945,2284470,4294881,2371138,1224448,1561217,2012940,0,0,0,0,0,0,0
52,000100,2017-12-15,-0.027027027027027084,-0.02457002457002455,0.05152283284792247,28800.0,386473.9786789425,6289,473718520,358465572,3249318,4028082,26044919,27391799,29662845,31465457,41111517,43646913,38357274,26026325,29075786,21296343,29634548,24819060,276582313,179791593
53,000150,2017-12-15,-0.0021582733812950394,-0.0057553956834532904,1.5950662878564537,11068.0,49420.612381220504,303,4424065,4203073,200518,357931,1153429,1391584,1129387,629933,1142971,578745,797760,1244880,0,0,0,0,0,0
54,000153,2017-12-15,0.008728179551122262,0.0037406483790525247,0.2310203274483825,4030.0,21593.572859925935,1205,6200758,6503935,924616,2262936,2856731,2613522,1013949,543885,1405462,1083592,0,0,0,0,0,0,0,0
55,000156,2017-12-15,-0.007942811755361379,-0.011914217633042123,0.26618063928792474,5016.0,63249.929660621725,2237,36717884,21001032,2662326,1295149,7331185,4984612,10078713,4829661,7459715,4734366,2697071,3519000,2765630,0,0,0,3723244,1638244
56,000157,2017-12-15,-0.0023419203747072626,0.0,0.07037781073517127,5950.0,114122.41117036315,3693,78752795,48353604,4977302,1776168,19399468,8250950,7322162,5290212,11559583,4857313,9741525,15355460,4635359,0,1655248,0,19462148,12823501
57,000158,2017-12-15,-0.01873536299765788,-0.012880562060889833,0.17190178395380168,18656.0,269938.12952136196,2472,106460468,113618594,1577752,2807202,6765993,14856198,10308359,13300071,13527088,13858404,5406574,4884376,3736078,6126196,3437446,6501131,61701178,51285016
58,000159,2017-12-15,-0.005555555555555647,-0.009259259259259411,0.18573005549326807,9648.0,47111.49566586437,845,14247873,6418294,531890,666998,3364203,3250661,3785458,1281835,3167484,805930,2347434,0,638534,0,412870,412870,0,0
59,000166,2017-12-15,-0.0055658627087197265,-0.0055658627087197265,0.08499573198197913,5907.0,140473.23340025145,4032,77857041,60470291,4998863,3004779,11548887,12931031,8701934,7803151,11710769,11318707,7527025,4771763,2908336,1705737,5225168,866694,25236059,18068429
60,000301,2017-12-15,0.003809523809523707,0.003809523809523707,0.10343206456728106,10560.0,91325.72663407854,2580,47897390,48662342,2156139,2139371,9890264,10866100,7850431,7630179,6742647,11716327,4723634,5043656,4113591,3850399,840000,800100,11580684,6616210
61,000333,2017-12-15,-0.01377410468319562,-0.012855831037649312,0.6705933012282241,148960.0,508347.4184089278,6596,1022884875,917385823,377198,643580,13790716,17406639,35776670,36423137,104198713,96137383,103782616,86504940,91305412,86309059,79770807,57598230,593882743,536362855
62,000338,2017-12-15,-0.018421052631578894,-0.011842105263157876,0.0981588542595323,17319.0,225360.06152413,6010,259499208,178999571,4857552,4003532,33258192,22893925,28637773,17652137,30866193,22891619,25242240,12933762,15650646,10789206,12957549,12525687,108029063,75309703
63,000400,2017-12-15,-0.007982583454281489,-0.007982583454281489,0.2545534771088178,6845.0,68406.68689045763,2933,41342559,32163180,2943513,5702256,10350208,7451791,8110317,5379174,9301689,4402127,2608114,3189326,2505040,1860556,476442,476442,5047236,3701508
64,000402,2017-12-15,-0.005555555555555647,-0.005555555555555647,0.1748134054676854,8600.0,91426.0823684544,3819,59824964,55062285,2223784,8530201,10868810,14127183,7683718,7845691,12801429,9976303,6371848,3018096,2730300,1034168,2253120,2244284,14891955,8286359
65,000403,2017-12-15,-0.030864197530864224,-0.026234567901234462,0.7108558428948683,31330.0,174991.24734517938,2080,91880313,77649904,1152372,1638856,9044597,10182214,13391000,8979318,17931984,16429850,7567597,7182321,9716310,9624571,5167822,3664686,27908631,19948088
66,000404,2017-12-15,-0.024169184290030232,-0.022658610271903412,0.1995027405991298,13180.0,114754.48641553617,1101,27739913,24566558,772021,1105657,5235520,4566006,3265518,4519445,4719690,4015471,3448207,2660024,2077739,2077739,2741301,1915773,5479917,3706443
67,000407,2017-12-15,0.007989347536617952,0.010652463382157196,0.20938869711887012,15558.5,78858.69603138183,1286,28574043,29805575,932130,1123672,6094509,5235413,5792365,5087701,5282733,8514737,4972976,3300656,1590348,2532188,1264270,4011208,2644712,0
68,000408,2017-12-15,0.0,0.003454231433505983,0.4418257666844759,17570.0,120667.46278904029,1545,35648448,40689302,1070471,1182525,6808107,9542082,7193439,8542159,6671786,6584389,4051037,2442501,2765972,1016972,912670,912670,6174966,10466004
69,000409,2017-12-15,0.0068728522336769515,0.005154639175257714,0.19028798438359715,8775.0,41670.55215835091,935,11458744,9339417,952466,815552,3825559,3502778,1715364,2148930,3703706,857856,1261649,1340401,0,673900,0,0,0,0
70,000410,2017-12-15,0.0,-0.0031813361611876534,0.1933952065157104,16938.0,136853.3726624112,2379,59981649,67338516,2385253,2121160,10852284,10747768,9633111,9138100,11543480,12042034,9079984,6359594,7138060,4562303,1261508,3711094,8087969,18656463
71,000411,2017-12-15,0.018750000000000044,0.008653846153846123,0.7736476535910304,14640.0,47055.50788435847,722,9687078,10942037,574225,523666,4055766,4065434,1686621,1799439,1467872,2037266,1902594,1811640,0,704592,0,0,0,0
72,000413,2017-12-15,-0.0010373443983402453,-0.0010373443983402453,0.13425873566397423,26001.0,207184.53271493502,5161,211942825,190828830,3897864,3524003,28149781,22987696,27688511,26842129,32887446,33985831,24566127,20279376,17197372,15747088,18393734,13372541,59161990,54090166
73,000415,2017-12-15,0.0034482758620690834,-0.010344827586206806,0.0912657119381781,6325.0,74898.00610344266,4049,71420549,35480280,5664965,1715325,13474681,9899516,10454903,7462851,7603514,7675605,17469792,1904296,6795505,2041377,1714311,431860,8242878,4349450
74,000416,2017-12-15,-0.009210526315789447,-0.006578947368421018,0.2567197996647665,8305.0,36988.09315302479,876,12332908,6974554,902829,937202,4119732,2639709,3954913,1925919,2163789,880079,889165,289165,302480,302480,0,0,0,0
75,000417,2017-12-15,0.0060240963855420215,0.016867469879517927,0.13620302787452496,19550.0,140053.77711564195,3721,126691000,124553616,3501158,2376017,16081615,13357501,16793866,16571720,24617635,26086465,19394259,18317156,11940194,12129806,4418287,8780537,29943986,26934414
76,000418,2017-12-15,0.009331259720062324,0.0015552099533437946,1.1089303978446416,25732.0,121779.50207363162,3365,125008048,79600492,2573866,1493753,23311551,11828556,21562901,15447658,26318938,12404165,13390527,7337495,15400982,8326160,5650441,3441383,16798842,19321322
77,000419,2017-12-15,0.011725293132328396,0.015075376884422065,0.17084537923178147,12160.0,90400.68009444035,1221,22764243,27014976,1199929,1132868,3942002,5823562,3720132,5770006,4603502,7042154,1565563,3044023,954009,1285029,2685342,1709342,4093764,1207992
78,000420,2017-12-15,-0.006349206349206327,-0.006349206349206327,0.061920852763892274,6552.0,59542.96839450556,2601,35370648,31972230,2185098,2731386,8577888,9689387,6475624,5157034,7400816,5574240,2771341,3356747,3507534,793792,2237616,1376936,2214731,3292708
79,000421,2017-12-15,-0.004823151125401881,-0.008038585209003135,0.2079723064343728,6180.0,43458.702820058556,894,11894386,5919846,834991,898518,3838891,1949168,2043705,1172566,2112346,1335475,1145654,231260,1017603,332859,901196,0,0,0
80,000422,2017-12-15,-0.009661835748792313,-0.007246376811594013,0.13611695396624526,8260.0,61491.12644160097,925,16848654,10238881,846150,907528,4117834,3457389,2975874,1722893,2008196,1727458,4653174,1001389,1326786,0,920640,0,0,1422224
81,000423,2017-12-15,-0.0076184166942696585,-0.006955945677376674,0.9600822727396963,30050.0,260826.44435580596,3955,247483422,140248800,1811185,2147882,18161470,19290170,23846638,18301522,49515771,24388733,20312860,13856528,13138091,10612487,8612081,4877433,112085326,46774045
82,000425,2017-12-15,0.0024875621890549926,-0.00995024875621886,0.049780034499601104,43415.0,426512.29915148445,6575,512070573,449692615,3328701,2001796,35603750,25218917,46471090,29646810,89291228,45396196,49384405,41282849,44078833,30310409,25438356,25460142,218474210,250375496
83,000426,2017-12-15,-0.02860061287027571,-0.021450459652706755,0.1726711207955627,9680.0,134192.65625767052,3217,72316854,62617238,2714656,4125228,12133260,11496078,11050756,9600231,15004243,8333432,9048242,7321870,5743288,3048915,3200407,2702440,13422002,15989044
84,000428,2017-12-15,-0.004819277108433884,-0.009638554216867434,0.1908794968421397,7434.0,33002.186552802006,472,7028821,2902886,455769,448363,2604877,1231435,1927720,465209,1622257,757879,418198,0,0,0,0,0,0,0
85,000429,2017-12-15,0.002547770700636942,0.003821656050955413,0.20017909167492015,7835.0,56410.43555623541,1538,13376227,19309362,962496,2674833,3518927,5476672,3306453,5918522,2140254,1125918,943800,0,1173878,386878,0,812120,1330419,2914419
86,000430,2017-12-15,0.004705882352941115,0.0023529411764704466,0.3168091956523468,3411.0,30624.935749164095,719,5418081,4919752,785659,595486,2094730,1555288,1213885,1202193,1016831,1259809,0,0,306976,306976,0,0,0,0
87,000488,2017-12-15,-0.0332326283987916,-0.02114803625377648,0.2353553625651808,29952.0,227297.22135714386,4947,261422010,217663261,2592736,4265195,20570849,24367511,22759352,23118751,45314092,36853451,31082556,24906171,17591562,24012128,20736775,12953748,100774088,67186306
88,000498,2017-12-15,-0.017964071856287456,-0.017964071856287456,0.11420319876028409,4008.0,79828.32455769762,3428,42600704,21445933,5660940,2663552,10111601,5473956,7002550,5089355,4908015,3640323,5749549,1124318,0,0,860600,933980,8307449,2520449
89,000501,2017-12-15,-0.0071899340922708666,0.0035949670461352667,0.243485294351317,23666.5,148836.40968508326,4704,172108106,181546036,5046487,2185279,19165243,15888567,24841264,21787873,38080629,42939995,16853232,24786841,12825558,13767142,12011041,10731907,43284652,49458432
90,000502,2017-12-15,0.013930348258706315,0.008955223880596996,0.3520095526129817,10140.0,75081.33954141525,815,18465627,6889039,447516,660138,3201876,2654277,3745389,1411689,2167038,1093483,1886302,209914,1057131,355563,0,0,5960375,503975
91,000503,2017-12-15,-0.021001221001221038,-0.01831501831501836,0.5543352213210588,72018.0,524465.1390612619,5462,571947144,553310885,1918972,1945884,19111631,20872349,42187242,31514636,57254710,55113477,49912834,49874374,39648358,32005558,47622371,40012293,314291026,321972314
92,000504,2017-12-15,-0.019607843137254943,-0.03333333333333344,0.37356882520664775,31668.0,435577.10500693024,4684,202092948,395569322,1654629,3638216,16482374,27131433,19506956,29026623,25464212,39828852,21934301,28813398,11314421,19085760,6827621,17295646,98908434,230749394
93,000506,2017-12-15,-0.010638297872340274,0.0,0.25843216035886263,7540.0,166263.84467564736,846,24691723,13720387,613905,885378,3453632,2091258,3643605,1711604,4034319,1315501,2894338,1023776,2782223,643283,898800,0,6370901,6049587
94,000507,2017-12-15,0.012121212121211977,0.004040404040403844,0.16378754763974668,19780.0,134174.8601802334,3656,108136295,84523571,3425988,3394596,19419323,15438932,22518983,17098968,19075549,15539198,14656439,4636214,8766827,5141226,3984215,875936,16288971,22398501
95,000510,2017-12-15,-0.012690355329949221,-0.012690355329949221,0.264055217586406,7850.0,44445.51534974464,890,13529782,7643091,1010012,828157,5017338,2573036,2749996,1188500,3227616,957238,262860,1313160,1261960,783000,0,0,0,0
96,000513,2017-12-15,-0.019208549971114985,-0.020652801848642266,0.9685011484109015,47425.0,161710.49320469884,5115,244512578,235392359,2268547,2525855,22724143,27291011,36095963,31811578,48225089,50678848,29066720,32603926,22804336,25296492,14386427,11721678,68941353,53462971
97,000514,2017-12-15,-0.0015625000000001332,-0.0031250000000000444,0.21187800606586688,6996.0,40800.42263453149,912,7832322,9526956,733469,1237595,3035241,2799781,2461674,2272786,392611,1572267,0,435200,321920,321920,887407,887407,0,0
98,000516,2017-12-15,0.022172949002217335,0.026607538802660757,0.08998384871309362,14400.0,118980.9643226985,2517,50275406,79254133,1669473,2620466,9579784,11703398,7875834,11574133,10853290,15657511,7405993,10671746,2784356,4195711,1383155,6663553,8723521,16167615
99,000517,2017-12-15,-0.008310249307479145,-0.008310249307479145,0.1066841843363396,5381.5,37949.85335463497,1146,13132712,8019409,906629,866327,5694507,2536974,3616630,2790206,1290856,777970,443038,227880,678880,317880,0,0,502172,502172
100,000518,2017-12-15,-0.009873060648801224,-0.012693935119887145,0.19198927039288652,7090.0,49986.45828174731,1364,18940342,11232697,1449517,1457992,5750780,4621997,4462362,1374419,1569577,1378511,2091396,1738738,1399894,661040,803600,0,1413216,0
101,000519,2017-12-15,0.04845360824742273,0.0020618556701033075,0.129321798320644,35205.5,156827.14557016492,5648,230789248,227091594,2865533,2998087,26847046,27059555,37598683,36778306,51418294,49337003,31265604,24836085,19342857,15181714,11986608,13369506,49464623,57531338
102,000520,2017-12-15,0.004901960784313708,0.007352941176470562,0.08880321483619383,7733.0,67185.25802323842,2115,28892166,27953872,1581745,2408783,7342444,8426263,4383153,5936890,4427948,4318285,3422594,1316249,2005528,1308664,1866052,886852,3862702,3351886
103,000521,2017-12-15,0.00390625,0.001953125,0.16940549147896705,10220.0,55454.385664379915,913,12468065,15231307,695142,465152,3067638,3366359,2586743,3628123,3267519,3584838,2007107,2531251,0,631584,843916,0,0,1024000
104,000523,2017-12-15,0.0,0.0,0.32004918209155914,7497.0,44718.04804543659,675,9023014,6040067,349847,746904,3226089,1931796,2469636,1868865,821407,752193,910880,417000,323309,323309,921846,0,0,0
105,000524,2017-12-15,0.006896551724137945,0.004310344827586299,0.3596483005053435,5845.0,39723.74187512866,1041,10795327,6984452,1076040,878678,3421980,2908699,1801078,1601098,1335705,421453,2109324,1174524,0,0,0,0,1051200,0
106,000525,2017-12-15,-0.04067971163748729,-0.021627188465499603,0.368518824617623,9515.0,95272.50206427468,2782,64267455,48937591,1609103,3662995,7831482,9985029,5970878,7737424,21733665,10239423,10798821,4106704,7275010,4448720,1401000,2204200,7647496,6553096
107,000528,2017-12-15,-0.004950495049505066,-0.00990099009900991,0.1297921664938005,9552.0,104006.45476316349,3880,91666030,55488232,4525472,2027886,16379835,10410771,17509365,9554697,15398325,12847046,13463208,7526387,5272475,3959831,2146836,3068662,16970514,6092952
108,000529,2017-12-15,-0.0028208744710859213,-0.004231311706629048,0.2492103440561667,2816.0,39330.97985016834,809,9895697,5984943,459496,607304,1836929,2108417,3224876,1752268,3134289,1261039,479787,255915,760320,0,0,0,0,0
109,000530,2017-12-15,0.010948905109488871,0.007299270072992581,0.13544391312752066,12535.0,68142.68160171318,1638,28136460,23438285,1413842,919907,9869986,5144438,4807038,3309047,6386465,2898678,3595017,4686949,0,0,970788,951026,1093324,5528240
110,000531,2017-12-15,-0.012210012210012167,-0.007326007326007189,0.3798418732491906,8160.0,48516.11543960026,464,6884651,3540455,636082,376809,2483535,1279380,1199640,500848,1559362,795530,418144,0,0,0,0,0,587888,587888
111,000532,2017-12-15,0.015625,0.013761467889908285,0.012607806845836901,9981.0,39318.529085403185,387,5830423,3482986,430733,403251,1846053,1542756,1706581,537280,1327047,396931,218079,208968,301930,393800,0,0,0,0
112,000533,2017-12-15,-0.02327746741154557,-0.027932960893854775,0.2990451326249499,10550.0,142654.23766955332,1290,42097650,16246028,932209,1259063,5000647,4846693,4779692,3119110,4331616,2436350,4159145,2759009,1576680,0,2683242,918648,18634419,907155
113,000534,2017-12-15,-0.023470839260312903,-0.023470839260312903,0.8434567605463468,12366.0,39636.617161137096,277,3475657,3320857,152968,275146,1003330,1031248,1300601,548476,579600,1231047,439158,234940,0,0,0,0,0,0
114,000536,2017-12-15,-0.014799154334038112,-0.016913319238900604,0.08639696444109173,15411.0,58262.139911037455,3003,62231230,17690930,2279276,967603,28993742,4697793,11064604,3625131,8043379,2852402,2631274,1786274,2974777,349011,936000,903430,5308178,2509286
115,000537,2017-12-15,-0.04187366926898506,-0.03406671398154726,0.27211171909136345,24498.0,232194.2352239258,2688,131445528,93216171,1213689,2416747,11526370,10733251,14772660,11308521,23116414,15495301,17268212,7293620,9107814,5019626,7413796,4072897,47026573,36876208
116,000538,2017-12-15,-0.009045226130653283,-0.010653266331658306,1.8811953257593308,29553.0,218443.708652803,2799,92722828,109919985,4198908,3063758,13492706,12342707,10220238,15920870,13796020,25677118,11895196,15645072,6335055,8335947,3257590,3940888,29527115,24993625
117,000539,2017-12-15,-0.002083333333333326,-0.004166666666666541,0.15613256407622905,958.0,20277.9347135912,945,3972809,3789129,521763,829726,2040110,1685137,710069,615577,469510,427332,231357,231357,0,0,0,0,0,0
118,000541,2017-12-15,-0.017278617710583144,-0.018358531317494542,0.1733265006791749,15623.0,197193.48186602112,2856,86355750,57857712,2412437,2959667,11904950,13987538,12524875,11576934,12135731,10458317,6578195,5696867,5730353,2028988,2256042,425042,32813167,10724359
119,000543,2017-12-15,-0.005964214711729698,-0.005964214711729698,0.16999841535876092,7500.0,94977.23549236455,875,18718266,10080908,1589842,698871,2976916,2161609,1722926,1454317,2908534,2826938,2434795,416730,1336998,0,1482678,484678,4265577,2037765
120,000544,2017-12-15,0.0019788918205805306,0.0,0.6312152042420699,13666.5,39279.63598647183,576,12194831,3094533,581040,410393,2715859,1710054,5065002,596678,3226530,377408,0,0,606400,0,0,0,0,0
121,000545,2017-12-15,0.009920634920634885,0.007936507936507908,0.09683817073341879,12288.0,90061.43457168271,2714,47619217,71257964,1480298,2556121,9372782,11036197,7656191,10982716,12357446,18133846,6378230,10622868,2986626,2975316,1699930,3525378,5687714,11425522
122,000546,2017-12-15,0.01614906832298124,0.016770186335403725,0.2769523801467716,8180.0,60017.59116459466,3382,21976353,54255995,1574186,8671645,6851173,15227256,4308486,7526374,4447305,10833866,2740868,4562066,384695,2680789,890500,427779,779140,4326220
123,000548,2017-12-15,0.001607717041800738,-0.001607717041800627,0.20835203466720523,9330.0,82452.15240859309,891,11234515,11858517,844274,726826,3853956,3214860,1524057,1933231,915307,2067237,0,0,1310921,1308921,434000,0,2352000,2607442
124,000551,2017-12-15,-0.002490660024906499,-0.001245330012453305,0.372021726036681,10387.0,46079.28824053527,465,8239747,5694119,473197,527011,1844212,1122030,2637114,1451912,2261192,2121756,1024032,471410,0,0,0,0,0,0
125,000552,2017-12-15,-0.011594202898550732,-0.011594202898550732,0.07354334189688898,2408.0,63270.14253418212,2207,23813652,11537998,2518558,1253400,5423308,3745268,2851343,2178383,3793594,1384462,3449838,692186,1020277,321229,0,0,4756734,1963070
126,000553,2017-12-15,-0.010369410239792654,-0.005184705119896327,0.2872159855001862,16929.0,75314.3611340187,2889,69039900,57195917,2645817,1703619,16431094,12519501,13989463,11992558,13665672,12572539,12137457,10930404,5684872,4828955,2346325,499525,2139200,2148816
127,000554,2017-12-15,-0.004975124378109319,-0.008706467661691475,0.19517646656112358,12059.0,67757.44881784674,1697,30739965,28280988,1481220,1927748,7530232,7836101,6449793,5630887,7783984,5760145,4422211,1668450,2027378,1416178,0,818100,1045147,3223379
128,000555,2017-12-15,-0.12571428571428567,-0.12,0.2316353403048638,38686.0,332552.6181085372,5727,228733690,343617540,2262776,2650945,24593601,30602915,29209239,39526305,48850039,67259370,30217733,38442597,22501093,25378944,11366635,20555499,59732574,119200965
129,000558,2017-12-15,-0.0019646365422396617,0.0,0.13365106924645553,7605.0,57373.779366033836,1451,19742408,13213465,2099981,1260420,5019424,3488703,3908901,3925442,2943465,1154989,1561755,613345,0,746640,2028546,415598,2180336,1608328
130,000559,2017-12-15,-0.03144016227180513,-0.02941176470588225,0.16508842038497526,19560.0,129858.89727336103,3570,121947603,61435844,2703533,3705211,20114682,13089438,29270131,11975861,29869272,13206640,11440927,2952161,4125399,1329937,3991170,1747214,20432489,13429382
131,000560,2017-12-15,0.01403887688984895,0.009719222462202914,0.19396435673242793,14054.0,65917.14482436849,2281,35822377,37504032,2035625,2224448,11016614,11115623,8553742,9085079,7859156,9030852,3049743,2486163,1317393,1285541,0,1750906,1990104,525420
132,000561,2017-12-15,-0.030818278427205192,-0.026567481402762994,0.18171125065244526,9250.0,84503.76968939386,2684,43945776,29713657,3143455,2392395,13985903,8534227,7735674,5561771,9098114,4508928,2027772,1302702,3443063,1038839,919998,2782998,3591797,3591797
133,000563,2017-12-15,-0.0044642857142858094,-0.006696428571428603,0.08897514414516311,4906.0,78881.43407613259,2540,37359225,18030648,3140075,2103332,9040388,6966269,6004036,3851507,2861512,1725518,4291140,463986,729800,305472,1772880,488400,9519394,2126164
134,000565,2017-12-15,0.03724137931034477,0.035862068965517135,0.16277351473364635,13893.5,81553.52009417939,1986,36628971,37535662,1742704,1616804,9351440,8611010,6696917,7226754,6462252,10117183,4822418,4000055,1121210,335664,1700330,1232062,4731700,4396130
135,000567,2017-12-15,0.008512544802867339,0.008512544802867339,0.6595659331927682,13374.0,56988.2726464577,1145,17186030,17299737,1079607,1082698,5175619,4763794,4482977,3143851,4476254,3258555,720821,1674299,733212,0,0,1796800,517540,1579740
136,000568,2017-12-15,-0.010353227771011109,-0.012180267965895442,0.8593360299853151,58914.0,250500.7564646726,5848,393410741,413962868,2362047,1318920,20490036,28029823,31023725,40922623,64694310,59165473,43995404,47783847,31697897,44877368,33831271,21488191,165316051,170376623
137,000570,2017-12-15,0.003603603603603789,0.0,0.24158415835111668,7175.0,27236.63537491492,527,4257929,4429431,660467,412628,1559750,1729481,1901312,830296,136400,1457026,0,0,0,0,0,0,0,0
138,000571,2017-12-15,0.007421150278293043,0.005565862708719838,0.15797462317129554,10072.5,36103.264531094865,1164,12447462,12930288,894471,1240252,4579909,5769207,2258888,3314645,2777540,1496018,1582728,492136,353926,618030,0,0,0,0
139,000572,2017-12-15,-0.002136752136752129,0.0,0.08896161449138171,8816.0,52043.15189918307,2774,46386015,25987285,3123984,2012164,14447423,7555220,8118226,6134398,9136554,5409691,6713347,2699369,1353936,642630,1370840,450684,2121705,1083129
140,000573,2017-12-15,-0.006012024048096198,-0.004008016032064243,0.18990425350382434,10890.0,43650.2446404203,690,9868478,5690041,706428,577412,3827836,2798604,1421955,1093848,1588296,569080,988000,0,1335963,651097,0,0,0,0
141,000576,2017-12-15,0.0035756853396899935,0.0,0.776519659147275,11763.5,58072.50976282768,466,4426031,12682175,482132,273896,1943384,1457901,962317,2453936,1038198,4192163,0,3061819,0,1242460,0,0,0,0
142,000581,2017-12-15,-0.01633165829145733,-0.012144053601339966,0.4122670834958396,21514.5,247852.97092654655,3356,138910778,109607059,2389025,2201207,17530895,14842486,13371373,12124161,22382311,20380315,16505919,13145877,14093174,11053057,8839553,6546398,43798528,29313558
143,000582,2017-12-15,-0.005112474437627745,-0.007157464212678821,0.24956070404124078,9690.0,63089.48514959585,1536,25684994,14122488,1877086,1758972,7499017,4514247,4909760,2119084,3097933,1555629,1252343,1124623,2790936,752576,2394153,424995,1863766,1872362
144,000584,2017-12-15,-0.0020380434782609758,-0.0020380434782609758,0.4309400014729105,14700.0,100958.2176225047,1166,25562541,22418842,704129,1081419,5769341,7277859,4842788,2393060,2731561,2723258,2930906,2640106,1679005,1032205,901352,1323300,6003459,3947635
145,000586,2017-12-15,0.00662617338487026,0.002208724461623346,1.1980127266876728,1842.0,11726.065084280574,228,950248,660960,369703,154793,580545,327513,0,178654,0,0,0,0,0,0,0,0,0,0
146,000587,2017-12-15,0.002971768202080227,0.0014858841010401136,0.13894629163875866,26760.0,89650.76425922017,2350,52006527,68374482,1337411,1739861,9198809,19486321,10045217,9432005,7470057,10499285,11700905,7959298,6224349,9678681,3162409,3858497,2867370,5720534
147,000589,2017-12-15,0.0,-0.0021551724137930384,0.17655574325631715,2320.0,28714.759946854952,690,6041702,2803850,1054782,258977,2332070,1120016,807154,488808,989294,517521,858402,418528,0,0,0,0,0,0
148,000590,2017-12-15,-0.016499282639885093,-0.010043041606886516,0.5845253857634112,13790.0,76000.88360779527,568,6996719,12697924,376330,662981,1731140,3303202,1811548,2466700,1306719,2254111,682108,778720,1088874,345250,0,0,0,2886960
149,000591,2017-12-15,0.0017543859649122862,0.0017543859649122862,0.10456421074668651,11300.0,86079.44358719152,2977,53808621,60836629,2479107,2665082,10764951,11710417,8636600,11237438,12246286,10219054,7408779,7001204,4641166,3900926,927675,2789342,6704057,11313166
150,000593,2017-12-15,-0.016233766233766267,-0.0043290043290044045,0.22959593208211285,9230.0,79384.25756111511,1620,31561731,17604993,2145846,1283671,8405919,4973895,4806906,3519219,6940015,3348980,2208165,1243851,1044005,679420,1694636,1354378,4316239,1201579
151,000595,2017-12-15,-0.0037735849056602655,-0.011320754716981019,0.11478787997989079,9486.0,44246.85183661143,2134,28541897,23830954,2209932,1631118,8898030,7691258,7463656,5971311,6768247,6317709,649773,1155393,615534,0,1341600,469040,595125,595125
152,000596,2017-12-15,-0.004881025015253337,-0.005491153142159866,0.9899606134091765,26152.0,123627.46972818032,4392,146353716,116468723,3684570,3185638,28801423,15450668,23788885,17044509,27062413,18426240,23126537,11747248,11575187,8222893,8876736,9516899,19437965,32874628
153,000597,2017-12-15,-0.03657587548638119,-0.024124513618677068,0.22751310858193002,24358.0,156449.46273612065,3193,109221228,87168782,1961470,2032207,17929928,15763276,17490795,13591266,19272887,11118423,11527485,11201000,5749256,7350566,5847364,2718802,29442043,23393242
154,000598,2017-12-15,-0.0037453183520598232,-0.0037453183520598232,0.10770801819439547,3716.0,73657.80755020466,2462,35064225,17021678,2422568,2398745,7610759,3979221,4551002,2133522,6597433,1596342,2993668,486524,314490,666543,2763734,899300,7810571,4861481
155,000599,2017-12-15,0.018211920529801473,0.01655629139072845,0.13856020848162895,12300.0,51433.34249216989,1901,24140735,33111960,1771411,1566392,7729264,9158180,5507421,9188981,3511022,9439618,1630843,960611,1949920,1842876,405900,405900,1634954,549402
156,000600,2017-12-15,0.030379746835442978,0.037974683544303556,0.13073371502308004,24030.0,165272.12376231447,3656,84831285,162325737,2692344,2257303,15470529,26536115,13538767,16190541,13775214,26974681,8640834,16679494,4638387,15668302,7935614,9459543,18139596,48559758
157,000601,2017-12-15,-0.00966850828729282,-0.004143646408839796,0.2735194874227429,16698.0,70548.36366075375,700,17556989,12992351,532181,458554,2716775,2840542,3488161,4494338,3685020,3987245,1536477,846557,3580775,365115,864000,0,1153600,0
158,000603,2017-12-15,-0.0076660988074956915,-0.0076660988074956915,0.34245744135568484,17460.0,56032.65230288604,1175,23987376,10554164,907642,452913,12835340,3214334,3577746,2037964,1788626,986105,1085008,2050314,697583,697583,1382703,455503,1712728,659448
159,000605,2017-12-15,0.03804347826086962,0.03804347826086962,0.3594754557148216,18715.0,94882.44669971535,2622,46315307,77552723,2409109,2084892,10229663,13707710,9282753,13540387,11265526,15933262,6054035,8512321,2135431,6451689,1339118,4799050,3599672,12523412
160,000606,2017-12-15,-0.014192139737991383,-0.01091703056768556,0.33190395122026645,5466.0,31148.185960632927,761,7583137,6067715,494888,922685,2699860,3510793,2178692,826114,1488097,808123,0,0,721600,0,0,0,0,0
161,000607,2017-12-15,-0.0031796502384738856,-0.0015898251192368873,0.2359459622955786,10048.0,32083.843939109098,710,6534798,4958562,601868,477598,3363603,3759450,1477068,721514,377884,0,0,0,0,0,0,0,714375,0
162,000608,2017-12-15,-0.03215926493108723,-0.009188361408882129,0.17318937131603823,4543.0,42587.445113985494,1422,16864669,10474703,1539202,1533207,4834738,2163161,2913450,1617526,4925349,3936663,1480028,1224146,646704,0,0,0,525198,0
163,000609,2017-12-15,0.035916824196597474,0.03780718336483946,0.23498019118656976,14300.0,63815.821150052296,2033,37776411,32266630,1718308,1419966,10253506,8391364,7237961,6428707,9147083,7748855,3925805,4190354,1380830,1380328,876000,958530,3236918,1748526
164,000610,2017-12-15,-0.0007930214115781098,0.003172085646312439,0.5953373648156408,7542.0,61420.13133363762,448,8314451,4648637,179845,436418,1115862,1521811,1796221,790780,1833219,681665,2398944,461963,0,756000,990360,0,0,0
165,000611,2017-12-15,0.014211886304909438,0.011627906976744207,0.2791744496033988,10140.0,46611.645662437426,768,9400191,8390541,743373,540628,3993362,3193461,1892588,1697774,632879,1930013,794880,462556,777000,0,0,0,566109,566109
166,000612,2017-12-15,-0.014054054054054133,-0.014054054054054133,0.18580234240625426,3688.0,44185.84833045964,2484,20988788,15772746,2421080,2606047,6511607,7057088,3787079,2153693,2683573,1770547,0,0,2852666,1281688,1829100,0,903683,903683
167,000613,2017-12-15,-0.008426966292134908,-0.0196629213483146,0.18088753848599445,11312.0,112295.80973870833,1551,27334628,33357493,1317556,1618508,6406209,5655140,7213884,4174284,4896399,5090468,4045066,3634739,1928262,3528158,498400,2271318,1028852,7384878
168,000615,2017-12-15,0.054054054054053946,0.05305305305305308,0.14019510602160568,35665.0,237946.21339199663,5086,196688632,315382333,1837813,2040231,22033745,25948448,27081819,31081699,33661391,49893892,26491634,40920522,16849419,34641954,16543682,23097773,52189129,107757814
169,000616,2017-12-15,-0.005730659025787954,-0.008595988538682042,0.0906353864508959,8328.0,71518.49116466912,1485,27356550,17281026,1665189,1236516,6052235,4418347,4190666,2677650,4600536,4127084,3955840,1430731,376222,990462,2150618,452118,4365244,1948118
170,000617,2017-12-15,-0.015173410404624166,-0.014450867052023031,0.3606036025757801,6815.0,42323.9364399313,1473,16661715,10633881,1548426,1427678,7248388,4035042,3072107,1745435,2564776,1738108,407324,407324,0,0,460694,1280294,1360000,0
171,000619,2017-12-15,-0.0060606060606061,-0.00969696969696976,0.37162692057720087,6129.5,32844.69793521277,492,4530252,4026271,478398,559097,1863241,1392011,939173,1191483,495024,617664,754416,266016,0,0,0,0,0,0
172,000620,2017-12-15,0.015625,0.012152777777777901,0.1732290099741808,10476.0,43407.53739919707,1106,15503115,12045529,1137085,913429,4907188,3972947,2351400,2812223,4666834,3067316,2025258,864264,0,0,415350,415350,0,0
173,000622,2017-12-15,0.005859375,-0.02148437500000011,0.22556923437946713,10060.0,56366.44880822948,515,6883470,8943651,473062,307585,2245150,1818280,1691799,1710362,1366241,1795650,0,2379908,1107218,931866,0,0,0,0
174,000623,2017-12-15,-0.010478359908883794,-0.010022779043280083,0.3507877169546702,23886.5,249036.8498557621,3916,187373814,147134769,1931273,2794980,17995732,19526908,18267211,18087754,27882150,28956299,15727550,18363312,12861090,8635383,9366360,6198395,83342448,44571738
175,000625,2017-12-15,-0.003810975609755962,-0.0030487804878047697,0.18202685041537042,18354.0,117763.51856093474,5199,139890640,88980878,1477866,2787476,37219770,31013290,25897750,20318749,19968116,12871016,8028882,3762167,5494027,1729829,3413543,2169293,38390686,14329058
176,000626,2017-12-15,-0.024853801169590684,-0.020467836257309857,0.34341171223096933,13430.0,72559.26255983215,1587,30702996,21806331,1466112,1568788,7573308,5723054,5415736,3670893,5305107,3642718,3318062,3181959,769340,1489220,3930989,1222957,2924342,1306742
177,000627,2017-12-15,-0.014476614699331924,-0.015590200445434355,0.14342302162474788,17780.0,110707.99607441128,3925,114505221,71626284,3432259,3558457,31690153,15269926,17441920,13007829,15770529,10951388,10882172,7496316,3413816,2275200,6225858,2198448,25648514,16868720
178,000628,2017-12-15,0.004629629629629539,0.0057870370370369795,0.25041073626813676,9570.0,51442.33261400276,1191,12816939,16378539,1348907,1094791,4981168,4628207,2496132,3032892,2520949,3363441,659705,1320562,384006,384006,426072,1343640,0,1211000
179,000630,2017-12-15,-0.0036900369003689537,-0.0036900369003689537,0.04463130333176078,6233.0,158675.45394350195,3723,92561611,32519349,4328919,3119634,13659355,8891912,8843661,4804447,7755418,5548294,9772564,4838350,2584299,1530030,1858761,1249824,43758634,2536858
180,000631,2017-12-15,-0.004926108374384119,-0.0024630541871920597,0.09580988689736107,4030.0,30093.173314378848,1799,13660226,11044284,1600793,2201834,4500445,4231428,2719263,2552497,2942296,1245673,1489189,404612,0,0,408240,408240,0,0
181,000633,2017-12-15,0.006952491309385689,0.002317497103128563,0.2697751855876331,11141.0,52290.41195006006,1023,16553086,13790598,979942,1147553,4084979,5395775,4051720,3011985,3312433,1650285,1907581,463849,1366431,2121151,850000,0,0,0
182,000635,2017-12-15,-0.010073875083948969,-0.008730691739422536,0.3722034381558021,10370.5,40046.14646874879,1600,24979038,11870341,1704731,1471365,9260041,6212706,5863611,2301153,3925341,1216963,2208046,202584,620762,0,1396506,465570,0,0
183,000636,2017-12-15,-0.08617886178861789,-0.06504065040650409,0.15163049045355206,87461.0,430055.70049454144,6596,791247898,634693685,1711395,1147091,24445437,23661835,41992345,43607057,96210887,81470977,81129780,60795475,60923454,51840972,48205826,47786915,436628774,324383363
184,000637,2017-12-15,-0.006932409012131546,-0.005199306759098632,0.2184638209175094,5740.0,32215.642906295463,697,6928833,5128805,807050,574411,1993546,2037312,2105092,1046823,1315228,1220742,707917,249517,0,0,0,0,0,0
185,000639,2017-12-15,-0.009562154001006573,-0.011071967790639237,0.6569694084272922,9880.0,71870.88744439131,914,12928916,12078414,743023,1241001,4066463,3664430,2312086,2583781,1616047,1123921,724799,251519,1719464,666404,0,800324,1747034,1747034
186,000650,2017-12-15,0.005725190839694472,0.003816793893129722,0.1264026286386926,3682.0,51550.34379123449,1720,17396055,16380421,831504,2351479,3748585,4560415,5901802,2635597,1673793,2443059,1525844,1959446,931619,1687393,947876,0,1835032,743032
187,000651,2017-12-15,-0.013726835964310236,-0.011210249370853353,0.5387900380374822,134106.0,704168.9556027079,6583,1106410576,970502289,1107261,1188180,19108039,17247371,42979403,42077382,92396083,89846225,75978058,88275506,93081505,66134968,87685316,69046941,694074911,596685716
188,000652,2017-12-15,0.0,0.00219780219780219,0.12087403824396302,9070.0,101383.16643994839,1418,29865452,23899619,1502056,1494932,6438844,5462786,2682494,3616061,2201751,2678290,2085174,3298093,991702,1017463,2582726,2272589,11380705,4059405
189,000655,2017-12-15,-0.017379679144385096,-0.018716577540107027,0.19976693325331252,7400.0,71845.28793152457,1402,21473943,12956162,1536733,1061465,6133379,5802871,4062435,1725117,3380765,897998,1418832,452652,649299,649299,498330,498330,3794170,1868430
190,000656,2017-12-15,0.0,-0.002192982456140302,0.1295121255858976,6839.0,85502.91205197398,1240,26879294,9123759,1690027,457893,6164474,2877415,3898363,1320615,3212333,2568859,1438894,461554,3016438,969456,1379965,467967,6078800,0
191,000657,2017-12-15,-0.016420361247947435,-0.015599343185550008,0.2781776342764783,4864.0,45111.570947703985,1919,23366276,12320895,2224596,1308156,6278811,5164751,4298989,3256094,3190444,951420,3093508,919226,1744440,317040,1364208,404208,1171280,0
192,000659,2017-12-15,0.0024154589371983004,0.007246376811594235,0.1223287934915355,8320.0,83454.31124708726,1146,18658534,22168757,760159,940147,3776557,4289029,3220097,2980645,3603626,3577796,3640744,4129922,1376123,1486984,0,1776498,2281228,2987736
193,000661,2017-12-15,-0.014192558496356034,-0.018850347964271985,3.294165358621544,53848.5,308758.58027880866,3072,192515765,226541417,17942,0,9963217,19163537,15409769,19694467,30782954,39200697,19001861,34345968,19010925,21703214,13025628,11625705,85303469,80807829
194,000662,2017-12-15,-0.01786853860880655,-0.01659221442246328,0.5296993302250026,9234.0,57697.495965349946,875,10805805,12687723,960329,770417,3853883,2482941,1655832,1272593,2307705,3989346,1120184,1813548,387544,939360,0,899190,520328,520328
195,000663,2017-12-15,-0.003919372900335949,-0.0027995520716685984,0.5563959463789709,10758.0,63313.15903450867,1030,19037649,8997579,1443285,857870,5641059,3535104,3190066,2119879,4050538,1693209,2458265,484401,307116,307116,0,0,1947320,0
196,000665,2017-12-15,-0.0009960159362549792,-0.0009960159362549792,0.3604454097400957,7021.0,47163.32211279584,775,10768814,6696068,558418,744877,3056869,2619080,2221524,1040056,1522121,716655,1138276,623936,2271606,951464,0,0,0,0
197,000666,2017-12-15,-0.008292682926829387,-0.00487804878048792,0.46754155498614125,6141.0,74751.92971961634,1923,41697946,20831026,1361051,2346549,12688878,3285971,6167287,2897199,11337012,4121464,2870361,1761184,1416704,3167164,1377413,1310355,4479240,1941140
198,000667,2017-12-15,-0.00328947368421062,-0.00328947368421062,0.08353160695762148,5151.0,50773.28047973476,1327,15842719,8177112,2057487,1184442,4980005,1751397,2624383,1164881,1538932,1653152,1690074,763648,1618638,0,0,443592,1333200,1216000
199,000668,2017-12-15,0.01015572105619511,0.00677048070413,0.6339991025751917,14850.0,55393.422286399014,542,9612491,6138802,297888,488890,2837568,2695398,2241539,2161462,852716,473132,447000,0,1064920,319920,1870860,0,0,0
200,000669,2017-12-15,0.001435750179468842,0.007896625987078298,0.28520943031814155,23740.5,76276.7345820597,2386,44254950,51454502,1906942,1510325,11094736,21309944,10346181,9568414,6643249,8349523,5325656,3309244,2350784,1389948,1261038,838800,5326364,5178304
201,000670,2017-12-15,-0.022666666666666613,-0.02533333333333343,0.0921621060540578,60320.0,208839.61566154912,6645,395802075,434391662,2038539,2087405,27104401,29750291,47594448,44157473,82008017,90321623,59474988,72717828,39851171,36329555,25304971,29875976,112425540,129151511
202,000671,2017-12-15,-0.01711840228245365,-0.012838801711840153,0.11250922826642604,20242.0,299222.80500936776,3890,196149568,171765209,2713932,2773934,16850551,16304134,17970083,16614980,20729632,15178006,19409105,11810072,9413443,8822625,6601751,8361297,102461071,91900161
203,000672,2017-12-15,-0.055963302752293664,-0.022018348623853212,0.14618868223731085,46904.0,260709.4851072283,5570,375252676,289467157,2067495,2108567,24648087,25807014,33923802,34655115,59102898,53600902,43460151,37668454,35060832,20869429,32231408,18772245,144758003,95985431
204,000676,2017-12-15,-0.009674582233948903,-0.004397537379067673,0.28993685968475597,8001.0,49572.47937755237,1538,18308413,15526316,1236563,1668603,6505310,5404715,3072464,3477557,3773394,2643675,953338,501338,1641344,320340,0,0,1126000,1510088
205,000677,2017-12-15,0.028169014084507005,0.025821596244131495,0.10096836089784052,5694.0,47561.4035415152,1783,15317667,24493577,1415837,2079643,4519459,7484381,3128493,4900806,2580616,2889832,2290554,3603017,971560,3124750,411148,411148,0,0
206,000679,2017-12-15,0.027434842249657088,0.026063100137174278,0.186053415871446,13266.0,100065.32556711827,1537,23604018,33210259,1382720,1427886,6568830,6880264,5106239,5378302,4706949,6611557,2518673,2502350,1244159,2593556,0,1746218,2076448,6070126
207,000680,2017-12-15,-0.00412371134020606,-0.00412371134020606,0.10407021075860502,9660.0,58506.46976862798,2175,38661143,21181922,3447527,1922473,12533375,5611841,6736172,4024788,6235486,4237046,4059301,1389104,1377218,1011508,2660776,1848180,1611288,1136982
208,000681,2017-12-15,-0.03476190476190477,-0.026666666666666616,0.3511036765404722,12288.0,74030.54052264543,3583,60590470,64995765,1469560,5653631,12506869,21425689,14239422,11352177,10154534,8580944,9422438,5219265,2764875,2040771,1692494,1224936,8340278,9498352
209,000682,2017-12-15,-0.006276150627615107,-0.008368200836820106,0.16306024394436897,5688.0,32804.82635103754,859,9922210,3966862,1290229,910843,3697087,1910281,1531204,464108,1664599,402867,1739091,278763,0,0,0,0,0,0
210,000683,2017-12-15,-0.013201320132013028,-0.009900990099009799,0.05896497655196026,9000.0,101107.71399800402,2654,57069150,31731419,3244562,2057534,13093571,7503604,5832995,5833976,7185498,4572565,8532198,2876132,3956770,1857714,902998,848400,14320558,6181494
211,000685,2017-12-15,-0.005825242718446644,-0.009708737864077777,0.2327235062426324,7202.0,179744.31357182056,1959,32728695,29829952,1120471,1637239,6319124,7023915,3833701,5087350,7832919,5158580,1285759,1121945,2272231,1469199,1300233,481833,8764257,7849891
212,000686,2017-12-15,0.007769145394006749,0.0033149171270716593,0.006376510937161967,7224.0,93905.92445371783,1515,26372007,23129083,1411004,1595412,4505380,4874873,3231583,3494716,3479491,3679131,1979845,2190765,1741486,1107549,3626863,886735,6396355,5299902
213,000687,2017-12-15,0.020776874435411097,0.013550135501354976,0.23349369578356727,15645.0,98424.03891839465,2248,41942044,50964681,1357702,1827745,10956345,10665792,7656414,8438799,7935310,13551483,5243200,3473247,1659235,5515908,1795675,855757,5338163,6635950
214,000690,2017-12-15,-0.0025316455696202667,-0.0012658227848102444,0.17129927834102107,13481.0,145589.76457697197,2128,50203994,60108023,1426457,1775517,6493896,9809005,8043698,6374142,10610625,7265070,6144329,6547330,1112274,4174780,3140954,4922990,13231761,19239189
215,000691,2017-12-15,0.02981029810298108,-0.01490514905149054,0.25344134603665985,8052.0,62757.98859259681,848,17983122,5683154,870785,555479,3939065,2365702,1784811,919181,3737948,1072208,4242220,447780,1047804,322804,1338489,0,1022000,0
216,000692,2017-12-15,0.0,-0.006085192697768638,0.17472245285575352,1948.0,30248.31690753699,796,7559388,2701311,812858,457889,2179944,960744,1970384,761356,2305202,521322,291000,0,0,0,0,0,0,0
217,000697,2017-12-15,0.0628322861285644,0.0594490091831803,0.34745288533308294,29827.0,129057.92987436718,3550,119473584,141697744,1512552,1278939,20392599,16972377,20521736,19302780,24064056,23921726,18896296,21450744,7898919,11870934,6591182,10040608,19596244,36859636
218,000698,2017-12-15,-0.006908462867012077,-0.003454231433506094,0.18801646425340326,2900.0,32297.725585148342,948,9900085,6373162,653558,1330112,3878308,2267005,2166772,1116316,2206009,1188205,995438,471524,0,0,0,0,0,0
219,000700,2017-12-15,0.0,-0.003490401396160636,0.19463962947545205,4600.0,53333.99876356111,866,10820801,6490628,859943,535932,3020267,2029883,2023125,1565039,1346472,843150,1004660,481624,622390,0,801944,0,1142000,1035000
220,000701,2017-12-15,0.0019361084220717029,0.0019361084220717029,0.1960582947140037,3106.5,30499.339120632165,2778,16894886,14222176,3600887,1852310,6250075,4454446,3013848,3070713,2228272,2331149,1801804,1233314,0,305466,0,974778,0,0
221,000702,2017-12-15,0.005555555555555536,0.005555555555555536,0.23591469614157706,8664.0,34987.74555444373,931,8292673,10741104,874500,913320,2922310,4429032,2346602,2727130,1702241,1423006,447020,525616,0,723000,0,0,0,0
222,000703,2017-12-15,-0.016393442622950838,-0.0010928961748634114,0.2625641557080994,36890.0,295105.5689896202,4866,353246675,317166785,2949844,2497294,18736801,18566046,28337166,23215043,43086645,42717951,28454183,24134914,31638029,22608530,23589887,26766720,176454120,156660287
223,000705,2017-12-15,0.0,-0.0011933174224345588,0.253543288256354,4615.5,39088.87330318804,1092,10363203,7897654,619481,1089655,5470321,2949168,2600345,1455298,627082,608349,733494,231296,312480,312480,0,0,0,1251408
224,000707,2017-12-15,0.005366726296959001,-0.0017889087656529634,0.24082079923263253,6974.5,50027.213112022604,538,6637743,5257865,276840,539020,1317221,2313832,1390201,860592,1086681,872503,1674000,0,0,671918,892800,0,0,0
225,000708,2017-12-15,-0.0044091710758378255,-0.002645502645502562,0.3222209067768355,11275.0,58560.63594605069,1238,20364148,12148984,899556,1057118,6268481,4311036,4386208,2586266,3407827,2586250,1171827,928054,1499982,0,0,0,2730267,680260
226,000709,2017-12-15,-0.010101010101010055,-0.007575757575757569,0.05614980371716133,13807.5,352032.96274478815,5004,242590294,155044253,3893749,4122518,20818339,22392034,19226748,15824017,29201463,16597410,10070061,12953683,11498545,3442933,8739518,10422065,139141871,69289593
227,000710,2017-12-15,-0.00965081593261985,-0.011054570977364508,1.2064280231509876,17145.0,80829.52457361149,2232,53338417,37257807,1347335,1465446,11652363,11021173,10206229,9642949,11645677,5799200,4786609,4281881,3935114,1342716,1351576,1366982,8413514,2337460
228,000711,2017-12-15,-0.0008064516129031585,-0.007211538461538436,0.01048067553097093,11151.0,48845.2954445423,579,7934283,6507690,602084,531626,3203562,2154131,1430710,682757,2478559,874111,219368,520398,0,1123491,0,0,0,621176
229,000712,2017-12-15,0.0005611672278338364,0.01290684624017957,0.29997397817333776,18090.0,125834.17831413628,3532,106252501,103671074,3239895,1945107,14954927,13805218,13706826,13984310,27887632,21509183,15860969,16260686,5620754,7679824,6145309,5343255,18836189,23143491
230,000713,2017-12-15,0.0,-0.0013513513513514486,0.33298613579460035,11010.0,56443.1441360128,493,6718639,6768645,345351,463331,1851517,2343829,1163159,1293519,1615989,853343,876885,213885,339570,1074570,0,0,526168,526168
231,000715,2017-12-15,0.015608740894901274,0.014568158168574374,0.2621033332383915,9840.0,92071.08186685885,1345,23512245,24840693,1255654,1475760,4890544,6106268,4452835,5651820,3152919,4052296,299804,1393304,1103151,1759791,1741448,1741448,6615890,2660006
232,000716,2017-12-15,0.005703422053231932,0.0,0.15129962304016037,5796.0,51539.5652670818,1209,12434106,11505511,1132746,1147348,3311780,4144114,2329498,1925209,1097735,1617191,2738926,676092,639496,332432,0,0,1183925,1663125
233,000717,2017-12-15,-0.050790067720090204,-0.03724604966139955,0.10955634506412434,69760.0,450897.3819565652,6560,642932803,631860360,1127643,1826431,21946127,37685529,38448792,49997039,70282837,87321712,60723956,73212319,42771352,41582307,39835498,40597195,367796598,299637828
234,000718,2017-12-15,-0.010869565217391242,-0.008695652173913104,0.08557842893453801,1365.0,60973.75541310537,2895,30825213,19675573,2830403,898092,8900812,4382318,4199545,5180742,5234452,3250513,2141645,1486712,2510849,1460025,1667958,838134,3339549,2179037
235,000719,2017-12-15,-0.00650054171180936,-0.0021668472372696757,0.2674157630057132,3684.0,20037.045573521213,1192,7631188,5487636,692905,991253,5284888,2982883,918644,896450,734751,263541,0,0,0,353509,0,0,0,0
236,000720,2017-12-15,-0.01856148491879328,-0.02088167053364265,0.1574522784211141,5525.0,61136.16127016964,749,10358084,7061801,767342,853115,2885850,1782463,1522080,892269,1870218,791364,1068154,493906,984440,304440,0,1944244,1260000,0
237,000721,2017-12-15,0.0016949152542371504,-0.0016949152542373724,0.21050411509976244,5890.0,28720.903147777626,785,5937925,6079447,699759,875145,2371893,2665534,1223921,1285655,934086,987023,708266,266090,0,0,0,0,0,0
238,000722,2017-12-15,0.013528748590755368,0.012401352874859217,0.26627898053653903,8980.0,45319.779314951,1109,12437752,13440941,1090520,1348238,4304816,4133155,3818018,2961770,1252356,2273156,1531124,1390704,0,0,440918,1333918,0,0
239,000723,2017-12-15,-0.016460905349794275,-0.020576131687242816,0.19759562462096333,19413.0,82053.84203636053,1362,32425956,30498955,921214,1065120,5475680,7786259,4131887,8346212,5737469,6750554,2991512,3220443,5212799,3330367,3364040,0,4591355,0
240,000725,2017-12-15,-0.04498269896193785,-0.03806228373702436,0.06953995207041344,549466.5,2955173.660343184,6936,4789390509,5627362369,0,11180,1280906,1518756,7615296,14893956,40309466,82798169,75309163,136543877,89332338,139498486,93652042,154879275,4481891298,5097218670
241,000726,2017-12-15,-0.0065420560747662115,-0.004672897196261627,0.2820003001967829,6408.0,126037.3836935544,1439,29891221,11192781,2494523,735699,5502065,3517629,3980834,2477936,5007189,1253337,3514825,278487,1767274,1585920,1419271,1343773,6205240,0
242,000727,2017-12-15,-0.0080971659919028,-0.0080971659919028,0.04914303285122138,3430.0,131475.30401354196,2550,44168139,30806402,2306173,2100207,7429341,6130808,4149538,3290953,4393552,4288525,3883720,959324,1442738,1367268,1837500,820164,18725577,11849153
243,000728,2017-12-15,-0.0035087719298246833,-0.0008771929824561431,0.16746876945918196,18304.0,121897.41546702929,4637,135086855,129067864,3410721,2385622,20255636,21820615,18880691,22017715,25208135,25728100,16295435,12676831,13387541,16478095,6073429,5826331,31575267,22134555
244,000729,2017-12-15,0.0016000000000000458,0.0031999999999998696,0.0993836115707356,12500.0,86072.5192079601,3966,71032089,98512558,2749039,5950824,13742111,18638652,15983907,13944073,12527592,21555076,7554572,14100814,5833832,9833927,2229995,3887753,10411041,10601439
245,000731,2017-12-15,-0.01287001287001277,-0.016731016731016735,0.18063856045914867,15300.0,150896.43522278007,1851,55412730,33852299,2054642,1392212,8812276,8316843,9133609,6732905,8736972,6000704,4430291,2513512,1714011,311249,1432122,0,19098807,8584874
246,000732,2017-12-15,0.0006071645415908211,-0.004250151791135415,0.45743655461022653,3284.0,126081.3855205399,1296,21692291,12530397,1206022,1329285,5004481,2369226,2972543,1759194,2396478,1527496,1557123,2298021,2676846,2746976,0,0,5878798,500199
247,000733,2017-12-15,-0.008750000000000036,-0.010624999999999996,0.25022739535021776,27239.0,129872.16681162966,4093,148976342,121097906,2563257,2569247,22716842,21169835,23238971,22573537,34507387,23719219,13196799,12895186,14742073,8323849,4792429,2697197,33218584,27149836
248,000735,2017-12-15,0.01681759379042691,0.014230271668822736,0.1315170783673,15520.0,137623.97420328693,3459,95807310,91783798,3245749,2561035,17787368,12264761,16759415,12127138,18247376,18945850,12068184,9666311,9999245,7229179,3670144,3577704,14029829,25411820
249,000736,2017-12-15,-0.0006514657980455363,0.002605863192182367,0.5239055064817603,12320.0,64918.204894930306,858,15335184,11047177,888927,765487,3498890,3544864,2464047,2839372,3044385,2633533,1630561,482389,2190092,781532,0,0,1618282,0
250,000737,2017-12-15,-0.01953125000000011,-0.01953125000000011,0.1607046382792405,10180.0,127241.93144532581,1016,26320398,16333756,688152,997330,3791991,4283128,3630219,3801170,2846774,2813628,1162100,509000,606784,373500,1000000,1429500,12594378,2126500
251,000738,2017-12-15,0.00361881785283491,-0.003618817852834688,0.3254319594301057,9840.0,71498.86887294239,2596,45998947,36066464,5158949,1796617,10113923,8922635,6331468,5577060,8986933,8097420,3289565,5121892,3797514,2395567,3026529,1732079,5294066,2423194
252,000739,2017-12-15,-0.012539184952978122,-0.00940438871473348,0.2208526843719765,18064.5,39230.345888590906,834,13383213,4166535,705112,452838,8094738,1581343,1590960,936642,757917,160402,1302086,1035310,0,0,932400,0,0,0
253,000750,2017-12-15,-0.003929273084479323,-0.0019646365422396617,0.08948208541829787,4056.0,58103.92709832466,3243,36912815,25898800,3843609,2067008,7619640,7087606,7003568,4780354,5949393,4867525,3638025,2510663,3114190,1086542,802074,1854014,4942316,1645088
254,000751,2017-12-15,-0.004065040650406471,-0.004065040650406471,0.1113785197014708,9780.0,80770.04505828803,1953,37189547,19390689,2300150,1950492,9579403,5980873,7145448,3086269,5904190,2051307,3307102,1674676,386019,1074819,1453706,468806,7113529,3103447
255,000752,2017-12-15,-0.0015564202334630295,-0.0015564202334630295,0.5940403853916574,10280.0,32956.41916200876,467,5301341,2792050,392509,390174,2134928,1546878,967122,752038,1015106,102960,407676,0,384000,0,0,0,0,0
256,000753,2017-12-15,0.015503875968992276,0.0051679586563306845,0.13414307973620934,5488.0,34877.97073801023,832,7825451,7669708,865851,688097,2724459,2804767,1763501,1242825,2252808,1829653,218832,1104366,0,0,0,0,0,0
257,000755,2017-12-15,-0.06000000000000005,-0.033333333333333326,0.12099504105595035,16004.5,203119.58967488684,3856,125888067,103614035,3244175,2813314,17349704,16854553,16199627,14203426,23398289,19790500,12775605,9431191,7974111,5148459,10153834,4557296,34792722,30815296
258,000756,2017-12-15,0.015905947441217094,0.016597510373443924,0.3143886242030344,10262.0,77103.97242190034,2116,30517213,33658465,2305366,1472528,10251393,6710067,5516843,7524271,6212713,6049299,2224297,1427747,1008413,1708445,1730908,1753808,1267280,7012300
259,000758,2017-12-15,-0.007898894154818259,-0.007898894154818259,0.126242936349396,6310.0,59545.03564951032,2517,34595399,21424093,2730006,2389314,9486894,6564133,5178651,3753670,8369534,5035552,3002412,1451074,3019666,302526,0,886200,2808236,1041624
260,000759,2017-12-15,0.05277777777777759,0.04166666666666652,0.14823502986974982,50804.0,798104.9052209539,5332,463018791,463222036,1974827,1820318,21932480,22967136,29366638,31948013,47147510,62146359,39170313,52952759,28327462,34867005,28333893,25978904,266765668,230541542
261,000760,2017-12-15,-0.008658008658008587,-0.014430014430014348,0.2668413102202378,8163.0,44734.89854173905,674,7697777,8680869,595921,637841,1896680,4144740,1492158,1318354,1556031,1009831,1231023,1250459,925964,319644,0,0,0,0
262,000761,2017-12-15,-0.019120458891013437,-0.015296367112810683,0.08208549227483614,5180.0,223113.51843996815,4073,94684579,72896032,2352905,5218337,10282578,11599495,11232215,8010334,10109124,8321526,12350350,6931041,10470296,6539226,2677067,939705,35210044,25336368
263,000762,2017-12-15,0.003232062055591456,0.0019392372333548735,0.25963167587356695,21770.0,126635.09741375498,3553,88797986,111705233,2614652,2499195,17191037,16557716,20331285,17619925,20406076,26956000,8941700,12553107,6426137,7553147,7086973,4040926,5800126,23925217
264,000767,2017-12-15,0.006756756756756799,0.0033783783783785104,0.09587866728441605,2980.0,86161.19415204246,954,6411702,11821152,825230,941980,1788087,2757241,692866,437620,1194028,1138126,502226,1350334,604098,1430352,0,0,805167,3765499
265,000768,2017-12-15,0.016514806378132185,0.016514806378132185,0.24880205815603448,32148.0,279136.25414392067,4985,215857767,296491576,2563891,2515924,28204520,23021146,24050788,25929193,39746853,44292309,22337636,29602548,21123525,23702749,9817446,20551576,68013108,126876131
266,000776,2017-12-15,-0.005882352941176561,0.0011764705882353343,0.2323641824617217,27280.0,254057.0718251096,5356,282338697,199198943,4090153,2082400,26270487,20064876,39563946,25137115,35929183,34027916,23885317,21905119,28239254,14963944,14639075,10793715,109721282,70223858
267,000777,2017-12-15,-0.00863213811420993,-0.0026560424966800555,0.44747535451452647,9018.0,40519.6918584915,1132,17517452,7574590,1571710,1081295,5964541,3320158,3030180,1561608,3657331,1611529,1689160,0,704530,0,900000,0,0,0
268,000778,2017-12-15,0.009310986964618184,0.007448789571694592,0.09892643308916704,10740.0,133930.09050158763,2951,73052662,74046488,2933735,1708078,13050668,8764921,10717126,9055253,11313992,11857028,5627333,9594153,6180188,6731671,7520563,3611589,15709057,22723795
269,000779,2017-12-15,0.0,0.0006954102920722072,0.50446367791753,8664.0,46552.650912335266,812,10507002,6446156,952065,682465,3853020,2896527,2710917,1887341,782077,979823,430500,0,333423,0,0,0,1445000,0
270,000780,2017-12-15,-0.003976143141153132,-0.005964214711729698,0.16955620853050374,9018.0,65636.33080309004,880,14315753,13258651,799866,495356,3446466,2017566,3394879,1346768,2762911,5904181,617019,2667128,1899233,367233,460419,460419,934960,0
271,000782,2017-12-15,-0.009445100354191216,-0.005903187721369663,0.36796271576008377,10128.0,50097.672722595125,529,9691887,5693774,519429,468052,2244593,1464129,2825311,1925311,2872342,1110070,764876,260876,0,0,465336,465336,0,0
272,000783,2017-12-15,-0.00476758045292025,-0.0035756853396902155,0.1377093777804872,8380.0,133370.36157574775,3715,83630475,68666977,4492295,3501927,13233757,13304426,11148461,7991652,9635710,6352717,8160164,7738531,7058557,5371027,2635014,3537848,27266517,20868849
273,000785,2017-12-15,0.022417153996101336,0.016569200779727122,0.22644353190821523,20960.0,121832.06695677474,2055,62939144,56859712,1150984,1338572,8836788,9513251,8289701,9242100,14265568,13739459,6095024,6345744,4773746,5483947,3942415,3123503,15584918,8073136
274,000786,2017-12-15,-0.038567493112947604,-0.03397612488521584,0.2754876019792794,62523.0,254524.62830986266,6261,468962371,402909063,1475106,1997888,22890905,28110362,39264096,38846744,81078291,70768762,66051338,55482887,54728307,47526011,36769207,30875555,166705121,129300854
275,000788,2017-12-15,0.03273137697516937,-0.011286681715575564,0.3403188411100037,7056.0,51721.17659431631,677,8539417,7165974,817960,823496,2695307,1914834,1374875,824869,1174384,1003992,1224955,2216845,381938,381938,869998,0,0,0
276,000789,2017-12-15,-0.07989464442493421,-0.06935908691834947,0.15082984707881125,55949.5,312577.17500429926,5720,518177675,338858663,1606460,2785079,19111498,25165858,33668799,35699661,66959104,53453772,63805701,43407130,43087041,31162986,31442657,21086382,258496415,126097795
277,000790,2017-12-15,0.011904761904761862,0.011904761904761862,0.026023645452254072,12765.0,105852.41991018252,1259,30761556,22703632,979091,1206817,5072109,5387868,4531079,4904063,5676885,3849043,4623441,2393922,3480152,1006040,1749704,859492,4649095,3096387
278,000791,2017-12-15,0.011658031088082943,-0.002590673575129432,0.1798829577261014,10023.0,50424.35033429147,1842,25614315,24157944,2043406,2003534,10011621,6955668,5270608,4437521,4655136,4803377,2085544,3137194,621600,1398330,926400,0,0,1422320
279,000792,2017-12-15,0.016755521706016685,0.01904036557501909,0.1706471218635503,60214.0,413916.27988795034,5930,502924934,532393478,1852890,2070413,24779554,21459297,38919794,36603284,62491439,51585677,52878527,58817144,35674252,43118702,29685597,37930149,256642881,280808812
280,000793,2017-12-15,0.0,0.0036166365280287938,0.16418849579468292,39780.0,465440.9013552479,4549,367846161,313215749,2178223,2110227,20262717,16730716,27470251,18859832,49277610,36805710,44524101,26388298,19799087,21602510,19455432,13803046,184878740,176915410
281,000795,2017-12-15,-0.004975124378109541,-0.008291873963515717,0.12200803565599196,9045.0,71285.55351369285,2445,44113735,25066179,3018791,2495219,11591823,7801079,7098230,4625326,7205705,4528723,3340124,3059536,2936120,1550982,468621,468621,8454321,536693
282,000796,2017-12-15,-0.013432835820895495,-0.011194029850746245,0.25859093808720396,6685.0,51078.867425190954,2692,28469071,28556330,1843195,4272142,7007214,9181955,5039819,4902845,6306894,4256523,2540471,1718481,1731540,957128,2186762,2700970,1813176,566286
283,000797,2017-12-15,0.014173228346456845,0.008661417322834764,0.3067625215753436,15186.0,106506.6128697049,1714,44274635,33032060,1253604,1117755,9197693,6479162,7937071,6793782,7269784,8848564,3740700,2192020,2044580,1375048,2619552,1296250,10211651,4929479
284,000798,2017-12-15,0.0035502958579882726,0.0,0.3206199293958703,8430.0,34667.785787851695,694,5962342,6034232,679432,733346,2686746,3055828,985727,1173501,655609,655609,538880,0,0,0,415948,415948,0,0
285,000799,2017-12-15,-0.011313868613138656,-0.0094890510948904,0.40758984022731415,19117.0,76183.22807374789,4520,97723727,99239661,2204193,4420199,22544752,23843653,20133100,21539092,20730761,21941117,14071104,16663508,5054257,2744722,3177620,2769830,9807940,5317540
286,000800,2017-12-15,-0.0159924741298213,-0.01411100658513642,0.18916191204816152,17986.0,160321.41431034164,3160,101849161,79326698,1844109,2127380,15279288,13679854,16874412,11668074,16919811,13607812,14967142,8949896,5696716,6794775,8300315,6177017,21967368,16321890
287,000801,2017-12-15,-0.008130081300813163,-0.014634146341463539,0.16934015007659403,11552.0,72508.99910065679,1319,17968704,19286060,1396994,892238,4885993,6102979,3734933,4203397,3660030,4944650,1144094,872040,706660,928756,0,0,2440000,1342000
288,000802,2017-12-15,0.01773049645390068,0.012765957446808418,0.23853923937410726,19978.0,104536.29035530628,3497,100982465,92917313,2811369,2404511,18374126,15363369,17162601,15889075,20785140,18360263,14993532,15347371,7078399,6827940,7426983,5145925,12350315,13578859
289,000803,2017-12-15,-0.023586823912159383,-0.013013420089467265,0.7866843474009553,12080.0,79192.8936925561,977,16929360,13119253,1434882,707193,5206865,3789209,2869059,2515261,3978405,2714927,468985,263017,0,0,0,0,2971164,3129646
290,000807,2017-12-15,0.014035087719298067,0.012865497076023358,0.11062428889887337,54511.5,377576.0635858646,5986,439649101,556402611,2319950,3088808,22286090,24676636,32773141,38319522,67505107,58893177,51957807,45859098,44965911,42389276,30461700,41068988,187379395,302107106
291,000809,2017-12-15,-0.00520833333333337,-0.0078125,0.15328174185121446,11780.0,55721.226989643204,627,14234406,6433879,549454,363132,3816151,1564457,2945072,1589368,3932632,1503585,780886,780886,1392451,632451,817760,0,0,0
292,000810,2017-12-15,-0.0072551390568317276,-0.0072551390568317276,0.2526534521506876,9864.0,39077.76247015019,1071,12068984,12225841,1219002,950472,4363031,3418883,2842830,4008409,2501267,3146381,647408,206250,0,0,495446,495446,0,0
293,000811,2017-12-15,0.004975124378109541,0.0,0.007429500833763223,11333.0,95243.43732086726,384,9069173,5914169,277162,375562,1861766,1603284,664320,919374,1720244,638489,659176,0,356511,635858,1692316,811975,1837678,929627
294,000813,2017-12-15,-0.0032858707557503752,0.0010952902519167917,0.19520875501523385,13725.0,67902.68866904484,2189,50022431,32139429,2631203,1764573,10162431,8256427,13141363,7033284,7111903,6596400,7143711,4311416,2683610,1348802,5581442,1244269,1566768,1584258
295,000815,2017-12-15,-0.024286581663630735,-0.004857316332726014,0.46899093704615885,4926.0,63568.49812898579,1233,18515468,11650010,1656343,855536,3735729,2854900,2703356,1858245,2925058,2673749,1660283,763653,3074644,1682704,883396,400159,1876659,561064
296,000816,2017-12-15,0.005847953216374213,0.005847953216374213,0.06847166026428265,6860.0,84835.33135892724,2504,40492328,36397095,2339672,1964610,8746819,8424762,6510425,4006330,7019547,6080955,3708968,4201148,4467799,2370627,2655136,1814580,5043962,7534083
297,000818,2017-12-15,0.0,0.0,0.23430159805033407,21996.0,133580.79044056017,2720,73974916,75825888,1761519,1357476,13082657,16694383,9956878,14344100,12476999,19159440,8008721,8782757,4837064,3403312,2691496,1363408,21159582,10721012
298,000819,2017-12-15,0.01030110935023787,0.015847860538827252,0.4269588485894196,11376.0,60553.19981396049,873,12388814,14469015,865614,752222,3012174,3688231,2860645,2555795,2679198,3205866,1332845,1735647,0,1282704,428130,1248550,1210208,0
299,000821,2017-12-15,0.008668242710796026,0.013396375098502666,0.27501733363665054,13030.0,46072.1131141218,2130,24649791,35140423,1395958,1940598,9811057,12451487,5010518,8813910,4203169,7425587,1955936,2031872,1037457,2476969,0,0,1235696,0
300,000822,2017-12-15,-0.03800217155266028,-0.032573289902280256,0.13560916648345828,17740.0,190408.95088565932,4618,158538547,141287463,2436128,6215728,14063324,24394685,20819364,19829404,28112382,27513251,15164372,13463781,13849164,9091436,12222906,8482392,51870907,32296786
301,000823,2017-12-15,0.0067069081153587895,0.0,0.2770762292896784,29940.0,152343.3737853312,2899,129916656,79419444,1726404,1899633,11954706,12855536,21424608,12220995,25424454,19199608,15470587,10245132,8479829,7734026,14576828,5781628,30859240,9482886
302,000825,2017-12-15,-0.01632653061224487,-0.014285714285714346,0.07368554710444793,10258.5,155595.1492436504,4440,130713093,92635673,3225200,5017617,17916681,14061902,16926050,11683289,19934370,9931796,19041048,9951507,3815682,6129436,12220758,7342364,37633304,28517762
303,000826,2017-12-15,-0.008926000575870896,-0.008926000575870896,0.7179600441210797,20687.0,213453.59472237396,2340,96671782,81056373,1342645,1760163,10479029,10862048,15263683,6450755,16783181,10968132,8892667,4179363,6447140,5724021,4882971,4371161,32580466,36740730
304,000828,2017-12-15,0.0008756567425569628,-0.0061295971978984065,0.26325967975835524,11340.0,91459.44561800423,1882,41264524,34175175,1887865,1181837,7136680,6744663,7800462,6406460,4788176,5363086,4820616,4487579,6472561,3132139,915200,993018,7442964,5866393
305,000829,2017-12-15,0.00504032258064524,-0.00504032258064524,0.18287908857443358,9970.0,47343.59679093021,2945,41190016,32902975,3808665,2788847,13140738,11919089,8827586,7905622,7343128,6445690,2797104,665172,2761098,772090,1401314,1296082,1110383,1110383
306,000830,2017-12-15,-0.043530113297555184,-0.047704233750745284,0.20458454849173974,111573.0,544251.0427405686,6733,838505946,971774155,1287809,1484035,19326366,24271929,31351186,48658412,74250393,94470662,76031689,85602356,68609150,72867678,64093464,66458182,503555889,577960901
307,000831,2017-12-15,-0.004351610095735481,-0.010443864229765065,0.23684037947231948,13643.0,61521.27843500559,2354,45386615,36258557,1708687,2156950,11368264,8962487,11274632,8642832,11088432,7555931,5019514,2811969,2568994,2196000,1318492,405452,1039600,3526936
308,000833,2017-12-15,0.041916167664670656,0.04041916167664672,0.11922207231824257,13262.0,68174.08561377182,3147,47761354,64334131,2754967,3220859,13675710,13693779,9502265,13182878,10468283,15205891,4531015,9294258,3783133,4509935,424293,868979,2621688,4357552
309,000835,2017-12-15,0.0023474178403755097,-0.00704225352112664,0.2761903607042763,10092.0,57556.16288483798,951,17088589,11720135,1248864,701718,3660589,3628430,2948968,2753356,4731271,2950586,1497840,511588,721193,721193,2279864,453264,0,0
310,000836,2017-12-15,-0.0022675736961450532,-0.0045351473922903285,0.10951983260934581,9198.0,77317.04031796128,1623,32684078,18560894,1771510,1464089,7430672,5666386,6265959,3701444,5722816,2208530,1611840,1605436,1225566,1660266,2292360,1747216,6363355,507527
311,000837,2017-12-15,0.01296596434359798,0.014586709886547755,0.12970079105956725,12600.0,69837.05076695814,2265,43439978,43027018,1784466,2479054,8847525,9223423,6896841,8891401,12716840,9256306,7271715,4971479,3298955,3080285,909750,2806904,1713886,2318166
312,000838,2017-12-15,-0.004975124378109541,-0.009950248756218971,0.1299997247771273,8059.0,43934.91265091183,2153,33085277,16595108,2390688,1964395,9784191,6550673,6963198,3916961,8970594,2866460,1960056,809249,718800,0,2297750,487370,0,0
313,000839,2017-12-15,-0.0011013215859030367,0.0022026431718060735,0.11816910151162388,41860.0,203533.13983888077,5912,309792590,326531626,3164310,2880743,25174693,26301791,39482142,37901433,55875602,53471351,37430051,46256524,21424347,31125542,27983198,21840042,99258247,106754200
314,000848,2017-12-15,0.0,0.004434589800443645,0.17562346486687286,9050.0,48574.41574700682,2640,36370807,33081542,2577800,2269615,13478537,9720134,6745756,9473104,7582281,5145482,3955373,2856587,1351887,2032447,0,905000,679173,679173
315,000850,2017-12-15,0.004385964912280826,0.002192982456140413,0.22916594416087857,13710.0,51799.24465534782,395,6439286,6886834,385930,283415,1858647,2052674,1560236,1512692,1041486,2219566,1270345,495845,322642,322642,0,0,0,0
316,000851,2017-12-15,0.004410143329658167,0.0022050716648289725,0.2651032337097002,10932.0,74523.71226724128,1170,20697617,18628572,1303493,1262989,4711730,4780628,4477360,4271703,6125989,4489482,963147,416547,356685,0,0,0,2759213,3407223
317,000852,2017-12-15,0.01049618320610679,0.026717557251908275,0.17206436270221961,20970.0,115324.93052060543,3712,88364527,113939965,1974759,2501147,16541552,19942721,16829752,18143762,19577567,27159122,14084303,19264037,8017591,6312935,3061928,2753011,8277075,17863230
318,000856,2017-12-15,0.10355486862442054,0.10046367851622873,0.238567481823291,83538.0,813364.761864965,6636,645036442,771244850,1382372,1465141,25529656,24225728,40104468,43406324,91123574,89667447,64959461,76646374,52307599,58280585,34760717,50021901,334868595,427531350
319,000858,2017-12-15,-0.018301709056654514,-0.009419997308572237,0.916030493326561,155022.0,586947.9140143559,6583,1009574308,1110619541,489857,363598,11241927,16701134,34855283,47406957,93367995,106612593,88921190,99647011,75136645,76547090,60112292,77515021,645449119,685826137
320,000859,2017-12-15,0.011737089201877993,0.0023474178403755097,0.19348387465113745,8540.0,53247.55242353064,484,8011671,6143825,425085,484279,1927762,1240431,1721343,1125423,2459789,1092292,1148394,1872102,329298,329298,0,0,0,0
321,000860,2017-12-15,-0.004823151125401881,0.001071811361200492,0.4258417272289149,5598.0,100683.41629095042,1920,26928302,18787634,1414100,4091844,3525231,4307058,2942792,2766534,3655884,2256015,3828491,1138633,2891482,1353124,0,0,8670322,2874426
322,000861,2017-12-15,0.009646302250803984,0.012861736334405238,0.08973060202399098,8904.0,70978.73658097828,1203,15774010,16208985,1227523,964846,4148378,4736323,2912212,3625301,1957646,3501542,1963029,219047,938526,2306830,0,855096,2626696,0
323,000862,2017-12-15,0.011881188118811892,0.005940594059405946,0.2188052474994932,8120.0,36000.34597392266,532,6545958,4485242,382149,537081,2299957,2239395,1241128,1110492,1372190,304800,1250534,293474,0,0,0,0,0,0
324,000863,2017-12-15,0.0,0.0018181818181817189,0.1687063813627397,5560.0,48015.86279450076,1063,12989362,6651620,1109335,681403,4944910,2799117,2428038,1110461,1845883,932677,0,582912,768900,0,0,0,1892296,545050
325,000868,2017-12-15,-0.01913265306122447,-0.014030612244897878,0.10034825358953613,35650.0,208750.5943577606,6119,302963722,253426344,3215560,3158189,29062689,28152963,38771769,31045775,65986566,54155036,51234941,33668660,30663403,26002434,16901185,11909625,67127609,65333662
326,000869,2017-12-15,-0.005494505494505364,-0.006593406593406681,0.800381020356843,18060.0,110752.90756247404,2069,67933240,37692369,1541923,1551828,9895730,8828554,9335726,7089609,11062709,6641560,8621910,1851258,5446596,4691760,3975776,1854100,18052870,5183700
327,000875,2017-12-15,0.0024937655860348684,0.0024937655860348684,0.10583581930454568,8060.0,56702.65024302777,1437,22617097,19372757,1027636,1802522,3548789,6051630,2736876,2735877,11344066,3235804,2542840,2533348,354965,1145651,438484,1244484,623441,623441
328,000876,2017-12-15,0.005333333333333412,0.006666666666666599,0.12948581520028535,9750.0,167531.63455134485,3359,77770847,97388351,2717569,4298893,11934598,11208170,9286951,10574033,12120257,9234868,7831288,9229162,4183709,7873895,2153323,2560748,27543152,42408582
329,000877,2017-12-15,-0.035198555956678756,-0.025270758122743597,0.14594501454937897,35706.0,165097.65045282553,5773,263673404,218478244,3030375,2490416,27190058,31979071,32076835,38531994,63791131,44433206,31721311,21180831,24428673,22058967,27439858,13097374,53995163,44706385
330,000878,2017-12-15,0.0071428571428571175,0.0023809523809523725,0.22443325238370604,15120.0,117507.32016964318,3153,80825994,77340552,2027323,2485856,15135110,13403212,11781282,13889939,15770025,17183929,7794045,6931345,5251163,2807291,5237169,3663689,17829877,16975291
331,000880,2017-12-15,0.0010928961748633004,0.0,0.45140566035032365,9105.0,36329.065455797376,410,4166056,3748212,336081,475314,1910136,1475191,609862,735892,982242,734080,0,0,327735,327735,0,0,0,0
332,000881,2017-12-15,0.0,0.001615508885298933,0.3299169095791237,8680.0,118056.7259597238,1408,12525575,20966022,986916,1637992,5077468,6226426,3170916,4119590,1603355,1740454,698120,1212500,0,0,988800,0,0,6029060
333,000882,2017-12-15,0.022508038585209,0.02893890675241173,0.051239594663078876,11340.0,110997.89087253818,3712,70274120,102138331,2872352,3534356,12909758,16333499,10182464,11775249,13148410,19233173,7830275,12059792,5420538,12457736,5509352,5855554,12400971,20888972
334,000883,2017-12-15,-0.014989293361884481,-0.010706638115631661,0.12809463013680644,3704.0,51995.1392584701,1330,15739004,7014795,1280923,1205809,3825024,3491439,2240954,673950,2761811,872037,2870060,463000,718576,308560,833400,0,1208256,0
335,000885,2017-12-15,-0.03372781065088759,-0.02781065088757395,0.24860229110515436,24900.0,113320.68540765787,4625,147290534,124340277,2909420,3624141,26294971,23413302,25691660,24616166,32916324,27419451,21481045,17896169,8640707,6234427,5458336,3502704,23898071,17633917
336,000886,2017-12-15,-0.0027586206896551557,0.0013793103448276334,0.1597094212175776,10890.0,98977.8313623414,2062,41977841,41687872,2640537,1280103,9028629,8268676,6795038,5590225,5892516,7748797,5690206,3827190,4584462,2793320,952280,1674878,6394173,10504683
337,000887,2017-12-15,-0.009291521486643473,-0.00696864111498241,0.44341818985071896,13587.5,122834.75947933327,1508,48803682,22969926,1075198,1670685,6646825,4860202,4940402,2592317,7839941,4389343,5033130,2220405,7171354,2369770,4255764,1737414,11841068,3129790
338,000888,2017-12-15,-0.000970873786407922,0.0048828125,0.007412221484606399,8208.0,41212.945292253775,504,7259696,3667322,507819,366399,2263630,1256369,1526907,959915,2103512,1084639,0,0,343398,0,0,0,514430,0
339,000889,2017-12-15,-0.0007137758743753775,-0.007851534618129818,0.41409826008252465,11104.0,109257.40598603961,1144,27714046,18753626,1665209,892650,6168684,2605967,3248606,1913236,4048545,2099153,3693700,2295858,2087536,696790,1238974,1670340,5562792,6579632
340,000890,2017-12-15,0.004497751124437732,-0.0014992503748125774,0.251445056237057,6680.0,27705.760859420017,703,7548465,4766158,794803,628232,2828357,2141519,2335413,1124819,1110372,871588,479520,0,0,0,0,0,0,0
341,000892,2017-12-15,0.02945113788487297,0.030789825970549023,0.18812528930265107,10724.0,57339.512673568286,1577,21664809,25014260,1805034,1320500,7447455,7047242,4695294,5685448,3799153,3954191,947994,1817602,1327616,3387414,0,0,1642263,1801863
342,000893,2017-12-15,0.006265664160400863,0.0025062656641603454,0.283455392423445,11235.0,82734.73486882621,792,11885453,16214152,927798,548316,2878364,2759989,2802327,2935643,2280723,3093900,907858,2698549,312755,312755,0,0,1775628,3865000
343,000895,2017-12-15,-0.01164975573092819,-0.009770762871101013,0.4102068239683002,15684.0,183791.39333054135,4210,134869130,130657144,2400346,2503839,15077989,23044824,15046757,13107761,36141931,16726636,11125271,10237914,6618691,4378689,5220577,7167519,43237568,53489962
344,000897,2017-12-15,-0.0028409090909091717,-0.0028409090909091717,0.10638322061542307,4537.0,88347.65532474923,1096,11997252,10347355,1162804,1015567,3673311,3245039,914872,1545606,1174850,613900,434854,426624,0,1321244,483252,483252,4153309,1696123
345,000898,2017-12-15,-0.017350157728706517,-0.017350157728706517,0.09328585002692881,15750.0,229565.60495553134,4631,198217110,149032748,3281325,3719953,20410717,15874329,23711215,16656099,26243595,15056399,13859586,14362159,14177132,11497586,8665994,6878338,87867546,64987885
346,000899,2017-12-15,0.008561643835616417,0.005136986301369939,0.19782380869685756,2320.0,36566.51883569369,871,6370330,5456789,1011449,360598,1812428,1732457,1883638,1427185,838580,345954,410640,1177000,0,0,413595,413595,0,0
347,000901,2017-12-15,0.008881711748082388,0.00928542591844983,0.4504672279398934,27544.0,97186.39600299773,3025,107823951,90964285,1470535,1480435,12967299,16647117,11951944,17047191,51882592,23524318,9974290,14039441,7123146,6274720,4105753,4478431,8348392,7472632
348,000902,2017-12-15,-0.003296703296703174,-0.005494505494505364,0.23781530072835597,4540.0,46487.82062763923,1464,17952668,12454600,2585622,751971,3976510,4802659,3913794,1284505,5099883,2641142,490767,895735,1417564,702060,468528,1376528,0,0
349,000903,2017-12-15,-0.03249999999999997,-0.020000000000000018,0.06447363112487992,17865.0,354585.7863462163,3874,110992515,203801790,1555134,4642509,9541107,22607199,10045155,18668486,16556661,31041376,11064711,17804038,8616523,15506472,10521261,10631346,43091963,82900364
350,000905,2017-12-15,-0.01752848378615246,-0.015775635407537236,0.2716509191904155,11315.0,58040.78981934383,1764,32621377,15302660,1709435,1532406,9818223,5345219,7995169,2392560,6694166,2746787,2411645,1833957,393240,1051482,1329499,400249,2270000,0
351,000906,2017-12-15,0.003968253968253954,0.005291005291005346,0.24942653314303506,11347.5,35379.68377902582,918,9689512,12579228,733151,1024277,3409870,4945366,2881755,3144699,2211136,2852238,453600,0,0,612648,0,0,0,0
352,000908,2017-12-15,-0.014563106796116498,-0.012944983818770184,0.24100235816985316,6130.0,69046.20613876087,657,8775100,5870601,351995,711776,2091061,1977499,1432231,1135202,1489673,1410000,213136,213136,0,0,1245004,422988,1952000,0
353,000909,2017-12-15,-0.003552397868561208,0.0,0.45710124741971886,11220.0,27499.324455251128,606,6412039,4509858,445710,538304,3221001,2744705,1573758,664349,1171570,0,0,562500,0,0,0,0,0,0
354,000910,2017-12-15,-0.01150951748561313,-0.012837538733952991,0.3778422308261105,6720.0,81695.41780176778,3587,57814472,46486324,4746641,4167536,11817901,9405267,5924315,6687817,10275838,6904783,6285513,6238647,3319828,4838634,4074182,2260956,11370254,5982684
355,000911,2017-12-15,0.05391120507399583,0.05391120507399583,0.23004090048730613,9970.0,210600.65314105593,1691,57701537,30907732,3306425,18800,11226066,362594,8385724,1782733,9109868,3137132,7541081,2593633,3264568,2759934,877360,0,13990445,20252906
356,000912,2017-12-15,0.0,0.0,0.3469934933474333,3895.0,159699.1259916223,503,0,10659057,0,1420117,0,1133445,0,929347,0,327180,0,579576,0,1311836,0,0,0,4957556
357,000913,2017-12-15,-0.012048192771084376,-0.0033734939759035854,0.40420815551166517,20470.0,88803.74828703653,2637,57855907,55738521,1371806,1994929,14346020,14696165,10840293,10991408,11008233,13756291,6280230,3997223,2300058,3815850,938398,414000,10770869,6072655
358,000915,2017-12-15,-0.003332222592469236,-0.0023325558147284653,0.8230161203649916,12052.0,77145.45251495524,1329,24316544,19647351,1163550,1152399,8347075,4205417,3685064,2902109,4346555,4308572,1160200,3053654,1530300,961400,0,0,4083800,3063800
359,000917,2017-12-15,0.010101010101010166,0.004489337822671136,0.19129342241376088,13440.0,104240.32254491078,2170,48007307,43635624,1851362,2212502,9787456,9594190,7892176,8525560,9522020,8084917,6389333,2363845,1715622,1721174,2292226,2170656,8557112,8962780
360,000918,2017-12-15,-0.008498583569405027,-0.008498583569405027,0.13966919534800998,12618.0,94341.07563347639,2557,51544937,44468928,2785675,2500897,12672330,10615001,9033241,7616083,8700451,8279229,2568968,5113660,710184,2117096,5111310,1283672,9962778,6943290
361,000919,2017-12-15,0.0022675736961450532,0.0022675736961450532,0.3312743432239666,6167.0,46721.06397188066,708,7557454,6949012,751611,735438,2246076,2140262,1013212,1866035,1348683,705053,1868280,255476,329592,329592,0,917156,0,0
362,000920,2017-12-15,0.004980079681274896,0.0,0.3556700888331823,11066.0,35431.318004500456,796,11856456,8873062,478256,667700,3939519,3341180,2945435,2481645,3989742,2382537,503504,0,0,0,0,0,0,0
363,000921,2017-12-15,-0.012775017743080208,-0.005677785663591228,0.24806935747036343,12636.0,74160.32233873724,3229,62306958,45270296,2739104,2508197,13659878,11989135,18723148,8970745,11246595,9948858,5300451,3291665,1991385,2205979,1728164,1722884,6918233,4632833
364,000922,2017-12-15,0.0011890606420927874,-0.01189060642092743,0.25282501917806866,10803.0,55798.72077786559,1106,16134607,12233212,1136938,1072986,5932090,4601406,4610157,2563521,2000516,1559991,585728,566130,0,0,401579,401579,1467599,1467599
365,000923,2017-12-15,0.052310374891020084,0.07759372275501297,0.3611345994786723,30030.0,113120.03824530912,4039,110027912,174789194,2204619,2431895,17154916,21117682,19594251,24599645,26581462,45292773,19818546,28367983,8933459,15929505,3110323,11343299,12630336,25706412
366,000925,2017-12-15,-0.009298998569384875,-0.0028612303290415086,0.3766986505296375,5604.0,92722.49911238195,1378,16454239,19537285,869129,2192604,3692927,5472876,2623701,3382597,2622289,2604049,2155779,1842977,1085214,1085214,0,936768,3405200,2020200
367,000926,2017-12-15,0.0016556291390728006,0.0016556291390728006,0.22985637342762072,12100.0,272649.3382807155,2763,103469628,107903142,2484397,2991302,11955536,7423884,9369279,7141862,15610251,13356709,7811843,10078734,4264942,10805703,847700,2565220,51125680,53539728
368,000927,2017-12-15,-0.008602150537634468,-0.010752688172043112,0.08999188776684146,10120.0,72628.17573097155,2676,47456683,36228069,2722741,2033535,12059684,10770440,9172769,5816272,9732263,6174654,7395607,3382009,4909889,2221517,846036,846036,617694,4983606
369,000928,2017-12-15,-0.003252032520325243,-0.003252032520325243,0.19782670260236399,13374.0,89588.77317090923,966,23211792,10434062,711856,644209,7393023,3479218,4452885,1954103,4402221,1561073,2024754,1163340,0,614000,412239,412239,3814814,605880
370,000929,2017-12-15,-0.012690355329949221,-0.019458544839255576,0.48284812724565074,9240.0,87870.82700708786,599,11643388,6393483,432540,645328,2365433,1932571,1271936,1048185,1796311,1178563,2055254,488676,0,0,923904,0,2798010,1100160
371,000931,2017-12-15,0.008823529411764675,0.004411764705882337,0.1891826849012498,9520.0,59558.39457801462,1292,17924878,15863643,1340331,1249609,6368979,4859020,2968186,3723898,2426904,3222238,971668,295542,1965206,629732,925145,925145,958459,958459
372,000932,2017-12-15,-0.03900709219858156,-0.03309692671394815,0.11326094451492555,53988.0,203413.91394455032,5593,366916297,175711706,2891607,2412609,24142692,17125986,73345833,25883852,94306044,39456773,47998023,21700455,18099966,14998392,12305885,6940039,93826247,47193600
373,000933,2017-12-15,0.016568047337278236,0.020118343195266286,0.11579144728731296,36378.0,333655.290464031,5337,327766652,333861125,3373537,2208874,27793793,18664042,41007793,22048452,49977101,34816902,38153288,27160881,25646845,26062180,24745523,32194156,117068772,170705638
374,000936,2017-12-15,-0.009383378016085797,-0.009383378016085797,0.1258461727237461,20832.0,87930.42339342265,3521,92624025,71787375,2352255,2957936,20174524,16106613,18057152,14436181,18738789,15262852,12186593,8518911,5265657,4545627,3724312,909704,12124743,9049551
375,000937,2017-12-15,-0.005291005291005346,-0.008818342151675429,0.12023414402537623,9537.0,87477.27453287736,2226,46518036,26429381,1821884,2100302,7665341,6836054,10795557,5333321,9426468,4143065,5314166,2048783,2864602,2036490,1908518,958184,6721500,2973182
376,000938,2017-12-15,-0.025678650036683792,-0.02318415260454898,0.9572187515496223,61037.0,227722.11339755528,5072,345049862,303029094,1236762,1996503,20838797,22196632,32266661,35023188,53218921,53710354,50626301,38945547,43622601,27407432,23963764,21098904,119276055,102650534
377,000948,2017-12-15,-0.0009523809523809268,-0.0009523809523809268,0.3846546348930143,8729.0,30047.863767687835,745,8041766,6538106,292187,592998,2900505,2813841,2559579,1511460,2289495,1619807,0,0,0,0,0,0,0,0
378,000949,2017-12-15,0.04750593824228022,0.0071258907363420665,0.11935691189950753,4653.0,39213.87522471248,1245,12043908,9960506,1145614,1443597,3847938,3591000,4098325,2425760,612305,1805787,841670,274026,0,0,420336,420336,1077720,0
379,000951,2017-12-15,-0.01516108654453574,-0.017056222362602624,0.2826907575405128,10983.0,77879.89892585682,3137,59855613,47207160,2647020,3480041,12425119,12383655,12601278,9694540,12455134,8327198,5655286,3957720,5321487,2279685,943114,943114,7807175,6141207
380,000952,2017-12-15,0.004950495049504955,0.004243281471004057,0.38636914055900207,15697.0,50571.824505598175,1339,24549728,23198327,1285233,920907,7629572,6227256,4607116,6529283,7691509,6130205,2678104,2732482,658194,658194,0,0,0,0
381,000953,2017-12-15,-0.025240384615384692,-0.03125,0.14039243419414915,15295.0,145839.53115947245,3524,96490920,71078369,2806833,3234625,15737140,14822310,16096589,16123273,13250854,17745551,8393828,7432976,6519281,2563735,2200734,2141302,31485661,7014597
382,000955,2017-12-15,0.013138686131386912,0.016058394160584077,0.17338423180514004,19376.0,93352.61940571904,1562,29814437,36032197,758122,1781966,7004893,11234305,5857258,5376930,5857671,6345919,2569690,2429798,1391608,2182428,432760,432760,5942435,6248091
383,000957,2017-12-15,-0.002680965147452974,0.0,0.22629612851196584,8924.0,53857.99302269322,2446,34293155,26739158,1839598,3010361,10786589,7502525,7187179,4181069,6836303,5600591,2613407,3970827,316677,1654677,1734162,819108,2979240,0
384,000958,2017-12-15,0.015444015444015413,0.011583011583011782,0.11909877994094159,10320.0,74539.16297201707,1893,24479961,33535987,1761073,1700392,6114561,8036587,5616352,5716322,4856672,7212556,1397374,3350549,1083045,955641,2536840,1222296,1114044,5341644
385,000959,2017-12-15,-0.021416803953871466,-0.01976935749588138,0.10791083123122713,4836.0,46478.31422444195,3172,34529309,20044323,3215991,3775173,10076421,6014186,9089015,3438840,5997383,1076501,2810832,2100395,1047102,1297707,432565,833365,1860000,1508156
386,000960,2017-12-15,-0.004909983633387904,-0.00327332242225864,0.24312135020992218,16982.0,105793.86089196836,2527,82109607,52018250,1481717,2027896,12132256,10503505,11140528,8135436,17551497,9476180,12037810,5904367,8482245,4655770,4541858,2160544,14741696,9154552
387,000961,2017-12-15,0.0,0.0033444816053511683,0.13829912613962686,3594.0,269336.6063623377,1871,49429494,37436632,1207246,1808150,5778349,3348769,5108306,2091632,6775964,1787168,2755552,2869364,2221112,0,0,1310402,25582965,24221147
388,000962,2017-12-15,-0.013017751479289852,-0.013017751479289852,0.260964941184364,8390.0,47015.18066923561,1048,15352673,10202437,1170062,1127979,4659343,3401947,3585773,2102110,2835841,1683895,479982,913546,1656930,972960,964742,0,0,0
389,000963,2017-12-15,0.0077019150707742234,0.011656952539550458,0.7536829255706431,34083.0,187158.7162461864,4070,163548436,251064373,2162256,3899331,23139458,18141058,16263161,15279295,26120802,39101133,30854942,87010957,11775215,16636227,7729930,11610067,45502672,59386305
390,000965,2017-12-15,0.017761989342806483,0.007104795737122638,0.14650182639924167,6204.0,42146.78744466352,1477,16576430,12108774,1383540,927402,5696513,4079075,4160500,3507322,1818228,1494686,1431313,1545313,664340,0,867020,0,554976,554976
391,000966,2017-12-15,0.0025445292620864812,0.0050890585241729624,0.16524524523304085,4356.0,37129.47437927923,565,6068904,4343188,503626,603762,1774878,1419132,1912505,886053,935263,895853,942632,538388,0,0,0,0,0,0
392,000967,2017-12-15,0.0,0.0022050716648289725,0.3066668819350454,9290.5,61346.05086060291,874,15490392,11746246,1090452,1052190,3419955,3574426,3085748,1647749,3984571,2976925,669167,441612,1482261,1078706,1758238,974638,0,0
393,000968,2017-12-15,-0.0072202166064982976,-0.010228640192539218,0.27392338536456284,16565.0,120541.71685844428,3692,94123230,94285265,2280281,4674369,16120490,16335682,17651902,16785984,24031612,17032015,11214827,6779687,10012461,6663291,4974139,7757787,7837518,18256450
394,000969,2017-12-15,-0.01158301158301156,-0.016409266409266432,0.1854115184754173,20340.0,130387.5782441186,3125,106646845,72782542,1937092,1511164,15933502,13618164,14730715,13068396,19096649,13655969,12524145,9680869,5464879,4057811,4878000,5243130,32081863,11947039
395,000970,2017-12-15,0.008849557522123908,0.005162241887905594,0.22617905011176903,20520.0,184386.93118054693,3596,118724062,106420146,2065203,2806671,16153915,17320253,16500404,15166378,30210110,29340596,13531525,14768212,6476336,4458988,3388593,7001091,30397976,15557957
396,000972,2017-12-15,-0.009216589861751112,-0.004608294930875445,0.12777090590768045,9009.0,86508.52823375301,1155,20627428,16583050,958198,1028408,3845002,4967379,3101315,2044407,3951554,3216304,3277360,434075,2092083,2030829,0,869998,3401916,1991650
397,000973,2017-12-15,-0.0015898251192368873,-0.0015898251192368873,0.16901439628712772,10659.0,55062.48390922836,1385,19628456,20665344,1107824,1611480,5743740,6153531,3873674,4191707,4276340,3541218,1899868,2118590,1006680,2604276,444542,444542,1275788,0
