,code,date,pchange_whole,pchange,change_std,amount_median,amount_std,length,sumsell,sumbuy,sell_vol_0,buy_vol_0,sell_vol_1,buy_vol_1,sell_vol_2,buy_vol_2,sell_vol_3,buy_vol_3,sell_vol_4,buy_vol_4,sell_vol_5,buy_vol_5,sell_vol_6,buy_vol_6,sell_vol_7,buy_vol_7
0,000001,2018-01-16,0.0021171489061397875,0.0028228652081863093,0.23669112586238408,328325.0,1169203.736221013,3590,1312438204,1177763463,112444,75580,4399714,3492471,12824914,11593415,50491541,36805587,57983262,47715678,65346121,53492880,51770125,40485285,1069510083,984102567
1,000002,2018-01-16,0.10136986301369877,0.04821917808219167,0.6113830498841387,287088.0,1198505.4434255161,3570,966626984,1142642670,89886,130591,5437612,3463740,14091371,13792082,42084280,41139205,46167257,48828952,45076038,48324817,52164736,47277076,761515804,939686207
2,000004,2018-01-16,0.023485204321277653,0.03100046970408643,1.0042067380970443,9224.5,64320.89549522634,450,4022742,7754514,495640,347586,1627563,1807141,903131,1017507,996408,1806301,0,256229,0,1089580,0,0,0,1430170
3,000005,2018-01-16,0.021327014218009532,0.007109004739336511,0.17750049718714525,5499.0,41806.43899249461,565,5917156,4932695,553415,630078,1511732,1830461,1713054,809357,953709,832878,685260,426499,0,0,499986,403422,0,0
4,000008,2018-01-16,0.010727056019070202,0.007151370679379987,0.24318718500590797,8480.0,298060.12276683806,1191,40642622,9333110,858001,1451074,10060073,2591387,3255341,1081529,2449012,1402205,1532168,729063,686604,357808,1765601,966132,20035822,753912
5,000009,2018-01-16,0.01333333333333342,-0.00592592592592589,0.14348329751787697,13440.0,141737.1914942912,2217,56424302,48758210,1481231,2366848,8202634,11016018,7693456,10248667,7040113,7561465,4327700,4759067,4087450,4000109,3626088,2119468,19965630,6686568
6,000010,2018-01-16,-0.018587360594795488,-0.018587360594795488,0.12298644911804987,11182.5,91601.40160050588,1920,37833448,26310450,1474087,1793062,8359734,8806938,6802252,6039880,7922854,4332432,3015911,2987979,1709744,1392331,1271444,408342,7277422,549486
7,000011,2018-01-16,0.04293785310734477,0.033898305084745894,0.36284224589676867,36280.0,184712.4838228772,2382,93324919,121589001,1127911,1283158,9170007,13121540,13514858,15466532,20162156,20806105,10778679,14868418,10399453,14307987,8232813,7567746,19939042,34167515
8,000012,2018-01-16,0.020809248554913173,0.006936416184971206,0.19852849659738736,19987.0,126662.84801706027,1900,52571638,52208381,1263212,1542053,8882230,9417467,7960421,8817044,11427313,10833229,7889983,6454557,2352778,3128670,2715187,2226059,10080514,9789302
9,000014,2018-01-16,0.12288786482334868,0.08678955453149007,0.254748895796031,31218.0,165424.6927325382,2625,94278199,99208637,1553682,1305829,12671909,12043329,15161264,14789466,22200347,21212280,14505829,16881837,8938855,10360102,4807725,3529554,14438588,19086240
10,000016,2018-01-16,0.012519561815336422,0.0,0.18702826733616715,12900.0,132013.96060170373,1168,32168545,24069393,1010788,1133221,3892511,5162657,4542779,5510478,5492582,4508360,1725429,2668191,3516303,2148808,2326537,0,9661616,2937678
11,000017,2018-01-16,-0.0032679738562092497,-0.006535947712418277,0.30573920258939646,4266.5,31617.562840381845,400,3618264,2534819,265664,536054,1242427,927678,966753,278935,443840,792152,699580,0,0,0,0,0,0,0
12,000018,2018-01-16,0.023333333333333206,0.0050000000000001155,0.18834900121665707,4840.0,49479.26703899434,1015,11648233,6751552,465953,1291819,2551891,2794933,1847533,1399064,2020281,1265736,1483649,0,601500,0,424409,0,2253017,0
13,000020,2018-01-16,0.007112375533428139,0.008534850640113723,0.6954445176876823,9912.0,30591.737442689846,408,4772893,3174910,518647,463405,1755503,1456311,1337884,870668,651226,384526,509633,0,0,0,0,0,0,0
14,000021,2018-01-16,-0.031441048034934416,-0.02532751091703045,0.1938285969191397,149192.0,639707.5851166289,3503,597319000,504711899,404781,530417,5923794,9922686,15877865,21202911,55302307,54920903,45616424,48566425,40647277,42740328,37507164,37269331,396039388,289558898
15,000023,2018-01-16,0.02784810126582271,0.018734177215189884,0.9431369088261038,10230.0,41376.2976483683,438,4683781,6603636,328909,297879,1654126,2208370,1007194,1777082,1044868,1650486,246684,669819,0,0,402000,0,0,0
16,000025,2018-01-16,0.014133333333333331,0.01200000000000001,1.1703684770972318,11433.0,34144.23463759273,1026,11067001,13176567,895634,1164057,5294340,5253513,2995510,2236029,1668717,3215692,212800,1307276,0,0,0,0,0,0
17,000026,2018-01-16,0.000945179584120881,-0.001890359168241873,0.4037182209677537,10560.0,81063.54051956545,686,9527693,11038557,231534,819948,1871869,3148977,1760453,2378974,3312083,1922000,722179,1069678,660520,0,423055,0,546000,1698980
18,000027,2018-01-16,0.004966887417218624,0.0033112582781456013,0.18739810798476136,8498.0,48147.1249110501,1039,8492162,11319191,641160,2948986,2038861,2996330,1585673,1640903,2313047,1718787,254017,1056339,0,303500,484799,0,1174605,654346
19,000028,2018-01-16,0.027417501231324914,0.02955179773436223,1.6708676945202645,12558.0,116611.94449517345,1329,29546800,36072416,664677,2170979,4719938,5916525,5326782,6659914,7673108,6853458,2070260,2449737,1684259,2764078,408200,1407312,6999576,7850413
20,000030,2018-01-16,0.0012658227848101333,0.0037974683544304,0.25860641290385056,4764.0,38577.01016372855,933,9141712,4511239,2024481,536033,2083019,2148611,1202994,710488,981956,872656,1246827,243451,620508,0,475200,0,506727,0
21,000032,2018-01-16,-0.02448979591836742,-0.019387755102040938,0.437516043551988,9720.0,67374.17439877919,501,9345541,5465342,493682,698517,2384445,1621217,1740960,621095,2438150,586069,296218,750411,980361,322063,488695,0,523030,865970
22,000036,2018-01-16,0.04949494949494948,0.028282828282828243,0.19369918287140275,38766.0,270505.6025719254,2617,163401404,159197911,1393296,1423186,9879940,10586461,12311880,15397487,24267325,23971632,21545499,17812605,16321625,16960105,11297709,11371030,66384130,61675405
23,000037,2018-01-16,0.013513513513513598,0.02552552552552556,0.3890159491067048,5520.0,28205.86397340251,293,2570592,1979711,294218,272836,911562,691386,527933,748094,588950,267395,247929,0,0,0,0,0,0,0
24,000038,2018-01-16,-0.010085728693898122,-0.0060514372163387176,0.5980636112154295,13832.0,43644.92569755711,1099,14270507,15885643,1000358,1324161,5098218,5971871,3719044,3703522,3469061,3100156,671698,0,312128,651898,0,424235,0,709800
25,000039,2018-01-16,0.015327450069670068,0.013005109150023175,0.40569863083234997,35184.0,367672.8238665917,2821,130482584,176662107,841064,1191089,15107168,21418737,12460315,16202512,20941877,19083526,15208135,17720687,5747173,8170829,9054337,7617293,51122515,85257434
26,000040,2018-01-16,0.008270676691729317,0.0015037593984961184,0.39370569900698305,11970.0,56895.25763195311,1143,14371139,16961505,742673,708591,3934698,7468369,3036314,3711365,1770920,3512200,1818380,1560980,338184,0,402600,0,2327370,0
27,000042,2018-01-16,0.027374301675977764,0.0022346368715084886,0.5622645463821663,12523.0,91463.88037406222,1014,18335843,23947582,1416247,885117,3030323,4926006,2594538,4562373,4155273,5082004,1403317,2968046,1124870,1043915,909468,0,3701807,4480121
28,000043,2018-01-16,0.03121852970795569,0.017119838872104776,0.3936764444987863,10060.0,78672.05796120554,636,11843430,9196044,551168,490210,2510667,2336230,2404157,1259745,3149931,2445552,221663,517414,399194,358905,452700,440628,2153950,1347360
29,000045,2018-01-16,0.002072538860103501,-0.002072538860103612,0.3871319148723177,10626.0,67537.12961685589,621,10635347,9968546,604695,853613,2270070,2587506,1733894,1677377,2431633,1530118,1494651,1529597,1107470,735410,479655,436545,513279,618380
30,000048,2018-01-16,0.006526104417670542,0.00401606425702794,1.7025794088965764,5976.0,23046.61594592194,136,699253,775269,141495,175668,372358,245628,185400,131973,0,0,0,222000,0,0,0,0,0,0
31,000050,2018-01-16,0.003136434918975528,-0.001045478306325176,0.3830126806865625,27159.0,155727.201520402,2496,105630367,86767777,1604683,1861351,10451880,12950253,14023390,13059127,20930352,15421605,12001106,8731225,9883027,6328613,4919132,8156477,31816797,20259126
32,000055,2018-01-16,0.00493421052631593,-0.00328947368421062,0.2203770003864111,7308.0,59704.55165367609,761,11923741,6991718,1592635,694186,2636206,2847196,1706918,1121345,851810,836797,1862468,783670,1001000,708524,423168,0,1849536,0
33,000058,2018-01-16,0.018867924528301883,0.0013477088948787852,0.29250844331248416,7480.0,63165.85518001629,643,9273725,6708913,647480,828671,2188205,2247438,1425072,1746808,1762790,1247572,732611,225872,0,0,848127,412552,1669440,0
34,000059,2018-01-16,0.01553398058252431,0.0019417475728153999,0.2225092633481647,20680.0,174589.5077483966,2145,91447610,79413584,1743413,1225758,6583994,9799782,8681478,9830483,12448853,16434115,12328428,9617672,8514827,6627091,5223720,3036859,35922897,22841824
35,000060,2018-01-16,-0.010695187165775444,-0.012477718360071388,0.2106976777434127,48031.0,278764.98051845084,2840,208479024,131982526,646395,1128508,21110118,10465003,20716971,15836485,28159189,23672052,23950171,15344038,15940810,11369187,10528704,8915332,87426666,45251921
36,000061,2018-01-16,0.011811023622047223,0.019685039370078705,0.2901675509477306,8547.0,89479.64714648812,689,10164835,14886173,555351,860635,2149811,3106165,1793683,2041823,2481547,2301193,988471,753772,1053622,1074852,406875,900309,735475,3847424
37,000062,2018-01-16,0.006126914660831373,0.003938730853391581,0.7863295022121963,9238.0,66719.96635950185,844,11060871,12112567,531924,1134415,2840964,4092840,1769447,2130204,2410625,1808557,1902948,242316,700203,313182,904760,0,0,2391053
38,000063,2018-01-16,0.0701413917382867,0.04713057942888832,0.6012344314801192,907722.0,2319176.2334907628,3600,2381035040,2997532405,0,3790,208162,264233,1656915,1533623,15410512,11915077,33662531,25217433,38885227,36925024,50647423,43484105,2240564270,2878189120
39,000065,2018-01-16,-0.02317693612210292,-0.013566986998304276,0.4719612839556015,17490.0,68841.48146872682,1405,25856624,17122195,1132983,1440360,10516678,5256319,3774022,2798029,3525063,4123180,1840246,580628,2131299,684450,468585,0,2467748,2239229
40,000066,2018-01-16,0.007092198581560183,0.004255319148936287,0.14328679239223954,21150.0,132347.37099528144,2425,83956355,67898103,1847379,1647369,11491800,10392388,12170899,11766940,13518590,14764767,7875725,9087433,6132942,5810662,5834641,2681351,25084379,11747193
41,000068,2018-01-16,0.007312614259597838,0.012797074954296273,0.20165921620141677,3288.0,52521.84607191708,736,6952048,7496442,913396,224437,1497250,3049694,1116372,2127123,1604082,1397897,252167,0,0,697291,0,0,1568781,0
42,000069,2018-01-16,0.003112033195020736,0.036307053941908585,0.16327844349286583,105075.5,562412.4161526226,3506,446820512,483315686,637032,825415,10814671,11414293,20006192,16143130,47250657,37847505,46039135,31108541,38141639,34153659,30406221,29363047,253524965,322460096
43,000070,2018-01-16,0.023326572008113722,0.009127789046653234,0.21890922584950495,17460.0,85060.60193567412,2032,52080327,39285484,2050569,1475923,9924961,8495209,8149867,8461928,9452756,12089679,5395853,4350685,7957123,1339639,3111948,984048,6037250,2088373
44,000078,2018-01-16,0.0016666666666667052,-0.00666666666666671,0.12559974100718885,14554.0,203303.3299822311,2288,89693570,59839508,1495013,1627759,9816381,8622081,10797848,9914068,12668741,8768345,7491709,6301055,4369514,5760330,3647393,3104231,39406971,15741639
45,000088,2018-01-16,0.0062893081761006275,-0.0012578616352201255,0.26108352724773526,12752.0,81385.3461304669,927,17176728,19244027,1042914,918369,4095291,3635187,3193978,2626825,4239273,4066720,1923866,3678495,1312588,2017012,425558,418859,943260,1882560
46,000089,2018-01-16,0.006944444444444198,0.004629629629629539,0.16452983261508422,10368.0,80880.48055398877,2762,55756287,42275212,4456808,608718,17452722,5383474,10261085,3993258,11217870,13373001,3397338,5839636,1616340,3396757,2173724,3620702,5180400,6059666
47,000090,2018-01-16,0.03916211293260474,0.009107468123861429,0.2173058108066185,16545.0,177081.59759800506,2559,73676879,90158460,1681142,2697024,8675595,10450050,10746232,11740714,11991131,18017237,8036583,10552908,5584291,6689203,3636006,4440807,23325899,25570517
48,000096,2018-01-16,0.012084592145015227,0.012084592145015227,0.6711533375412165,13430.0,58183.97525381623,389,3336976,8993491,360318,254247,1151661,2322614,887131,2118613,712410,2090239,225456,1210968,0,996810,0,0,0,0
49,000099,2018-01-16,0.002219755826859071,0.002219755826859071,0.34824611859008486,7240.0,65211.43725651421,669,8758809,5365098,726841,833824,1952456,2095622,2091363,2031322,375133,404330,530384,0,364408,0,909532,0,1808692,0
50,000100,2018-01-16,-0.014598540145985495,-0.019464720194647178,0.0702381050162235,62117.0,615298.7146610722,3456,374083407,379862349,1123005,1274755,11422092,15421206,16475790,18936833,33285550,33841890,29526813,35779147,22188015,22898490,26085433,28443435,233976709,223266593
51,000150,2018-01-16,0.010489510489510412,0.009440559440559326,1.3070340953934194,11692.0,84738.8843270544,478,9953842,7266488,733605,214717,3190570,1324441,727911,998246,2477224,1751748,290000,699989,1665967,349920,0,884703,868565,1042724
52,000151,2018-01-16,-0.015261044176706817,-0.015261044176706817,0.585112615024616,12260.0,36365.36357958131,452,5345456,5276637,339356,482707,2048286,1937638,1701996,1395778,787850,1225209,467968,235305,0,0,0,0,0,0
53,000153,2018-01-16,-0.0119760479041916,-0.008383233532934131,0.31303553197784595,9108.0,82740.72481166158,711,12448965,7550618,615912,777842,3353210,2448733,2474045,1203030,1015338,1729592,721850,483776,316160,0,415500,0,3536950,907645
54,000155,2018-01-16,0.0053475935828875,0.0017825311942958333,0.12765561980392923,11280.0,73948.79844168837,1935,36306593,34707607,1628268,1605444,7332924,7884370,7946025,7329399,6394124,7437107,3660854,3823809,4811300,2378635,2577974,1314543,1955124,2934300
55,000157,2018-01-16,0.015521064301552201,0.006651884700665134,0.09435647915956838,10824.0,198003.25315731135,2294,53910497,75006451,1244778,2625323,6361344,12224598,4651956,9249311,4571773,9879155,4271501,7730866,3690569,6473140,2706780,3555410,26411796,23268648
56,000158,2018-01-16,0.012499999999999956,0.0,0.2643516642779349,8060.0,109568.69797640297,916,14481079,13516068,828419,1198806,3330820,2995418,2651573,2128003,2051652,2725802,1011071,446562,394584,331247,950479,0,3262481,3690230
57,000159,2018-01-16,0.0038461538461538325,0.0,0.25627031636626857,7860.0,58947.90809068148,411,6973680,4196111,266534,580401,1372927,1456283,1379678,774160,1351396,426032,905185,959235,648600,0,440440,0,608920,0
58,000166,2018-01-16,0.009487666034155628,-0.001897533206831059,0.12849062120653892,8959.0,105437.35559131751,1686,27477837,25826918,1024366,2340619,4763404,7299449,3595032,6039241,3859945,3838918,1573103,1270796,1092557,1305390,900114,850608,10669316,2881897
59,000301,2018-01-16,-0.003424657534246478,-0.001712328767123239,0.16946091212362022,17490.0,87999.40958104962,1189,31374655,21516206,764997,864676,5302548,5159074,5833385,4228916,10326412,3860717,4085737,2970297,986357,726772,2158807,909288,1916412,2796466
60,000333,2018-01-16,0.0014754098360656442,0.0004918032786884741,1.0302134065676876,178364.5,676605.1383990493,3508,660049165,645227054,214663,251437,7454769,6110965,18566014,17139809,56344057,49236350,49433477,51858158,41451024,41456193,48810980,44838951,437774181,434335191
61,000338,2018-01-16,0.047729918509895164,0.044237485448195724,0.14414302109055516,124683.0,676741.0844240375,3559,434405275,628853765,472945,580961,9968350,9298883,22534616,25787484,57171046,59307025,47118770,45616849,33207050,40165349,28211661,34802630,235720837,413294584
62,000400,2018-01-16,-0.022239872915011838,-0.008737092930897528,0.32634639332411397,12605.0,91113.253910548,1488,30954842,24703886,458607,2570380,4822044,7983200,4305148,4391495,4664207,5861422,5119352,1846484,2096050,1089298,3221857,446607,6267577,515000
63,000401,2018-01-16,0.013157894736842257,0.015789473684210575,0.2546866932602719,113734.0,1296669.3537880082,3567,568094923,820107366,1231106,396529,12394192,9314132,19927376,15866884,37256206,40640911,30127120,37984110,34236374,30429407,30010158,24467108,402912391,661008285
64,000402,2018-01-16,0.06265876375952595,0.05080440304826417,0.21670580961020974,66668.0,524808.2659949028,2976,265952564,352766858,992280,916574,10141333,9820533,14021938,14425016,33908104,41161092,27141089,26013976,20814825,21428731,18458540,16357835,140474455,222643101
65,000403,2018-01-16,0.01193401193401189,0.0007020007020008823,0.9605791993661128,19862.5,206951.48412077205,882,37529603,21785774,732837,433712,3732639,3040102,5458671,3319782,5137872,5499491,2503087,2978299,3733840,308802,2223648,1283052,14007009,4922534
66,000404,2018-01-16,-0.016920473773265776,-0.016920473773265776,0.18060328808913362,15876.0,170832.57366776498,1072,34655060,29561095,583934,1213686,4747663,3959597,4160288,3027159,6252694,5677470,2109847,3442833,3156468,2476444,903162,902719,12741004,8861187
67,000407,2018-01-16,0.009186351706036877,0.002624671916010346,0.244413190281401,11610.0,72774.53128776018,972,17886000,14511323,786004,695896,4499306,3848073,3553366,3185581,4075098,3539680,925396,1163602,1086380,300679,971841,0,1988609,1777812
68,000408,2018-01-16,-0.004469273743016644,-0.005027932960893877,0.46968762644656037,26580.0,123216.4757731842,1453,52438850,39222169,809511,930421,7523819,6503142,9352256,8022073,12945702,9143976,4878483,3610030,4341130,3574924,1440147,1781702,11147802,5655901
69,000409,2018-01-16,0.004823151125401992,-0.008038585209003135,0.1546451534613728,10285.0,86811.72452965834,1621,28551996,21774107,1896139,1047250,7461247,5448434,5169763,4349946,4631223,3616933,3949580,1147792,1365950,2376092,1746140,0,2331954,3787660
70,000410,2018-01-16,0.004892367906066397,-0.001956947162426781,0.3127310894920593,15375.0,113216.27348663675,1068,25564959,20301680,796162,614678,5944221,4102022,3946835,4197977,5427686,4286790,2012194,2350606,3025377,1612217,850788,411200,3561696,2726190
71,000411,2018-01-16,0.02281746031746046,0.01736111111111116,0.7670635214339969,2069.0,61471.54715261197,690,8758818,3664627,931839,228528,1481613,933170,946967,792670,1661553,495736,275177,470960,726219,329563,1251460,414000,1483990,0
72,000413,2018-01-16,0.006578947368421018,0.0010964912280704286,0.1679012203614549,33433.0,275288.88765227166,2954,137624527,130487736,1251339,1902765,14918240,14861722,21568095,16955517,28145653,24196776,14893973,10970241,6049639,5557188,7626857,6259135,43170731,49784392
73,000415,2018-01-16,0.008635578583765069,0.005181347150259086,0.13583026971179585,4656.0,62457.35984991753,1821,22858888,23436861,1116885,2496886,3102232,5182708,2741999,4672651,7835052,5116034,2003831,2558320,2323794,1033702,1319401,422670,2415694,1953890
74,000416,2018-01-16,0.009873060648801113,0.007052186177715081,0.3791315919745228,9386.0,63117.87682381571,349,6163816,3513620,425230,292813,1773818,1125543,549871,1031710,614630,833555,1152867,229999,0,0,0,0,1647400,0
75,000417,2018-01-16,0.012755102040816313,0.0140306122448981,0.2561970728362227,7935.0,55582.48186485646,936,11129090,17549204,997527,774613,1737565,4468289,2092839,3714434,3323728,6150983,1212650,2440885,632000,0,445560,0,687221,0
76,000418,2018-01-16,0.009615384615384581,0.01236263736263754,1.795033976442319,34251.0,163355.17828605554,1647,46559746,61241002,1192140,1046045,8622473,9020124,11089031,8826779,9037860,9446396,5797492,7018033,3769770,3921927,898110,1762319,6152870,20199379
77,000419,2018-01-16,0.005119453924914641,0.005119453924914641,0.3677620443241117,8850.0,46159.46689234268,253,3147320,2597130,213726,276330,894460,1114148,376152,899852,816262,306800,0,0,376320,0,470400,0,0,0
78,000420,2018-01-16,0.006451612903225712,0.006451612903225712,0.10921902296320195,2184.0,51052.926149454746,807,7277042,6422945,696056,640126,1595292,1495565,2060974,1417511,1443754,1102909,988031,408408,0,0,492935,419426,0,939000
79,000421,2018-01-16,0.004918032786885185,0.0016393442622952836,0.33688142795839493,6732.0,40090.331452585626,327,4841754,2501448,318404,416301,1256792,975029,1095673,987318,1055079,122800,504306,0,611500,0,0,0,0,0
80,000422,2018-01-16,0.007407407407407529,0.004938271604938427,0.16397792947367826,5277.0,58528.877769514795,610,7170043,7630265,751235,524400,2453123,1967422,1259531,1313359,1292636,1123091,961755,631625,0,0,451763,1256368,0,814000
81,000423,2018-01-16,0.02414391667981719,0.024301720056809195,1.1509402039509973,69850.0,340888.09015763854,3032,205617833,285390569,644275,1253073,10055083,12043680,19411323,21921564,35829470,35369126,26478936,27835277,25036477,21234273,14738433,19080272,73423836,146653304
82,000425,2018-01-16,0.0304347826086957,0.021739130434782705,0.07863085994678164,68440.0,421438.412126559,3445,279462374,414497193,1035935,1222271,14010619,13159479,20717273,22854393,38337827,43419886,23638102,35765180,22153006,32363889,14400736,29254871,145168876,236457224
83,000426,2018-01-16,0.0009990009990010762,-0.0009990009990009652,0.25286120922098027,22055.0,138239.28761549777,1568,49813465,53691230,733740,1128579,6220818,7284337,9006303,7813705,9834540,7110288,8907171,6460389,5605219,7532578,2307129,3275078,7198545,13086276
84,000428,2018-01-16,0.01703163017031617,0.01703163017031617,0.20406158760243687,6623.0,54738.293563517196,405,3496530,5148392,294622,463090,1398398,1477199,451114,973026,432797,995759,0,258336,0,0,418000,415332,501599,565650
85,000429,2018-01-16,0.007547169811320753,0.008805031446540879,0.23535023907641148,4788.0,51457.477931964226,1142,10030936,9680954,1793977,1423438,2030188,2322008,1665386,1783237,1621812,1973650,738144,1475220,0,703401,0,0,2181429,0
86,000430,2018-01-16,-0.0265486725663715,-0.023230088495575174,0.30219455036258186,12432.0,420257.76228702377,895,16469865,30060604,806960,1057171,3843274,4567207,2904021,2399862,3835510,2175465,2566411,1164106,617501,316464,1336102,937388,560086,17442941
87,000488,2018-01-16,0.0404097894137736,0.02447353443369371,0.3255900154227638,45437.5,262769.1309863652,2914,169875207,204652926,1110264,1403406,13475545,12226662,16576824,18817123,25441414,28147949,21380774,24774954,15938167,13086458,9899819,13302722,66052400,92893652
88,000498,2018-01-16,0.01070336391437321,0.007645259938837912,0.23101708203750465,7908.0,46680.74085693691,801,8905620,9489087,568710,1302258,2270122,3508853,1852304,1332437,2639998,1745727,981386,228488,0,1371324,0,0,593100,0
89,000501,2018-01-16,0.04567600487210721,0.045066991473812434,0.33801340500100213,16980.0,103679.0013650828,2361,43446144,75437098,1090029,3243536,8711969,10425076,9888800,14461911,9783198,16430337,3558872,8266231,5282352,6317474,922112,1681469,4208812,14611064
90,000502,2018-01-16,0.013636363636363669,-0.0009090909090908594,0.6224949394678245,7791.0,45532.21907345875,312,4136455,2345753,264740,305944,1313654,1224696,639198,361675,760603,234450,0,218988,658800,0,499460,0,0,0
91,000503,2018-01-16,0.0023866348448686736,0.0014319809069212042,0.955261514744363,33696.0,404090.7396376301,1925,123207017,106062197,1024024,1791157,7554792,8648227,7994238,10651113,14079320,15815578,11041648,15681408,7114487,9595292,6544695,5814043,67853813,38065379
92,000505,2018-01-16,0.01674641148325362,0.014354066985646119,0.29952613159263647,11024.0,88003.24846860259,779,12608211,11865308,595316,850089,3416636,3512260,2482605,2721021,2315048,1710055,1770086,1058833,0,708770,0,1304280,2028520,0
93,000506,2018-01-16,-0.0013623978201634523,0.0,0.41369479217198996,10671.0,50781.469804997316,314,5357679,2776980,216940,340810,1833948,988145,1091118,354315,822407,652803,472696,440907,0,0,920570,0,0,0
94,000507,2018-01-16,0.007070707070707005,0.0010101010101009056,0.23377656278924824,17883.0,91288.66152171201,1794,49184504,37667580,1689316,1903625,8801769,8187362,8198598,6654556,9326084,8721788,5451595,4480834,6126150,2413371,4557562,1260626,5033430,4045418
95,000510,2018-01-16,-0.00696864111498241,-0.0011614401858304202,0.3058784669892557,11160.5,46476.67207112338,792,10899236,11608563,902199,895046,3986651,3097209,2355414,3415002,1964610,2377067,533310,1394239,731406,0,425646,430000,0,0
96,000513,2018-01-16,0.02213541666666674,0.027343750000000222,1.369729328361316,86746.0,300955.60935125186,3146,255862488,269688086,1349821,613225,11186001,9787955,20640122,19195128,41685269,48103664,33489503,41633016,25939037,28174494,20291002,22740791,101281733,99439813
97,000514,2018-01-16,0.04060150375939853,0.019548872180451093,0.1708358948893141,12806.0,54541.75614063174,1517,21986421,26001092,1210998,1543321,5696974,7632603,4955690,6558310,4757603,5803637,1626661,2664320,1001924,1333097,2187946,465804,548625,0
98,000517,2018-01-16,0.047451669595782064,0.04569420035149374,0.09613398677524018,84513.0,449683.03706716304,3533,326204727,365017111,1038279,845278,14335672,10766039,23032863,20112947,44896786,40900083,39778646,42366573,36500408,33928773,22053838,27985548,144568235,188111870
99,000518,2018-01-16,0.008620689655172376,0.00287356321839094,0.24126828803472208,7645.0,45176.38520483695,832,11771362,7430826,1043956,752445,3626687,2531778,2436547,1577787,2250724,1941720,992189,278400,0,348696,865473,0,555786,0
100,000519,2018-01-16,0.01189060642092743,0.014268727705112783,0.19256503168075453,11998.0,58075.81872867184,1909,27583370,32628307,2139089,1905484,7461650,9447245,6695120,7601158,4514250,6092379,2502911,2433509,2796217,2454668,889446,1405293,584687,1288571
101,000520,2018-01-16,0.007481296758104827,0.0,0.17364933587980472,7676.0,67210.96641391804,533,7237323,5225923,423143,565044,1953505,1721329,985592,850051,935371,715284,201500,200999,310310,771217,864103,401999,1563799,0
102,000521,2018-01-16,-0.0019493177387913674,-0.007797270955165692,0.1919814640973038,6126.0,52501.98525392103,714,8976010,8736156,386392,834703,2479176,2318192,1586271,2054386,2388745,1777479,752179,664352,1383247,0,0,0,0,1087044
103,000523,2018-01-16,0.04528301886792452,0.010062893081761004,0.4043136929045664,5614.0,42161.78720446496,386,2695942,4613924,290236,398657,1309519,1342743,520157,867618,272554,1092143,0,426543,303476,0,0,486220,0,0
104,000524,2018-01-16,0.010762331838565009,0.015246636771300448,0.43571738379964015,3381.0,18955.0358038562,654,2461672,4138273,216285,991188,1294950,2040637,717883,606517,232554,282999,0,216932,0,0,0,0,0,0
105,000525,2018-01-16,0.011333914559720881,0.007846556233652935,0.5146527942143977,34215.0,124840.7027550263,1989,76014705,69987031,989195,802608,7727009,10324742,14788640,9762505,21404949,17478237,10651348,10654467,5183503,4610875,3088412,4572303,12181649,11781294
106,000526,2018-01-16,0.0,0.0,1.5821341133410625,8517.0,1307105.6664056135,321,3856391,35845081,0,746657,0,2100865,96526,1714756,153360,1468263,942953,1181100,320920,661487,0,425850,2342632,27546103
107,000528,2018-01-16,0.015550239234449759,0.009569377990430672,0.19272874328740672,15174.0,79125.99903585338,1884,37494429,36222051,1097276,1699921,7607299,8791265,10322650,8942093,7813049,6469746,3425473,3959110,1018158,1721555,865389,1310356,5345135,3328005
108,000529,2018-01-16,0.027456647398844014,0.01734104046242768,0.23423690636226405,4164.0,35937.06140019825,873,6639937,7640920,1255700,546596,2457851,2808581,921709,1972836,1183516,792101,422697,483916,398464,1036890,0,0,0,0
109,000530,2018-01-16,0.0018518518518517713,-0.005555555555555647,0.20261002800386915,10770.0,80008.89387190479,710,13864506,9697890,375200,912906,2245949,3185145,1971933,1568341,3297639,1698938,2290413,1477687,1323380,343628,404460,0,1955532,511245
110,000531,2018-01-16,0.002577319587628857,0.0012886597938144284,0.48793021310136436,10114.0,47653.53037991257,252,4304355,2765941,185774,270698,1219121,989513,1309399,503836,687073,355370,514488,646524,388500,0,0,0,0,0
111,000532,2018-01-16,-0.001994017946161497,-0.0029910269192422456,0.4075970923095211,8064.0,56103.290129457484,605,9115873,5517922,411636,686611,2426511,2398862,1474425,1497626,1648118,516919,689450,417904,745387,0,920346,0,800000,0
112,000533,2018-01-16,0.0019230769230769162,-0.0038461538461539435,0.588844005530168,10360.0,120271.945803299,311,6917737,2102380,241832,185901,1347242,994884,2112293,546355,1619279,167440,471734,207800,319506,0,0,0,805851,0
113,000534,2018-01-16,0.013076923076922986,0.011538461538461497,0.7263941706889845,13155.0,126884.51646012052,320,6074337,8022945,186336,302782,1352883,1143004,1127019,576714,985839,2217294,508580,259578,0,761017,0,0,1913680,2762556
114,000536,2018-01-16,0.006521739130434856,0.004347826086956719,0.16534133223263464,6930.0,62417.50065783562,774,7133229,9821831,324101,2036137,1711947,2198718,1215727,1374666,835415,1725973,697620,1040369,393550,313080,463999,0,1490870,1132888
115,000537,2018-01-16,0.039611360239162785,0.002989536621823552,0.2637541537795673,35181.0,220434.80035138206,2579,109857594,138715506,528864,2064915,11266682,15073186,11320572,13853793,22119315,20766489,10877414,19495531,7283615,12707160,8149570,7623127,38311562,47131305
116,000538,2018-01-16,0.02061053859615014,0.027415905113746808,1.8773365873771675,82360.0,372543.4486256314,3003,284248789,297246996,16587,0,12069249,10647778,22890652,17373815,42186112,30422383,30607802,28754473,25243517,22281872,17054562,15176755,134180308,172589920
117,000539,2018-01-16,0.0020790020790022457,0.0,0.24272306875102548,2415.0,118196.24079449596,392,5107007,3615257,313309,344859,423681,1700558,249475,556820,827451,281204,454537,0,647959,731816,0,0,2190595,0
118,000541,2018-01-16,0.011025358324145529,0.011025358324145529,0.20428317825911868,7328.0,44270.98329299941,1973,12929910,24427202,894562,5337675,4295435,8582057,2679359,3004419,3370214,2738317,416340,747455,364000,1765846,0,1745438,910000,505995
119,000543,2018-01-16,0.001988071570576455,0.00397614314115291,0.16845882037745388,7056.0,88102.09026878668,892,9552222,11206893,437700,1707338,1448585,2672601,1338394,1949591,1288233,1327082,1215176,445449,0,318274,923389,0,2900745,2786558
120,000544,2018-01-16,0.010366275051831186,-0.0006910850034553828,0.6274766830527689,8664.0,52387.49782009958,531,8421420,3771178,626905,388378,1765077,2087163,1851788,298402,2302629,186967,527810,289000,770811,0,0,0,576400,521268
121,000545,2018-01-16,0.0060975609756097615,0.0,0.1658870533309032,10416.0,207904.44533377868,880,26232392,18562746,636895,1196190,3561396,4185025,2584762,1982437,2133776,3895333,1406317,2367713,1079581,787930,2898169,943046,11931496,3205072
122,000546,2018-01-16,0.0051948051948051965,-0.004545454545454519,0.43727694841445675,10724.0,132648.71124871343,1243,41309474,21026067,854642,862752,4958472,3774681,4824151,3987358,5786848,5952063,4507855,1378517,4528367,1670069,2274652,872052,13574487,2528575
123,000548,2018-01-16,0.0015600624024960652,0.0031201248049921304,0.3095425467349319,9002.0,60223.5135283158,428,6354418,4755166,408349,458694,1763111,1604528,790950,1056850,1649734,787049,473377,460445,394830,387600,0,0,874067,0
124,000550,2018-01-16,0.0,0.0,0.946044396421225,12565.0,293600.446253072,359,22331073,0,779030,0,2929440,0,2787670,0,2661985,0,753900,0,1042895,0,0,0,11376153,0
125,000551,2018-01-16,0.008750000000000036,0.006250000000000089,0.44588399037783727,8070.0,39315.08183035083,321,3421155,3835602,350830,248695,1183823,652332,1146180,1050142,531022,1329562,209300,245024,0,309847,0,0,0,0
126,000553,2018-01-16,0.03329369797859694,0.024970273483947647,0.349421127801543,29146.5,138071.25649339412,2320,81656596,84389041,1559412,1003162,11819021,10117343,14675273,11959636,19987248,17680461,10404876,9714581,6184891,6609353,3205391,2148755,13820484,25155750
127,000554,2018-01-16,-0.009501187648456089,-0.01187648456057,0.22797963989012374,16720.0,84790.15744581494,1365,39079578,23153892,1093303,1221098,6506509,6382491,7028932,4439093,7200754,4459693,6415573,1758560,3564136,2461781,3019791,1383120,4250580,1048056
128,000555,2018-01-16,0.0042194092827005925,-0.005063291139240533,0.37959584218857473,11800.0,61089.52047097046,974,14072357,12268100,858481,912372,4637210,4262828,3105193,1976700,2053170,2411681,1034346,1301975,688617,335120,0,497700,1695340,569724
129,000558,2018-01-16,0.017786561264822254,0.001976284584980448,0.14782419164736313,10040.0,51721.09624545949,1173,16220090,12815089,961678,976327,4841012,5204812,2999570,3025196,2807954,1982087,2235060,424890,986093,795377,0,406400,1388723,0
130,000559,2018-01-16,0.009365244536940764,0.005202913631633832,0.24098236493235867,9660.0,58399.80865887386,1591,22334726,21128358,1266257,2263350,6116074,6410070,4445406,3913644,5727630,3997442,426777,2021237,2219376,998511,1386412,940777,746794,583327
131,000560,2018-01-16,0.0349726775956285,0.012021857923497192,0.27498762485101674,13770.0,59950.26581949816,1107,15528268,19314008,1000636,1024153,6332748,4820418,3400407,3718731,3145488,3466109,932949,2222595,716040,399900,0,2267565,0,1394537
132,000561,2018-01-16,-0.00959232613908878,-0.010791366906474753,0.30264060982953495,4956.0,29696.362452341786,759,6812125,3023233,1563776,827461,2059103,1266309,1064313,460585,956454,468878,753479,0,0,0,415000,0,0,0
133,000563,2018-01-16,0.007317073170731714,0.0024390243902441266,0.10894437188512017,4100.0,96747.70798323954,1420,16316425,18112638,789531,1805513,2273728,5291480,1924740,2062933,3338425,1962869,1368091,1725751,2161190,358852,2101370,844896,2359350,4060344
134,000565,2018-01-16,0.004172461752433909,0.0013908205841446364,0.3929048521103568,7240.0,36807.799771461854,334,4282010,2626538,353969,375914,1407403,1033174,883661,610408,673317,356161,963660,250881,0,0,0,0,0,0
135,000568,2018-01-16,0.013257837315288068,0.02402983013395943,1.2981836982508341,95654.0,452431.82972455403,3113,344011867,330552996,845692,890945,7951270,8041801,21513168,21703673,44754398,42028861,39443314,32664757,23459278,26439101,21048060,21136876,184996687,177646982
136,000570,2018-01-16,0.007366482504604033,0.0036832412523020164,0.2712574595748474,5190.5,49985.34924253078,400,4381279,3910843,112799,495608,1558619,941484,1061602,774792,484217,975970,0,220296,741588,0,422454,0,0,502693
137,000571,2018-01-16,0.007751937984496138,0.0019379844961240345,0.1361810554606363,1042.0,38535.26745989251,1438,8431542,9539307,363555,1522783,1727362,3106365,1258847,2231132,2971116,1918305,1208824,760722,0,0,0,0,901838,0
138,000572,2018-01-16,0.00877192982456143,0.006578947368421018,0.16215312187982817,5532.0,109959.8117259657,791,12756637,12700891,730811,918487,2496112,2369173,1685052,1953906,1194888,1311033,2474455,1031862,1314231,337913,402084,923457,2459004,3855060
139,000573,2018-01-16,0.04873294346978563,0.02923976608187151,0.13040735051232116,14040.0,79038.9171980671,1551,25534440,30587784,1004104,1481182,5844447,7954403,5336556,7375151,5442662,6359183,2013017,3354226,1785670,1816878,0,406528,4107984,1840233
140,000576,2018-01-16,0.0023571007660578847,0.0011785503830288313,1.0445460983768993,8495.0,181359.1664875921,263,2963804,13804200,289779,149385,969545,748045,1021118,441552,376567,271882,0,0,306795,1397879,0,1304331,0,9491126
141,000581,2018-01-16,0.06289308176100628,0.04821802935010466,0.43770589663534076,53240.0,351418.816997106,2970,190124653,276953636,1246954,1398918,12006722,12898664,16637181,18862462,30518505,27750274,23241780,25095625,17020428,20135329,10143990,17495516,79309093,153316848
142,000582,2018-01-16,0.011247443762781417,0.009202453987730008,0.37133107026117435,9960.0,43736.798774780334,693,9219726,8861702,839553,789423,2978091,3065270,2871954,1871576,1669811,1756751,468287,887161,392030,0,0,491521,0,0
143,000584,2018-01-16,0.0035637918745545782,0.002138275124732747,0.551088895044,29536.5,132543.8356940283,648,22027449,18177935,418342,362099,5698234,2243540,4592387,1233158,3598226,3140162,2842334,2078601,1336592,996487,421500,423600,3119834,7700288
144,000585,2018-01-16,0.0,0.0,0.09616758695778405,14663.0,189475.11200784877,2438,58227207,92822770,676277,3176253,5789827,15305214,5608041,13023117,5484583,13300820,5107466,8330658,4005008,5865195,5372719,1954160,26183286,31867353
145,000586,2018-01-16,-0.005643340857787726,-0.007900677200902928,1.6979932782079867,14140.0,212517.39796259784,108,6417533,1591960,100731,83188,330781,309866,360492,185333,483426,238202,681813,474889,2033590,300482,400050,0,2026650,0
146,000587,2018-01-16,0.02092050209205021,0.019525801952580135,0.14098611064903918,40264.0,298149.0815853685,2599,103060002,187911010,660076,949553,14568043,15442644,18414447,15622075,19929322,22609359,7532450,10078118,6045883,7478103,2719040,7133526,33190741,108597632
147,000589,2018-01-16,0.00219780219780219,-0.00219780219780219,0.21222082547555746,4550.0,35105.2462847208,459,4027116,4310986,292989,711766,1602364,1508479,762729,745534,1067578,797280,0,228765,301456,319162,0,0,0,0
148,000590,2018-01-16,0.007676203768318235,-0.0006978367062107083,0.9515744853117938,7220.0,40954.1284707571,226,2546023,1564855,265310,136151,937813,732408,447772,116516,466128,255876,0,0,0,323904,429000,0,0,0
149,000593,2018-01-16,-0.009533898305084776,-0.008474576271186418,0.24611641516910238,12122.5,56342.85762250216,1472,28670809,16252349,1571096,1380900,7926092,5234871,7675242,3781057,5403282,4517852,2402048,542879,700875,348390,1335944,446400,1656230,0
150,000595,2018-01-16,0.013752455795677854,0.017681728880157177,0.20380435942695943,9315.0,53214.865538869475,624,8491920,7451893,779207,465976,2906352,1921146,1578058,1584243,1558619,1103914,674404,503807,0,1414687,475280,458120,520000,0
151,000596,2018-01-16,0.051748251748251706,0.06125874125874109,1.4203586357958764,52605.0,426986.1438279066,2535,147620851,248359887,1117450,1236007,10241308,12135498,19798746,17502028,23436478,23444696,15786776,15276008,13978179,14147406,8844895,15028400,54417019,149589844
152,000597,2018-01-16,-0.02626970227670755,-0.03239929947460585,0.2930674938878175,17920.0,126662.51394523028,1519,53786450,30551040,859497,1065970,7182080,5739324,6569283,5109898,10304369,8126949,6525047,4369976,4482215,2713400,2601613,0,15262346,3425523
153,000598,2018-01-16,0.003759398496240518,0.001879699248120259,0.1564004847598742,6942.0,63600.622721706495,1158,15435038,17436117,971295,1070066,3160660,3937823,3187221,5685710,3308416,3943308,1731877,1699560,372520,0,461183,488610,2241866,611040
154,000599,2018-01-16,0.003252032520325132,0.003252032520325132,0.27405001757267644,6210.0,57376.34918772039,503,6431785,4630133,487926,534319,1807104,1489436,1735748,995652,104160,757866,235077,201432,679000,651428,0,0,1382770,0
155,000600,2018-01-16,0.0074349442379182396,-0.0012391573729862992,0.20636844411382302,10543.0,83320.8259605282,1530,30521090,23585491,1330236,1735679,6174644,5995957,5706521,5073602,5531942,3884690,3337969,2784526,3056912,2007636,863227,1294401,4519639,809000
156,000601,2018-01-16,0.0028248587570620654,0.0014124293785311437,0.37851642732900853,9870.0,99536.00029926974,349,7933479,4824929,247340,518986,1083728,1141609,1378999,1269348,2778055,617974,534930,0,0,0,498427,0,1412000,1277012
157,000603,2018-01-16,-0.006650041562759723,-0.006650041562759723,0.34629888663175845,8421.0,47747.25783573758,1208,16536959,10582696,4262343,674369,2655749,3809596,2192572,1888139,3924589,2219262,949504,1477481,1377322,0,0,0,1174880,513849
158,000605,2018-01-16,0.00935608145294431,0.004402861860208995,0.5657905655816673,9130.0,49563.09649317819,1031,11288894,12136088,1684710,680781,4194489,4498341,2625570,2515064,1536018,1782922,766337,971610,0,660459,481770,0,0,1026911
159,000606,2018-01-16,-0.0034883720930232176,-0.0046511627906975495,0.5095841799945269,8580.0,61857.935391981635,284,4833503,3172900,376227,278825,1135012,971091,545697,884925,565697,114779,735348,516300,973050,0,0,406980,502472,0
160,000608,2018-01-16,0.028831562974203306,-0.01365705614567525,0.20585644112333557,5312.0,166093.22869472203,1030,31764957,10908461,1553458,842350,1762518,2536184,1629128,2761446,2536026,1760532,1474638,464544,681180,337662,1290146,400800,20837863,1804943
161,000609,2018-01-16,0.030852994555353952,0.017241379310344973,0.42025116012847985,11120.0,47382.851909693905,687,8254404,9699896,424285,636056,3282473,3384790,1603565,1940765,889998,2349779,1462339,1059706,0,328800,0,0,591744,0
162,000610,2018-01-16,0.06292352371732823,0.02516940948693125,0.3494051355180923,13741.0,92741.47944703064,877,14707694,21108335,660267,589605,4308100,3201521,1987639,3665046,3409371,3245291,1387877,2052106,1262120,1659487,445200,448329,1247120,6246950
163,000611,2018-01-16,0.00708215297450443,-0.0028328611898016387,0.34094975192710764,9139.0,47488.991160267105,428,6570196,4117554,280553,615928,1842368,1679499,1873494,1080227,1170018,389400,486389,0,324544,352500,0,0,592830,0
164,000612,2018-01-16,-0.023474178403755763,-0.005868544600938885,0.2071095857807451,8590.0,51875.47620633218,1695,18349703,23616071,776114,2988854,6581860,8080306,4139574,3553012,2555292,3515342,1396867,1893573,985357,1126783,1302510,1778201,612129,680000
165,000613,2018-01-16,0.04177545691906004,0.03524804177545682,0.39520461175896665,11790.0,85290.91938394374,375,4159267,7778468,289856,333447,1225311,2186861,533264,1451018,298536,1739619,476100,943106,0,691740,0,432677,1336200,0
166,000615,2018-01-16,0.10064043915828003,0.08691674290942375,0.18927710873739084,70990.0,673819.9269161759,3347,259239870,316187261,782690,742569,13798397,12103666,24335356,20869786,42338736,41174152,30511754,33763814,25472846,25276556,13682766,17316310,108317325,164940408
167,000616,2018-01-16,0.03064066852367686,0.01671309192200554,0.10605065186713686,7665.0,123502.50101662418,1149,18259810,25694242,1152096,990150,4178981,3513056,2742661,2901425,4629677,3582474,1305341,1953152,1401139,1720605,1328719,419400,1521196,10613980
168,000617,2018-01-16,0.010086455331411948,0.014409221902017322,0.5635774766216579,5638.0,33857.40297003927,606,6776183,4185260,675539,513248,1949852,1763783,1983193,1377174,1460319,531055,284280,0,0,0,423000,0,0,0
169,000619,2018-01-16,-0.01251564455569465,-0.017521902377972576,0.3777190522819126,7119.0,49933.1857244518,447,5080923,2829182,526875,722808,1445841,927606,910756,743518,699847,159800,0,275450,723610,0,0,0,773994,0
170,000620,2018-01-16,0.04395604395604402,0.04552590266875978,0.1853873645152709,11610.0,120700.40613601418,1183,12947258,36312914,1132108,966286,3369667,6015534,2079390,4907579,3033769,6012443,1668396,1680697,661288,2119122,0,2699566,1002640,11911687
171,000622,2018-01-16,-0.002169197396963307,0.006507592190889255,0.24482313413606008,5060.0,34886.248584093344,354,3956317,2360140,264481,204329,1522845,1479949,705539,320902,489846,354960,666438,0,307168,0,0,0,0,0
172,000623,2018-01-16,0.024182713837886283,0.016121809225257744,0.4376005437613418,36328.0,341171.4377257096,2604,126894710,177665475,886703,1629317,10922294,14262997,13152020,13572148,24220768,23774782,12987977,22516880,9033450,12921776,7958137,13100207,47733361,75887368
173,000625,2018-01-16,-0.0007704160246533309,-0.005392912172573205,0.2744016384919791,19485.0,252932.39699152613,2238,69587312,90483767,1065839,1889514,10124629,11205799,9284189,11654277,12419821,11721421,4818647,9677935,6193294,1714160,5455978,6028938,20224915,36591723
174,000626,2018-01-16,-0.009577015163607316,-0.009577015163607316,0.4617771228941924,12390.0,69552.05700730396,736,12433708,11106606,548913,925033,2229409,3781069,2281991,1605557,3636512,2052669,1535203,761295,349680,710637,967880,0,884120,1270346
175,000628,2018-01-16,0.016766467065868262,-0.008383233532934131,0.3676777739049463,10790.0,43700.52687888751,515,8106836,5634628,406799,765679,2260485,2101148,2219030,1584681,1865177,1183120,235410,0,629885,0,490050,0,0,0
176,000630,2018-01-16,-0.0035460992907800915,-0.007092198581560294,0.053967540376908534,9273.0,205883.4640898139,2775,80955629,66765995,1511261,2627462,8846910,11684371,11081161,8565119,8418246,7734153,6892044,4209465,4930243,1681273,3050587,1346134,36225177,28918018
177,000631,2018-01-16,0.032327586206896575,0.02155172413793105,0.10119073726693582,15184.0,134348.68771672098,2112,51508361,49710546,1837887,1479274,10314621,9403772,8294717,8190374,8828941,10297982,6852855,3742623,3949110,4817760,2734022,2785281,8696208,8993480
178,000632,2018-01-16,0.015437392795883298,0.013722126929674117,0.25213281817711825,7029.0,37558.642969547866,534,5215484,5674647,195921,694230,1795888,1797666,1396512,2077218,834433,879337,221130,226196,350400,0,421200,0,0,0
179,000633,2018-01-16,0.016145307769929396,0.013118062563067578,0.4063421878550253,16047.0,63149.67923067764,594,12532143,7214640,402833,402785,3653047,2288630,2193255,1917016,3853860,1025337,696897,831445,331980,749427,428400,0,971871,0
180,000635,2018-01-16,0.004461440407903083,-0.005736137667303964,0.5238806569783301,15860.0,74245.272488561,897,23823513,14118629,566779,720214,3380045,4109537,3545756,3405037,11353292,2664894,748204,212760,1902575,989097,949800,0,1377062,2017090
181,000636,2018-01-16,-0.017050298380221762,-0.0341005967604433,0.20952102344158063,42333.0,309119.90935813804,3142,227984729,181665888,667166,1765170,9965534,17735371,16436097,18412142,29064219,29368422,22315895,25201234,16002060,19356347,18078704,10383983,115455054,59443219
182,000637,2018-01-16,0.0,-0.004878048780487809,0.17405771129565845,18300.0,102967.90919233546,1249,27291693,32404498,612508,1329188,4705712,8027755,3971047,6567006,6156554,6178310,1546787,5304868,1753092,1012600,4902371,423583,3643622,3561188
183,000639,2018-01-16,0.005732152162584603,0.0005211047420530246,0.5836374067416331,3861.0,118739.42613720117,1082,14776409,18450167,2190740,761237,2340282,1530513,1995199,1953336,2477895,1522761,1033168,778823,333198,2961945,1420088,1340351,2985839,7601201
184,000650,2018-01-16,0.0018939393939394478,-0.0018939393939395588,0.17066096944411016,5290.0,91917.87697645083,958,13628005,7209008,1264362,1327187,1833918,2445140,1590028,1344153,2717024,999866,1244745,470150,0,622512,913212,0,4064716,0
185,000651,2018-01-16,0.00499075785582237,0.01201478743068396,0.9016649222637364,511500.0,1489220.3190859526,3601,1701869772,1469151857,16801,10929,984059,462274,9205134,4643675,33843272,28874711,57915983,48085592,63850550,43610957,71375765,48731874,1464678208,1294731845
186,000652,2018-01-16,0.011086474501108556,0.008869179600886845,0.13278749336280754,6839.0,45061.632199638036,1156,10178030,9455459,1392087,1802161,3956840,2375684,1615288,1099823,1431595,1447090,921898,1066973,0,0,860322,887602,0,776126
187,000655,2018-01-16,0.006441223832528209,0.0032206119162641045,0.20494438416765118,7804.5,53689.34484161765,918,11658455,9734286,731682,1231672,3489991,3387361,1972029,2025517,2552443,1720106,1190781,427763,327698,386242,459331,0,934500,555625
188,000656,2018-01-16,0.037950664136622514,0.034155597722960174,0.11397249416068919,33702.5,428450.7173743187,2152,130579353,173054381,930611,1056782,11986898,8767731,10418464,10740408,17402892,16945564,9853290,14313030,7086239,9495220,9529121,6189620,63371838,105546026
189,000657,2018-01-16,0.013234077750206685,0.007444168734491274,0.42520320643553766,12210.0,57925.36395762796,808,12795503,9479014,768839,598858,4185991,3664376,2555784,1721288,1826387,1638130,1204874,933633,0,0,826387,922729,1427241,0
190,000659,2018-01-16,-0.012499999999999956,-0.0050000000000000044,0.14081528023943363,12552.0,127071.90671718604,810,25697066,18527203,365747,768753,3125435,3858451,1982142,2674223,4379407,5053997,2100458,1842244,1085315,1364275,2277212,906411,10381350,2058849
191,000661,2018-01-16,0.00950181111869397,0.020526011864139937,4.124534840174565,58938.0,332639.52091743133,2136,134550028,201310864,0,8696,7205705,11702319,16085141,19639124,19212669,31801667,14039738,16714210,13723482,14626393,7648991,14494228,56634302,92324227
192,000662,2018-01-16,-0.006734006734006703,-0.0060606060606061,0.8408495421682722,5936.0,219376.75610105338,311,3401435,6380332,177623,423624,969548,850203,677403,762089,1358561,496031,218300,0,0,0,0,0,0,3848385
193,000663,2018-01-16,0.028358208955223896,0.015920398009950265,0.5320236880703035,20190.0,71381.12983661925,1431,30325922,27491098,733726,1000138,7671033,7699515,9134015,5397191,7159462,5045769,2393207,2553992,2101540,306450,0,1820030,1132939,3668013
194,000665,2018-01-16,0.011088709677419262,0.007056451612903247,0.38680204931993767,5970.0,57957.70425328738,657,5670708,9725425,728504,1008123,1407103,1570939,1131858,1776784,2103843,1774911,299400,425375,0,726065,0,1290938,0,1152290
195,000666,2018-01-16,0.006562342251388298,0.0035335689045936647,0.4894631639552262,13940.5,162520.5477142828,1638,41194303,41727035,1239629,1605243,6264589,6816615,6886536,6615688,8830158,4388100,5103313,5244079,3173079,664898,2193070,1641032,7503929,14751380
196,000667,2018-01-16,0.05044510385756684,0.017804154302670572,0.07398568733048767,16800.0,171421.68313060005,2088,62982907,78224614,1458306,1413780,7927951,8954396,7567813,8892832,9892660,11624327,5945654,6194009,8079134,9408649,2644743,3989113,19466646,27747508
197,000668,2018-01-16,0.015614834092387841,0.025374105400130187,0.76051425998373,9222.0,43076.63628166462,408,5058935,3729134,398250,382607,1788206,1477853,1123086,492049,1092057,865688,0,0,657336,0,0,0,0,510937
198,000669,2018-01-16,-0.006521739130434745,-0.010869565217391353,0.4494954772756993,9653.0,53143.73659221816,942,15453091,9843762,968771,1065307,3991033,3607108,3043505,1537656,3305954,1639438,2250779,1994253,612495,0,0,0,1280554,0
199,000670,2018-01-16,0.003278688524590345,-0.0016393442622950616,0.12451816554354761,12400.0,69676.2809075541,2406,49208226,33706349,1883465,2489070,11010986,10581122,9839146,7631476,10300005,6589980,4994048,1821950,3059044,3086948,2223785,881365,5897747,624438
200,000671,2018-01-16,0.05681818181818188,0.03750000000000009,0.15791889137604787,42048.0,402245.4011554013,3125,234515668,256474983,2352253,991090,19043293,12322906,18185904,13690094,23809080,25186996,19648651,19883572,15956779,13529507,16885779,14145788,118633929,156725030
201,000672,2018-01-16,0.0265486725663715,0.01504424778761071,0.2031087909661764,49493.0,261616.07537535293,3100,171093943,197718826,1154595,1190417,14660411,12393874,19484285,19655611,32183447,36690908,22311037,25115416,13053726,15466666,10236738,15331794,58009704,71874140
202,000673,2018-01-16,-0.007587253414264028,-0.0022761760242792084,0.4604605135223451,14443.0,186238.30768043987,819,22783082,33859540,786949,451965,3712082,2809489,3155954,2569747,5166380,6011827,2072561,2385503,1713778,1410986,1308070,987360,4867308,17232663
203,000676,2018-01-16,0.01928374655647369,0.009182736455463747,0.4151879434488384,8247.5,32070.202292580045,688,5933263,6222825,378357,1150411,1357312,3536843,1207340,825395,2239554,414840,426200,295336,324500,0,0,0,0,0
204,000677,2018-01-16,0.007672634271099765,0.0,0.1952437894340788,5332.0,54018.907632333096,401,5068576,2944884,191641,783347,611180,1169538,659027,441306,1692119,550693,436859,0,340470,0,494615,0,642665,0
205,000678,2018-01-16,-0.09673913043478244,-0.08260869565217388,0.20808144050078795,18524.0,202234.934535384,1960,48376838,66337999,816787,2016314,6616396,11194668,7753060,9353921,10038125,12001081,7797172,7789784,3681437,4852879,3856524,2236224,7817337,16893128
206,000679,2018-01-16,0.004243281471004057,-0.0028288543140029265,0.4517733783290433,10620.0,49216.36543152034,244,3738563,2102903,208402,246580,1084525,1105711,951864,503269,303312,247343,0,0,721719,0,468741,0,0,0
207,000680,2018-01-16,0.016563146997929712,0.008281573498964745,0.15020174877171083,9291.0,67851.9138750674,1035,14050981,16339994,804333,1564941,3422873,4000107,1788986,2449972,2334796,3805163,2014519,2239736,1772723,703671,942752,951564,969999,624840
208,000681,2018-01-16,-0.01522309711286085,-0.01364829396325462,0.38326431312212944,24115.0,168847.85537879248,2478,106917168,54900410,804419,1109408,23341773,10161715,12439284,10296326,12525465,10469273,8446359,5371190,3361144,4179731,3617865,3107857,42380859,10204910
209,000682,2018-01-16,0.006493506493506551,0.0021645021645020357,0.2415927103994365,7020.0,49256.32211529367,365,4574222,3991422,421035,444684,1443779,764505,635600,809349,856579,1410084,449585,234500,303645,328300,463999,0,0,0
210,000683,2018-01-16,0.0034129692832762792,0.0034129692832762792,0.08002961170173503,8672.5,138201.14287788802,1348,27204348,18473911,1309628,1174254,4418417,5593679,2420077,3568962,4596000,3162943,2620409,739155,635858,623200,465805,411820,10738154,3199898
211,000685,2018-01-16,0.00685602350636616,0.0019588638589618235,0.25230634486862236,4086.0,64209.99785317735,1638,18924571,17567035,1033207,2901016,1953016,3560659,8281700,2613179,2890026,3319333,892980,1112261,730045,312015,1307097,1299254,1836500,2449318
212,000686,2018-01-16,0.015312131919905658,0.0,0.22081011992278105,11050.0,115215.76869649025,1479,35099337,28285160,951740,1772413,5197651,7327803,5327646,3696141,3670773,5083703,3426692,2456759,3115116,2398411,2982151,0,10427568,5549930
213,000687,2018-01-16,0.015579357351509282,0.012658227848101333,0.36858292747865906,10390.0,68706.27261550195,776,12340275,12370076,622688,653180,3227291,3231246,2683485,2013257,2966310,2380791,1604839,1278683,713937,1047104,0,0,521725,1765815
214,000690,2018-01-16,-0.0022172949002217113,0.0022172949002217113,0.23056716212181033,27060.0,146307.43069906355,1531,49198429,66971540,794940,1340912,4529242,7148678,8123433,8843037,12618898,14676371,5145170,10337401,3932748,5823065,3552364,3615811,10501634,15186265
215,000691,2018-01-16,0.0,-0.01749663526244949,0.39129405049223187,10374.0,41328.17137494901,360,4246110,3325709,200651,422550,1892517,1488288,631078,938027,713754,476844,213890,0,0,0,0,0,594220,0
216,000692,2018-01-16,-0.010729613733905574,-0.006437768240343367,0.21668947490780913,9260.0,56804.645306808,462,8777001,4593111,349323,539993,1372027,2425582,1783184,876558,1852147,519478,1476514,231500,1092742,0,851064,0,0,0
217,000695,2018-01-16,-0.04026845637583887,-0.034515819750719046,0.2988841509876164,9980.0,57492.540014567174,1221,15311064,17971355,1395265,1130065,4604296,4844870,2786901,4104468,3703194,3346979,1335538,1785552,1015428,1091532,470442,0,0,1667889
218,000697,2018-01-16,-0.012093023255814073,-0.005581395348837281,0.6103895431698295,19467.0,101809.17679273394,1241,35067334,29612956,808764,820333,5654696,6117687,5064730,5046573,8702313,5914952,4845904,4260899,2650776,1730802,2260818,1348454,5079333,4373256
219,000698,2018-01-16,0.0034305317324183626,0.0017152658662091813,0.2365199813233754,9392.0,71769.12895243455,607,8839810,9273010,277685,880578,1418010,3001453,1933559,2080672,1564176,1315054,985530,938081,322850,1057172,0,0,2338000,0
220,000700,2018-01-16,-0.0035842293906810374,-0.005376344086021501,0.20429769119935523,5022.0,45645.75670656913,746,7775628,5023368,1061625,1114751,2047408,1799317,1589621,1239241,1091683,652272,430160,217787,609932,0,0,0,945199,0
221,000701,2018-01-16,0.003058103975535076,-0.0020387359836901986,0.32729771864917306,4920.0,41578.25583750372,898,8036635,7050705,908598,1501253,2279955,1496140,1713686,1987685,2100711,572631,231475,573006,305350,385135,496860,0,0,534855
222,000702,2018-01-16,0.0,0.0028985507246375164,0.2580427297352344,3460.0,39458.998011315416,715,7633840,4982624,731182,466895,1614546,2390997,2224168,963719,1877528,945733,235620,215280,344421,0,0,0,606375,0
223,000705,2018-01-16,0.003722084367245637,0.002481389578163684,0.3714419652443573,4040.0,30752.362507809918,470,3608742,2820375,769741,252737,1488821,1566177,449342,665756,416038,335705,0,0,0,0,484800,0,0,0
224,000707,2018-01-16,-0.00891265597147961,-0.010695187165775444,0.26280733844020954,5620.0,38421.09859780206,455,5271873,2858092,398530,509230,1682745,1081612,1252171,918064,872827,138814,280000,210372,336000,0,449600,0,0,0
225,000708,2018-01-16,0.0062388591800355275,0.0035650623885916666,0.4478304726699095,11290.0,55825.210813768164,627,8297574,9796658,390782,721731,3029661,2859515,1579883,1486813,1544182,3290345,245686,764445,303163,673809,418117,0,786100,0
226,000709,2018-01-16,0.0050761421319796,0.0,0.07937037062023394,8898.0,207877.0986932751,2482,65882154,68774583,2153521,2728565,8117424,9334894,8304648,9055707,8368664,8044752,3129045,3732792,5359983,1957227,7086480,1678631,23362389,32242015
227,000710,2018-01-16,0.007892659826361559,0.006116811365430186,1.444233614374098,20180.0,94667.92519626784,1231,29849888,23991625,663782,665690,6506417,6477979,5707636,4327907,5872973,4364372,3474578,2914091,1107050,744230,1290671,1209256,5226781,3288100
228,000711,2018-01-16,0.019704433497536922,-0.0008210180623973162,0.42253927006779896,14676.0,145971.2493654051,831,27927108,19567212,816765,571779,4602400,2999003,2765573,2785462,2819820,2804246,2707303,1260611,2152096,2208437,2722979,3065930,9340172,3871744
229,000712,2018-01-16,-0.0012539184952977678,-0.010031347962382475,0.4548967215709535,11179.0,83711.82051397125,1229,24832296,20589243,738122,1628180,3902756,5757598,3311631,4604028,4741210,3784894,3830658,1235852,3114059,2620096,1790528,0,3403332,958595
230,000713,2018-01-16,0.016566265060240948,0.004518072289156683,0.2871667991108645,3335.0,34545.88275440376,534,3924669,3819526,679401,373413,1177458,1312668,776625,411336,1021981,1085449,269204,0,0,636660,0,0,0,0
231,000715,2018-01-16,0.007430997876857859,0.002123142250530785,0.8564091052502626,8032.0,55135.424874777374,120,1463518,924855,176649,136046,367461,377503,56640,119322,151984,0,256224,291984,0,0,454560,0,0,0
232,000716,2018-01-16,0.0017857142857145014,0.0,0.17519157830248183,5620.0,72732.25184928523,1022,10836572,14063368,849638,1100894,3236352,3809761,1211289,2013417,1724537,1929275,511926,790582,1028860,1441948,0,487199,2273970,2490292
233,000717,2018-01-16,0.003658536585366079,-0.004878048780487698,0.14096126516838303,47270.0,933896.3575779526,3393,321843249,334209564,1790347,1138046,14614359,15809927,16704069,19546669,33609999,38216400,22270290,30420407,17233013,18636744,15932699,13079293,199688473,197362078
234,000718,2018-01-16,0.07554671968190863,0.029821073558647937,0.09817019714092719,35657.5,239173.66750474705,2638,117924039,158743536,1367697,1270217,8750539,11931723,11838564,16751432,19605563,32004569,13133706,16589262,11893246,13436236,9771844,9564326,41562880,57195771
235,000719,2018-01-16,0.0044296788482836025,0.0022148394241419123,0.3133056950100801,3624.0,25453.25024293428,831,5917108,3647392,1260309,569738,2080357,2260306,895306,593730,800571,223618,563815,0,316750,0,0,0,0,0
236,000720,2018-01-16,-0.004576659038901698,-0.004576659038901698,0.22165689720282855,8740.0,70573.36428899918,388,6694930,3135073,383416,379181,1902184,1442716,832200,1005877,1513535,307299,262800,0,621851,0,0,0,1178944,0
237,000721,2018-01-16,0.020754716981132182,0.007547169811320753,0.21852436499853903,7995.0,44752.810199106614,588,7021872,6052571,335522,715789,1519354,2551945,1703068,1030190,1191912,1246398,1423217,508249,0,0,848799,0,0,0
238,000722,2018-01-16,0.0034843205574914826,0.006968641114982743,0.41777209769160933,5220.0,29430.33469823608,424,3170491,3270951,297147,715201,1114205,1325035,406420,791431,1152620,439284,200099,0,0,0,0,0,0,0
239,000723,2018-01-16,0.0030030030030030463,-0.010510510510510551,0.1566071226685655,2664.0,70874.63546001942,1812,24740434,17069241,1040912,2053899,3770315,3736002,5398641,2779348,5849069,3799019,3012841,1915463,2473451,0,1383819,903236,1811386,1882274
240,000725,2018-01-16,0.007886435331230235,0.001577287066246047,0.10581917245181323,640452.0,3030966.686554798,3602,2543021289,3019184906,636,6360,767137,560188,6378248,5040535,29382356,29149028,47676889,47316347,54039010,50084858,52192548,65410344,2352584465,2821617246
241,000726,2018-01-16,0.02104300091491318,0.0027447392497714773,0.3510130341672959,9873.0,47174.2684615358,969,13929161,9366214,802490,1156031,4175552,4206213,2444393,1577489,3538518,1572752,948244,0,985393,381353,488571,472376,546000,0
242,000727,2018-01-16,0.0040322580645162365,0.0040322580645162365,0.06313350154276677,4980.0,68765.14183780426,1559,13677363,12204179,952699,2692412,3380353,3349454,1649593,1691136,1729024,716790,2041838,1507252,768304,392832,1430712,0,1724840,1854303
243,000728,2018-01-16,0.026213592233009564,0.005825242718446422,0.2314626805469221,20760.0,129414.69614390102,1981,56359613,55608384,815544,1765379,7154380,10502332,8054288,10462692,10848330,8568115,7643911,8921415,4779954,4443529,2719399,2834247,14343807,8110675
244,000729,2018-01-16,0.05797101449275366,0.05797101449275366,0.15180273062859947,33411.0,594949.4313150987,2504,173182764,193304831,2261874,846235,13138510,8041654,15348983,10093262,20720276,17101519,13549858,12635014,11231697,15631324,9694503,14591304,87237063,114364519
245,000731,2018-01-16,0.006510416666666741,0.005208333333333259,0.24571038065944542,15420.0,104546.68729620743,977,22407584,23201999,806916,862348,4431969,4983219,3461375,3246033,3366185,3313535,3834880,2672595,2405364,2076401,1319766,1843047,2781129,4204821
246,000732,2018-01-16,0.06960556844547572,0.06960556844547572,0.6917814538338514,187935.0,2964811.289561339,2493,846431800,1036356660,599697,337136,6171727,5340144,8833158,9967974,21024549,26439790,20633791,28807606,22339946,24612870,26153763,23548359,740675169,917302781
247,000733,2018-01-16,-0.000717875089734421,-0.002153625269203152,0.3931785355329011,9737.0,66275.44001889971,1255,21438731,14616287,1756973,1655366,4484323,4904756,4309730,3359732,3241267,2130029,2320177,1144376,389760,968536,1360640,453492,3575861,0
248,000735,2018-01-16,0.051724137931034475,0.041871921182266236,0.1477385264430758,56475.0,306547.35835871537,3028,173756958,290622855,1099959,1562231,9386062,13918476,12147290,21614673,25573723,39347621,23498490,29754584,15513355,28930378,16619113,20153745,69918966,135341147
249,000736,2018-01-16,0.017220902612826494,-0.008313539192399078,0.6610640409055544,15084.0,42082.40481594682,649,9029102,7968440,553612,504945,3335497,2780605,2754599,2472422,1716150,1457003,233800,220735,0,0,435444,0,0,532730
250,000737,2018-01-16,0.01348314606741563,0.015730337078651457,0.17045842709924575,5442.0,39027.19403834175,682,7603412,6475341,699949,683091,1770268,2837695,1552641,1256452,2007086,1313053,1573468,0,0,385050,0,0,0,0
251,000738,2018-01-16,-0.004940014114326097,-0.0056457304163726185,0.36160760300547395,11408.0,63638.02853047274,1536,27759439,17320720,1524483,1698771,6843970,6283594,6118708,3728663,6226977,2700039,2459098,646908,675856,336413,839592,1284182,3070755,642150
252,000739,2018-01-16,0.0076687116564417845,-0.0030674846625766694,0.19868493217356295,13080.0,58370.25809454024,1078,18646514,15303430,1124887,587912,6306211,4388026,4136075,3833942,2649857,4087112,1841253,1057543,1460564,0,438195,0,689472,1348895
253,000750,2018-01-16,0.018672199170124415,0.0020746887966804906,0.12359284693251317,5820.0,136900.8145687044,1524,29971042,26066279,769745,2920615,4006810,5298892,2425427,2792164,2840394,2702268,1968557,2991669,1410664,1788130,1891019,2361703,14658426,5210838
254,000751,2018-01-16,-0.022388059701492602,-0.022388059701492602,0.12185729062016643,15929.0,160432.8214870372,1940,51206715,52194835,1171020,1689265,7337732,10208398,7526791,7330167,11947112,7446439,8303296,6707609,2396943,1365402,3136296,4029205,9387525,13418350
255,000752,2018-01-16,0.016253869969040213,0.020123839009287936,0.5181620402726492,10584.0,63008.760276660796,621,9452613,10040820,581165,527480,2723469,2569159,1461914,2034399,2398698,3035804,682578,710066,688489,1163912,0,0,916300,0
256,000753,2018-01-16,-0.0025839793281654533,-0.0051679586563307955,0.1835738552737557,8320.0,65407.10468663736,444,7734961,6124924,351376,459189,1549065,1499626,968497,995230,2245684,1880527,1132151,957234,716188,333118,0,0,772000,0
257,000755,2018-01-16,0.0,-0.003030303030302939,0.27961125050211416,9484.0,68273.21225304913,558,7694685,10112067,568208,528539,1830244,1558045,2501757,1811687,1202556,1901335,691630,2035380,320000,1047402,0,0,580290,1229679
258,000756,2018-01-16,-0.04548736462093861,-0.05703971119133566,0.3277842418746001,20482.5,128073.26645044493,1788,68961698,30680278,1151102,992813,7651652,7839581,11576514,5214189,21060685,6862211,7395282,2333114,3861312,1674509,2250593,2582969,14014558,3180892
259,000758,2018-01-16,0.006379585326953707,0.0031897926634769647,0.16520080463245992,10064.0,99968.97787876432,1442,27687275,25049684,708214,1811402,4893506,6207931,4058946,3333001,3756655,4088421,2042113,1252071,1374010,2354416,844955,1722717,10008876,4279725
260,000759,2018-01-16,0.03294117647058825,0.03529411764705892,0.20709718981005754,17160.0,65590.33966758441,1686,26908964,37859711,1458808,1574861,7996477,8880955,6689669,8589202,5409224,8264679,1951744,3764954,1277478,3617465,909377,1767951,1216187,1399644
261,000760,2018-01-16,0.008333333333333304,0.0050000000000001155,0.17626662668375714,8925.0,54329.71801971426,1161,16762542,12431822,1091849,1106472,5181025,3441322,4030683,2232531,4977439,2353503,749568,579600,0,1378689,0,425315,731978,914390
262,000761,2018-01-16,0.009708737864077666,0.0019417475728153999,0.13082248944831368,6708.0,110464.26945206246,1553,21456065,33515920,1189643,1793282,3412355,5612084,3179534,2945512,4812577,5334982,1987599,4791777,1043331,2108503,1294475,1327883,4536551,9601897
263,000762,2018-01-16,0.011992005329780175,0.005996002664889977,0.3466089606202284,21168.0,107173.61714995338,1876,55599109,47769743,1147026,1439545,9112353,9706552,10264098,9145098,12243126,10667840,4339927,7656323,2282640,5094178,2988157,852655,13221782,3207552
264,000767,2018-01-16,0.010204081632653184,0.006802721088435382,0.12972549651744894,2970.0,54121.61621702061,514,4304334,4372667,356938,689184,1019480,1057234,626237,212575,594213,384521,293040,1672753,306800,356400,0,0,1107626,0
265,000768,2018-01-16,-0.03450400492914363,-0.026494146642020877,0.3080525610041232,32240.0,431797.33571022906,2781,169542395,123323933,723406,2225176,14580580,17463696,13972374,18362110,15519537,17407408,11406947,9271740,6548172,5780700,7679903,8161327,99111476,44651776
266,000776,2018-01-16,0.028538812785388057,0.0022831050228309113,0.34735692420008746,45734.0,296581.29814988014,2545,188916027,171545899,845970,1238578,7242487,13553271,11649353,18067562,17847139,24251086,27713883,18414646,11285293,21667177,10286940,10356682,102044962,63996897
267,000777,2018-01-16,0.016731016731016846,0.012226512226512387,0.5579274552504991,9429.0,104131.03115091477,776,12459919,17566322,689726,866013,2793464,2955696,1684842,1895917,1692116,2714208,1018452,1157656,395136,1312699,462462,1909051,3723721,4755082
268,000778,2018-01-16,0.015238095238095273,-0.003809523809523707,0.11894332172648303,10540.0,163415.29734088422,1953,52094766,38264004,1493176,1660357,6092940,7297994,8630439,5462927,7734405,7063645,2667403,5145100,1636685,2098822,2739114,2163354,21100604,7371805
269,000779,2018-01-16,0.023059185242121583,0.01460415065334364,0.7438427502414773,10893.0,31589.97969017434,305,2692313,3036861,196680,357573,1319566,1272754,698720,613026,477347,295708,0,497800,0,0,0,0,0,0
270,000780,2018-01-16,0.008163265306122547,0.0,0.22372195472312278,2470.0,47481.59064836439,479,6428390,2566367,466003,391084,1736740,939944,996045,627234,1011217,608105,940682,0,697832,0,0,0,579871,0
271,000782,2018-01-16,0.021476510067114152,0.01342281879194629,0.291940745192645,7690.0,53483.28328433903,651,8181328,8154650,505600,711656,2379415,2450874,1572139,1552813,1879059,650333,792375,953111,1052740,1325538,0,0,0,510325
272,000783,2018-01-16,0.0181347150259068,0.0038860103626943143,0.1813742526656665,10049.0,84610.03132340465,1813,27802900,33017465,966523,3128658,5751872,9133441,4268466,4762882,5159314,5333445,2445165,3110491,2119108,2436372,2760428,466800,4332024,4645376
273,000785,2018-01-16,-0.013698630136986356,-0.013698630136986356,0.2730838450739959,12143.0,58621.429364508374,1401,27936022,16468904,1081112,1119862,7216697,5763504,5193434,3230850,7272219,3616371,3307237,1616094,1258103,682004,441320,440219,2165900,0
274,000786,2018-01-16,0.01893939393939381,0.022727272727272707,0.4120416192653164,78048.0,323997.5347370618,3328,264255809,321035490,822388,953202,10698495,12583759,20766306,27984188,38129482,44636339,32782882,31562541,21427039,27239666,21432807,23001752,118196410,153074043
275,000788,2018-01-16,-0.009334889148191361,-0.007001166861143604,0.3997339038776611,8610.0,56571.89564117339,459,7309664,4882973,425896,588453,1842529,1839581,1638380,1129192,870646,824632,1042084,501115,308913,0,0,0,1181216,0
276,000789,2018-01-16,0.01528559935639584,0.004022526146419958,0.22503988944267925,55088.0,315807.8609622736,3055,217172346,271195188,953509,1274522,11636562,14316283,15489382,19149189,28063262,37743097,19233871,27530524,21728230,23855027,18347898,14674944,101719632,132651602
277,000790,2018-01-16,0.00805369127516764,0.009395973154362247,0.23934252860390706,9899.5,55103.727341750026,970,15122940,10481753,1001160,996026,4937163,3018080,4110717,2623335,2116397,2381583,882245,475273,376000,987456,0,0,1699258,0
278,000791,2018-01-16,0.010403120936280708,0.006501950585175553,0.230798124005189,11625.0,64166.7029286911,1110,16730147,15116550,1192627,1077404,5751591,4099874,3479473,3297244,3574121,2301438,1184660,1521020,354175,389500,486700,492474,706800,1937596
279,000792,2018-01-16,0.03252551020408179,0.005739795918367374,0.26598431189315014,134106.0,480905.5809752532,3480,458355912,498749783,493358,592385,8929461,9752819,19926414,18880992,48950365,51420581,45344431,44716164,42129831,39602632,28438211,38819751,264143841,294964459
280,000793,2018-01-16,0.008350730688935215,0.007306889352818313,0.2628695476774736,29636.0,481945.7936413926,1329,70907401,109162549,981503,948708,5576208,4678312,14250171,5197852,9529588,4955389,4104364,4827177,4122808,3124887,3990128,3808834,28352631,81621390
281,000795,2018-01-16,0.010084033613445342,0.0,0.16786870205505405,10728.0,52063.29171344393,1257,17762255,15303094,1009741,1373232,5415120,5489705,3381440,3682596,2320880,2028736,2167640,1489446,2081734,720645,1385700,0,0,518734
282,000796,2018-01-16,0.005468749999999911,-0.0007812500000000666,0.41578143465717615,12800.0,65205.38167066239,948,15810137,12586783,579109,822150,5194260,4007326,3406374,1860061,2096410,2517516,1226015,1332085,1461014,388200,822165,0,1024790,1659445
283,000797,2018-01-16,0.040182648401826615,0.020091324200913308,0.324582550947275,14313.0,64967.403326424355,1138,19161853,22534190,889098,641641,5140076,4997689,4010554,4287726,5476084,4992232,2741035,3594204,0,1695218,905006,485507,0,1839973
284,000798,2018-01-16,0.034052213393870545,0.031782065834279116,0.27108342828037346,9015.0,32985.974768496,1056,10248910,11359492,1282160,1021410,4202032,5049766,2670507,2301616,1612088,1785990,482123,1200710,0,0,0,0,0,0
285,000799,2018-01-16,0.030873493975903665,0.024096385542168752,0.47139913567869035,54960.0,230280.14503083334,3176,188290053,216363730,847983,956166,14805472,13227448,22072818,20682279,32843398,38995082,23594738,20056046,21969190,17103559,11808357,13617708,60348097,91725442
286,000800,2018-01-16,0.026632302405498187,0.02319587628865971,0.20634630416921168,63672.5,294209.8266738612,3188,244458936,258958315,1051176,1082570,12812822,11906789,20346843,19101223,37261245,34659889,30310360,29154488,21238045,22945505,20153106,15985375,101285339,124122476
287,000801,2018-01-16,0.0053956834532373765,0.0017985611510793476,0.22040242892760595,6176.5,61075.280815543265,636,8435125,7780813,581136,591262,1691360,2442508,1160498,1745956,2378351,1260249,908083,212998,323697,1111960,0,415880,1392000,0
288,000802,2018-01-16,0.024464831804281273,0.01834862385321112,0.39321503891962906,13020.0,62899.216759919385,1106,20299645,14481690,1092962,1032280,4175841,4968395,6228540,3568841,3290328,1395134,1089577,1855146,989507,301070,806035,1360824,2626855,0
289,000803,2018-01-16,-0.0004576659038901809,-0.0077803203661328535,2.8234121640675385,10915.0,112218.21054009986,59,541693,1331619,34878,39282,365829,130033,140986,176789,0,113515,0,0,0,0,0,0,0,872000
290,000807,2018-01-16,-0.0050000000000001155,-0.016000000000000014,0.17542057430470528,71712.0,399073.2060966834,3256,303491679,271777417,812713,1467275,10537111,12214877,22578383,21719306,37334335,43302577,30881945,34190887,17097213,25709929,18235383,20275028,166014596,112897538
291,000809,2018-01-16,0.0026881720430107503,-0.0026881720430108613,0.21630519896193057,11100.0,58164.8824884944,295,6087182,3598668,216486,270220,1220535,998700,1804111,807831,1717549,608401,823833,0,304668,373000,0,0,0,540516
292,000810,2018-01-16,0.017391304347825987,0.004347826086956497,0.25568463289433213,7000.0,34137.96460591714,728,8125307,6314418,888324,608437,2795435,2624829,1564944,1626905,1929567,959111,947037,495136,0,0,0,0,0,0
293,000811,2018-01-16,0.006459948320413522,0.0051679586563306845,0.336619116650665,7033.5,54729.49202532737,528,6012946,6330440,633160,376979,1678287,1579868,1334844,1933252,626064,1199713,662055,439288,312000,313215,0,488125,766536,0
294,000813,2018-01-16,0.010952902519167473,-0.0021905805038336945,0.2439132122926963,9090.0,65031.76688224781,1402,22356327,19454271,1878997,936978,6081629,4098340,5391550,3597011,3584520,4254724,2365639,2495507,1058740,1531898,891720,919241,1103532,1620572
295,000815,2018-01-16,0.005357142857142838,0.0,0.5471163009527044,13267.5,80804.181243313,944,14731430,17978821,1063204,763608,5208041,3367069,3534855,1571391,3026098,3446672,528478,3010330,654075,1057992,0,1434539,716679,3327220
296,000816,2018-01-16,0.023890784982935065,0.020477815699658786,0.05828607947756441,11960.0,250151.52284456673,2559,50456874,69174657,1470322,2994482,8385108,11274766,8564028,10129854,11196065,12736102,7245669,6162138,5528157,4996412,1259622,919526,6807903,19961377
297,000818,2018-01-16,0.003095975232198178,0.0,0.46251568482741656,18088.0,197481.6355247571,780,31207773,23641633,469295,495877,3974723,3591028,3038085,3279999,2729628,2643629,3010664,2540292,2070399,2857146,1291748,0,14623231,8233662
298,000819,2018-01-16,0.0,-0.0024610336341263084,0.5468721246393861,10971.0,37175.06809061355,496,5914815,4779511,435253,621255,2193427,2052719,1391001,818442,849272,844694,711186,442401,334676,0,0,0,0,0
299,000821,2018-01-16,-0.023560209424083878,-0.02530541012216414,0.24031986650183054,17952.0,97561.23152397251,2276,50465086,18659023,1973004,884621,25973170,6980488,4875655,4681080,3867787,3335517,2402060,538895,0,1102058,912592,0,10460818,1136364
300,000822,2018-01-16,0.009966777408637828,-0.00442967884828338,0.19392650956631496,13432.0,92290.26670624333,2170,44164816,41979693,1663708,2226082,9435119,10787869,7595335,8107055,7707932,8511212,5737035,2916529,4627936,2406077,932583,1814017,6465168,5210852
301,000823,2018-01-16,-0.02127659574468077,-0.017021276595744705,0.40586570173066205,14145.0,143851.66604396093,1208,40655191,31198248,734018,1270459,4082364,5250193,3343199,4461221,7849738,4599305,5297957,5455293,3823125,1644631,1846703,1211131,13678087,7306015
302,000825,2018-01-16,0.003992015968063978,-0.003992015968063756,0.09806755446563639,9072.0,154112.2793718356,2621,67584392,52995090,3384895,1873916,9983242,9270405,6703472,8433616,7967987,11088999,7143945,4764937,4539540,4445195,2656859,3572378,25204452,9545644
303,000826,2018-01-16,-0.011760966306420872,-0.01811824539097262,0.666163456683153,31290.0,258836.5919533088,2233,104631997,84674772,775494,2084559,13876056,11649268,11961012,10901485,11556457,12062715,7557106,8720523,10958496,4364756,6188351,3136996,41759025,31754470
304,000828,2018-01-16,0.010045662100456765,0.0036529680365298134,0.3848519283265131,5515.0,56314.663019279506,809,7573885,8794869,568737,1433546,1763357,2928060,1683507,1185762,1065629,1294189,658999,221000,370700,301950,0,922523,1462956,507839
305,000829,2018-01-16,0.0,0.0,0.32709600875111755,5916.5,32341.869158343536,772,8789458,5290044,595072,1017401,1746428,2295908,4030628,1442172,1785852,283403,298598,251160,332880,0,0,0,0,0
306,000830,2018-01-16,0.0444069702079819,0.032602585722316,0.30836578965002187,87710.0,539936.7915759968,3331,301985850,429191412,794413,858740,10794297,13033302,17834028,20289259,36185621,46010556,32004929,40041911,26578544,27799445,19530450,24678719,158263568,256479480
307,000831,2018-01-16,0.009442060085836923,0.0017167381974247942,0.28031035108921415,17580.0,103335.02676755257,1728,43333748,36565359,1138209,1319773,8040948,8231469,8428013,6925138,8411733,8950230,2621067,4915182,2474242,3558618,1808608,1328197,10410928,1336752
308,000833,2018-01-16,0.011922503725782407,0.010432190760059745,0.28858041222679626,9471.0,34474.712691279485,540,5431042,5527838,514170,512088,2469291,1891265,1248300,1271911,751807,1222994,447474,205500,0,0,0,424080,0,0
309,000835,2018-01-16,0.006880733944953921,0.004587155963302614,0.23570826201773135,16644.0,84716.07327819211,1370,29835527,28878263,1360254,1098710,5961646,6580604,5956314,4843807,6257171,7236331,4153980,4289668,1707562,1356632,1261217,888560,3177383,2583951
310,000836,2018-01-16,0.0954446854663773,0.06290672451193058,0.09082310115513685,19640.0,131095.76947555604,2591,75401400,88675289,1427670,2327662,10059196,12141830,11257399,11575875,13340716,19656487,10113729,11117465,4736423,8394992,5318835,7778293,19147432,15682685
311,000837,2018-01-16,0.0033112582781456013,0.0,0.2607199322020649,9082.5,53160.004143306316,536,8853386,4519428,428982,628265,2662613,1477081,1661626,1106630,1265326,980212,422847,0,1405585,327240,440793,0,565614,0
312,000838,2018-01-16,0.036363636363636376,0.0181818181818183,0.1338870231846381,18330.0,131691.28915101814,2046,48800736,49419410,1365170,1572070,8812569,11344536,9542405,11741698,9299045,8853151,3092437,4442527,2019571,2925285,3127695,2299209,11541844,6240934
313,000839,2018-01-16,0.01616628175519641,-0.0011547344110853786,0.15698474433095727,32189.0,240873.26701186455,3048,158698028,155469357,1518231,2260819,11750075,15530444,14575660,20608149,20682971,27636502,14709472,18652979,11013342,12229097,8404105,8848171,76044172,49703196
314,000848,2018-01-16,0.015717092337917515,0.007858546168958647,0.22977965848078702,10340.0,130893.5250144418,1965,43724214,48666073,991746,2727625,6656536,6854587,6931040,6225523,7032519,9609942,4248223,4862671,3482444,3065209,3973755,2566292,10407951,12754224
315,000850,2018-01-16,-0.0022123893805309214,-0.006637168141592764,0.27019866298800427,9060.0,75242.92470071926,279,6694480,3363566,143782,349270,1087811,1124559,1108319,564282,962891,375016,964303,498440,651050,0,1776324,451999,0,0
316,000851,2018-01-16,0.0035087719298245723,-0.002339181286549863,0.30019759725754164,11245.0,91614.77509760992,811,14380740,13547354,551624,813959,3148004,4201294,2202911,2554354,2356957,3814954,1378613,1464020,377436,698773,0,0,4365195,0
317,000852,2018-01-16,0.004069175991861629,0.0,0.2786973372965979,11820.0,56402.97637624662,1244,22957994,12983487,1381130,1536077,6351651,5116191,4746313,2936741,4550748,2392699,1286575,422629,1643321,0,443700,0,2554556,579150
318,000856,2018-01-16,0.00879120879120876,-0.0017582417582416854,0.4058218112810652,49874.0,213991.71478805254,3146,173691069,133713990,1001890,1002137,15536546,14550240,23702038,20823162,36957777,31471154,26543317,21807288,18058898,15265869,5740533,8435505,46150070,20358635
319,000858,2018-01-16,0.0023176249862044696,0.0003310892837435908,1.5133996327580106,339142.0,900670.4449951451,3585,1092077256,990371961,82716,91660,2221430,2719045,7637585,10850596,44643614,41036118,53575123,61310178,62049581,68568139,63584257,62423065,858282950,743373160
320,000859,2018-01-16,0.004784688995215447,0.0023923444976077235,0.2104053458682671,5936.0,45387.06976803297,394,3931469,4079352,291284,595489,1160290,1303305,1025200,665390,365301,686022,0,499812,1089394,329334,0,0,0,0
321,000860,2018-01-16,0.04103103629668592,0.04523934771173055,0.41036467340482885,24024.0,264314.7905806526,2147,96260382,117408444,1267170,1705025,8319938,8614605,8373322,9002325,14416351,16570217,10419375,16059819,9550567,12480803,2667697,7974197,41245962,45001453
322,000861,2018-01-16,0.012658227848101333,0.0031645569620253333,0.1389798633960329,6004.0,35730.94722604892,517,5106191,3951296,525382,512768,1777641,1257984,1026796,687442,1287552,895866,488820,597236,0,0,0,0,0,0
323,000862,2018-01-16,0.0,0.0,0.23684262173704898,3500.0,31624.80381290295,445,3072224,2889800,592392,261205,1169417,913966,656869,510301,653546,561497,0,252000,0,390831,0,0,0,0
324,000863,2018-01-16,0.03525046382189245,0.012987012987013102,0.18081388968110584,8265.0,53599.943158426395,889,13674674,11923197,727284,571999,2701752,2167860,6540777,2295210,2201121,2866163,930854,1466266,0,1692499,0,863200,572886,0
325,000868,2018-01-16,-0.00766703176341732,-0.0032858707557503752,0.1571063208785315,62276.0,214705.64174429938,3388,218193216,201185321,1015837,1028207,15282090,13901310,23457372,22345794,44553853,43262758,30149597,34793927,21296812,22766724,16491663,14038760,65945992,49047841
326,000869,2018-01-16,0.013075182298214694,0.014835302992205035,0.8101931268156242,40110.0,169003.19456048805,2410,100267329,119510072,1315592,1121047,13623697,11279854,14414987,11403244,16564384,21830941,14727283,18655125,10871348,10562212,7440406,9066375,21309632,35591274
327,000875,2018-01-16,-0.0026525198938992522,-0.0053050397877983935,0.11128760913538373,14625.0,47899.42306577309,1150,19943834,9093704,449595,1131498,6442271,4011936,2568793,1394288,7690419,1173561,738717,705952,0,676469,862875,0,1191164,0
328,000876,2018-01-16,0.05987261146496814,0.05095541401273884,0.13632006463890445,61177.0,476114.47074374417,3324,243100732,400640540,1237636,1417574,11886269,13635444,18517738,22801080,26638370,39975321,24029898,32372427,20099954,23140061,14679124,24909148,126011743,242389485
329,000877,2018-01-16,0.02559576345984116,0.007060900264783676,0.2135800330859785,35448.5,151665.07165054517,2818,113787963,116602977,1346514,1343759,12826384,13479184,18974074,16771385,25428283,26840426,15715879,12808670,11486365,9929437,10608181,5452967,17402283,29977149
330,000878,2018-01-16,-0.016475644699140424,-0.02148997134670494,0.2744732796151584,40729.5,274862.70759198145,2590,170386393,118966522,876184,1530318,8813556,14726887,16338066,17882980,21191997,22220153,13158935,8739766,11216742,13281892,9659436,7581318,89131477,33003208
331,000880,2018-01-16,0.01978021978021971,0.01758241758241752,0.5611701211759645,10087.0,69247.33513236603,262,2113611,6083680,349005,159152,842398,910504,463390,1484975,458818,1421134,0,485160,0,0,0,925000,0,697755
332,000881,2018-01-16,0.003273322422258529,0.0,0.44876239650793437,12280.0,51892.255981400245,741,9393102,10666516,593959,786665,2990394,3757046,1859866,2031784,1651918,1726974,1916325,517557,380640,365013,0,905727,0,575750
333,000882,2018-01-16,0.009803921568627416,0.006535947712418277,0.11390757891814013,4605.0,59980.58989982844,723,10012743,6352620,655592,743336,1778354,1660101,1296065,947076,2569667,911882,1032359,454525,1031508,1234000,458658,401700,1190540,0
334,000883,2018-01-16,0.013043478260869712,0.010869565217391353,0.115117717710998,15810.0,56420.051910088085,1601,12641218,27779710,1232197,1477865,3630315,14772181,2498328,3490518,2944655,2714643,1678496,766851,657227,713524,0,1279358,0,2564770
335,000885,2018-01-16,0.028262176788935722,0.0156343956704752,0.35473242604327393,23940.0,85416.89546973298,2199,56111481,57939147,1348858,1349450,10794003,12173326,11977917,12965537,12820394,14043482,6994213,5901916,4779597,5344084,1336880,1782510,6059619,4378842
336,000886,2018-01-16,0.05349794238683114,0.04938271604938271,0.18608038477141037,27854.0,276454.81611883076,1538,67066210,106933224,946563,982675,4246096,9002575,5390218,8525739,7195708,17104243,6565779,7977035,6424651,9862874,4363666,6165135,31933529,47312948
337,000887,2018-01-16,0.006207674943566666,0.003950338600451575,0.5371875065262605,16002.0,113715.30356185882,1088,26949566,24169004,842002,976431,4342561,4668480,3228962,5531638,5022174,4991854,2430195,1311345,2155331,731020,1721215,866496,7207126,5091740
338,000888,2018-01-16,0.006782945736434121,-0.0009689922480620172,0.25949566698600046,12420.0,34960.751279473836,1584,22920675,9294663,1807820,816009,15778356,2360466,2208931,1431173,1574296,2209637,1035772,1197553,0,0,0,1279825,515500,0
339,000889,2018-01-16,-0.003076923076922977,-0.013076923076923097,0.6799780752152994,5180.0,102721.54658320337,365,7586925,3218237,437362,192153,914365,916368,889008,456339,1063758,353377,466694,0,650598,0,879565,0,2285575,1300000
340,000892,2018-01-16,0.017127799736495364,0.015810276679841806,0.38688895928050343,4584.0,31292.05918981601,384,2774155,4078173,253538,594412,878463,1045971,787260,1434370,854894,1003420,0,0,0,0,0,0,0,0
341,000893,2018-01-16,0.030612244897959107,-0.0011337868480725266,0.34839595447266586,5292.0,105133.30737721422,641,7916973,13791001,1157320,451356,1373102,1013593,1306558,1092175,1369603,1151562,1241700,1715562,0,306936,852690,2230926,616000,5828891
342,000895,2018-01-16,0.016798080219403433,0.02605416523825843,0.5062557869077977,70680.0,550313.0497087254,3330,299404486,351092287,718649,781391,15831789,12114842,21733430,21011426,42718341,33623581,25365671,30949514,21830977,27190267,20184058,14602991,151021571,210818275
343,000897,2018-01-16,0.029891304347825942,0.010869565217391353,0.08726733739850638,9250.0,63837.03164585494,1787,25045070,24459548,1567090,1664719,7509098,8052191,4705272,4519357,4022499,3483996,1998516,2936482,0,1404781,1355463,0,3887132,2398022
344,000898,2018-01-16,0.0062893081761006275,0.0,0.14097008896723798,8946.0,288466.23169571214,2039,76182678,50550802,1680204,1525734,6549941,6008603,10074384,6566196,9496868,10241531,4583493,7266476,5491398,3097865,5722580,1710240,32583810,14134157
345,000899,2018-01-16,-0.0017241379310344307,-0.0034482758620688614,0.29119587698240834,6948.0,61972.379005639894,396,6882364,4653233,646364,358162,1259219,1151736,989857,638840,1675382,912225,1055950,744856,315520,348600,406000,498814,534072,0
346,000901,2018-01-16,-0.0085201793721974,-0.007623318385650335,0.556964741984636,17888.0,105000.0343602012,1603,40444907,26175388,1493749,1135241,8761635,8513695,5345785,5734680,7526376,5157874,5952742,3137746,1734245,1010067,1768620,902228,7861755,583857
347,000902,2018-01-16,0.009661835748792313,-0.009661835748792202,0.25447054229161903,11429.0,103262.21071022467,1659,43142235,27713996,2160515,758860,7392535,6621806,6964656,3645201,6967778,4990535,5024004,3359236,3443563,2292505,1297654,405820,9891530,5640033
348,000903,2018-01-16,0.0058651026392961825,0.0029325513196480912,0.12811040153535128,8550.0,65352.99494748176,709,10422340,8198004,444714,812920,2613373,3091098,1227158,1123419,1410223,1331687,992346,922662,1016354,0,880308,416214,1837864,500004
349,000905,2018-01-16,0.011406844106463865,0.010456273764258617,0.3635654083229288,11726.0,45077.13732941265,837,12072183,10052050,557424,794127,3535175,4353017,2136299,2293536,4233965,1840342,414700,463844,371000,307184,823620,0,0,0
350,000906,2018-01-16,0.02841677943166432,0.017591339648173276,0.3096770084788349,8272.0,29557.74880457724,569,3979230,5132252,520970,1429458,1545616,1378103,1175407,858839,474037,991039,263200,474813,0,0,0,0,0,0
351,000908,2018-01-16,-0.001626016260162677,-0.003252032520325243,0.29130646254297743,11106.0,65971.11206533632,445,8575787,4950485,315414,565103,1536426,2377574,915837,460092,2170523,466975,1463294,222156,771737,306885,882356,0,520200,551700
352,000909,2018-01-16,-0.008662175168431152,-0.004812319538017418,0.40787445766514746,9432.0,52180.93991014381,649,8640675,7044706,559735,577050,2410584,2408187,1862488,870854,2232268,1320318,246330,949118,326034,0,477236,400680,526000,518499
353,000910,2018-01-16,0.012751953928424653,0.007815713698066773,0.6116610073209582,19368.0,93890.78386073912,1582,44864069,27769547,1624074,1012983,9179328,5692863,6860573,5715215,9686396,5263820,7914974,2520624,2473537,2106325,2301651,497740,4823536,4959977
354,000911,2018-01-16,-0.00221483942414169,-0.001107419712070845,0.3840959835577185,9000.0,38193.79930139356,552,6583510,4506998,656220,574155,2507648,1905477,1079491,1371186,1028787,656180,200704,0,662460,0,448200,0,0,0
355,000913,2018-01-16,-0.008452192287374594,-0.010565240359218131,0.985113295361934,18670.0,165920.16710820404,369,13464693,6345713,258651,311205,1347242,1760036,1518980,1009001,1395375,1251087,912690,500312,1025932,767424,416341,0,6589482,746648
356,000915,2018-01-16,-0.00915875169606506,-0.01085481682496614,0.7677518674133529,14720.0,244887.92279842135,1475,59557183,47694300,1036958,1383700,5283300,7153703,5800631,4800195,5616719,5040703,6817854,3151646,2827604,2426752,4409466,1708892,27764651,22028709
357,000917,2018-01-16,0.008423586040914532,0.0036101083032489267,0.2432495623139614,15012.0,123261.41914533553,1167,33459517,33983630,846508,1311237,4316214,5133843,5268616,4568905,5570226,4192589,3300031,2107691,2779518,2496485,4322611,5630881,7055793,8541999
358,000918,2018-01-16,0.03611111111111098,0.019444444444444375,0.1949117748949804,14590.0,72332.44478596353,1366,24997417,26782177,1229260,1198999,5846928,6721717,4613464,6145590,5099815,6475541,3326528,2680369,2440950,1143713,0,404796,2440472,2011452
359,000919,2018-01-16,0.0,-0.0011235955056179137,0.4150221580445699,8900.0,38927.3582068893,459,5801560,5640591,358406,473551,1898597,1807588,1735771,1416925,1808786,1122368,0,820159,0,0,0,0,0,0
360,000920,2018-01-16,-0.0031347962382446415,-0.0031347962382446415,0.42468990878164664,9580.0,52123.59743276569,507,8172372,4397185,749496,617447,2126303,1850267,1216704,1079635,1449196,402896,1034720,0,699769,0,896184,446940,0,0
361,000921,2018-01-16,0.06014540647719757,0.042300066093853284,0.28116650106272856,30310.0,265211.15085802495,2900,115734424,149081424,1994705,1193633,17776334,11114748,17870088,12905157,21192641,21619525,13599074,13822855,11415785,10728306,4377382,9525517,27508415,68171683
362,000922,2018-01-16,0.014084507042253502,0.008962868117797784,0.32275696905091433,11158.0,47329.31332768391,585,7045092,7012925,555048,584128,1880748,3372441,1448197,2006713,1687039,813243,291560,236400,392500,0,0,0,790000,0
363,000923,2018-01-16,0.018633540372670954,0.011180124223602705,0.5371801838609961,22203.0,62908.96620770751,2022,45837294,38725549,1518970,1451538,11660382,11108431,11910756,8413320,10024703,10729556,4233258,4521579,3505757,954952,1293633,889275,1689835,656898
364,000925,2018-01-16,-0.005633802816901401,-0.012676056338028152,0.5315519602499446,14275.0,68288.13890000695,714,17237895,6670921,742700,468071,3989878,3089017,3740520,1751079,2366257,1072054,1606184,290700,1798425,0,843790,0,2150141,0
365,000926,2018-01-16,0.0312771503040834,0.010425716768027948,0.2270412713835636,31293.0,302380.7918088175,2573,162504761,161603466,1281746,1447388,8543719,13448977,8087816,13418433,17895036,21462398,19072540,17399733,19521171,10906565,11057587,12611588,77045146,70908384
366,000927,2018-01-16,0.02934537246049662,0.006772009029345494,0.12137199426795085,11200.0,58799.56522355113,1335,20716766,21198686,1242880,1201786,5630369,6247433,4399493,5010268,3663853,3781993,2253269,2327818,1706539,1050526,1317958,892114,502405,686748
367,000928,2018-01-16,0.012799999999999923,0.0048000000000001375,0.19660418470217894,12540.0,78524.55757112846,1011,21711337,16759525,774143,995047,3742234,3821120,3840131,3698328,4529925,3711130,2416526,1934037,1745994,1084365,1818963,888498,2843421,627000
368,000929,2018-01-16,0.013559322033898313,0.007627118644067732,0.5243454577728346,12070.0,52023.827690375554,506,7900544,8111657,381070,452699,1909455,3037629,1194248,1954996,2233267,1933984,638949,732349,1127566,0,415989,0,0,0
369,000931,2018-01-16,0.008823529411764675,-0.0014705882352941124,0.2569981573030104,6830.0,52292.190963405934,700,10487463,6625642,600012,854963,2009070,2557680,1383575,1346642,2007019,875200,2987667,0,1023420,991157,476700,0,0,0
370,000932,2018-01-16,0.024154589371980784,0.013285024154589431,0.1704989665206335,22558.5,244647.02103127912,2362,105878410,103467533,2024339,1352088,11984185,9189559,12297164,9082107,13643936,14966291,11106873,9577441,9627804,5112853,6499493,10705109,38694616,43482085
371,000933,2018-01-16,0.018769551616266922,-0.007299270072992692,0.16620573229151747,73997.0,301472.44103114016,3337,311065135,246940728,1035793,760001,14642470,10192088,26189988,21668274,43251075,38301949,35404505,34949428,33561169,22415940,23280810,21634162,133699325,97018886
372,000935,2018-01-16,0.021666666666666723,0.008888888888888946,0.3421141240951139,36100.0,167596.808748005,2771,130906524,106415740,1403844,1523131,12651392,12967978,14671134,15491998,24710696,19840955,20810905,14604753,13012373,14422468,10680865,7452666,32965315,20111791
373,000936,2018-01-16,0.02211690363349117,0.014218009478673022,0.2100472138266277,10990.5,85560.11999906675,908,16277798,17936798,983416,841469,3612776,3137614,3515751,2688980,4048447,3808586,2006629,1509227,1341179,1742465,0,860659,769600,3347798
374,000937,2018-01-16,0.008460236886632888,0.006768189509306355,0.12976484095806448,4784.0,59149.16555875671,2078,22280990,29564608,833477,2499345,4309873,7034094,8024915,6467522,4006223,5755091,1583431,2938814,337902,2071070,437601,1434991,2747568,1363681
375,000938,2018-01-16,-0.0022869339838390568,-0.010062509528891539,1.3278490857683842,39702.0,240583.01182050517,2441,138604774,108247908,865908,1281724,12654180,10863450,17092414,13221435,28020831,21486978,15473178,13411509,16326519,8431084,5305608,6296771,42866136,33254957
376,000948,2018-01-16,-0.003780718336483968,-0.003780718336483968,0.58520990995906,10535.0,58915.6228379704,326,6006115,3247308,329740,230432,1199774,892836,1309474,444364,1123509,798652,214812,563924,986007,317100,842799,0,0,0
377,000949,2018-01-16,0.004796163069544557,0.0023980815347721673,0.20355843784170413,4598.0,42038.312778207895,419,4508079,3274836,340374,543880,1406192,1350361,667784,393093,986661,352555,472544,214947,634524,0,0,420000,0,0
378,000951,2018-01-16,0.028887523048555463,0.02458512599877083,0.40130600951637446,15066.0,72258.50124768606,1644,29042579,33131404,887571,1828738,5964185,8229609,6129248,8166518,8128004,8158880,2777817,2921126,1729006,1038405,0,964921,3426748,1823207
379,000952,2018-01-16,0.0,0.004774897680764001,0.6363008027978224,14885.0,88341.14326904056,530,10106877,10043694,321175,374436,2550673,3006650,2222850,1683844,1951887,2043936,1534012,1431916,304880,0,478400,0,743000,1502912
380,000953,2018-01-16,0.016551724137931156,0.009655172413793212,0.2984183798722217,7425.0,35875.546338733846,590,5809648,6036655,605898,555123,1997327,2432289,1824310,1369677,860033,1212706,522080,0,0,0,0,466860,0,0
381,000955,2018-01-16,0.0029940119760478723,0.0,0.22510673539418577,7348.0,93449.52670479946,881,12661402,23398757,537991,1122824,1197927,3854449,1208268,3450350,2211887,5423593,3350688,3914014,1711385,2276627,424296,1346100,2018960,2010800
382,000957,2018-01-16,-0.027953110910730383,0.0009017132551847329,0.2750118415795937,15708.0,74616.07425956761,1627,36630943,27384307,1169216,1127457,8776661,7212369,8643513,5717611,8245603,5021438,4791346,2052261,1452652,2361061,892000,473970,2659952,3418140
383,000958,2018-01-16,0.0057581573896352545,0.0057581573896352545,0.1478543515276464,9504.0,55702.96161932221,1243,18650489,12398316,1068760,1125530,5051170,4497440,4028544,3113354,3554108,1851592,1139125,534403,693812,0,1298504,0,1816466,1275997
384,000959,2018-01-16,0.008503401360544283,0.001700680272108901,0.14662269943566547,3546.0,45735.09989937961,1615,9964221,14482574,1718193,1394739,3828775,4788520,1960340,2693517,1321526,1093891,206850,507768,0,972702,410848,0,517689,3031437
385,000960,2018-01-16,0.004615384615384688,0.002307692307692344,0.2999474345897373,24852.0,194139.78253214917,1879,63932469,83664882,601406,1439314,7208525,10044829,11362068,9065885,10431366,16130106,6467393,8675617,4737210,5989994,3244902,2205467,19879599,30113670
386,000961,2018-01-16,0.0806010928961749,0.0806010928961749,0.13135078074811501,59574.5,898228.8184988194,3120,352937577,461176434,1269602,1162904,12040852,12071149,16176277,15539359,27921442,29813501,23476506,27639530,23404144,20667055,18722035,22336678,229926719,331946258
387,000962,2018-01-16,0.0012391573729864103,0.0,0.31210461846368615,9749.5,47277.6478766411,668,9988471,7115156,566082,861741,3023288,2904016,1512665,1492648,2694581,832811,1278972,1023940,394305,0,0,0,518578,0
388,000963,2018-01-16,0.005413208228076449,0.011187297004691343,1.105469531488099,33444.0,204759.39197370212,2523,123659104,118384014,560566,1263728,15520551,12976867,12657818,11442439,15055043,17628895,15221299,11440824,27429521,13010930,8927204,7930602,28287102,42689729
389,000965,2018-01-16,0.040885860306643984,0.020442930153321992,0.1595612531955363,11840.0,65716.92436787549,1355,20248278,26495484,1033109,1530025,4559511,5627831,4163220,6512448,5386376,6242698,2226760,3239147,2448933,2147335,430369,0,0,1196000
390,000966,2018-01-16,-0.007692307692307665,-0.002564102564102555,0.21642148511909648,2340.0,59720.176291629825,324,3419202,1513358,257680,230796,1090720,692277,512197,163235,215376,180960,0,246090,0,0,448140,0,895089,0
391,000967,2018-01-16,0.002200220022002153,0.0,0.32085739338161384,9100.0,69325.52381022317,802,14819305,12550084,364031,2262931,2812380,3220439,3111221,1483913,3210527,4163849,794888,203312,381943,328320,1749894,887320,2394421,0
392,000969,2018-01-16,0.0023809523809523725,-0.0071428571428572285,0.24251363707360185,8490.0,82081.3072150007,1200,18113776,17704864,717055,1651963,3224468,5725750,3440828,4323216,2992079,3765298,1473023,1580213,1330021,658424,962628,0,3973674,0
393,000970,2018-01-16,-0.0022883295194507935,-0.009916094584286772,0.25859839823797404,27720.0,204008.37526289452,2572,111511338,92126648,844846,1912258,9128866,15417559,14331097,16141167,18652202,16373004,12178890,11971516,15412638,6220916,7471914,5252062,33490885,18838166
394,000971,2018-01-16,-0.0019243104554200752,-0.02180885182809489,0.3630055359832013,21238.0,140152.99144245312,1851,57768676,48163979,1033763,1540809,8040704,8914128,8334565,7832138,14625581,14008540,5815782,3634592,5350757,2290055,1868187,807766,12699337,9135951
395,000972,2018-01-16,0.005050505050504972,0.005050505050504972,0.23383556162647243,7381.0,46945.04613191988,286,4123008,2154888,219271,452157,730161,910293,1095904,412264,1063606,144837,0,235337,1014066,0,0,0,0,0
396,000973,2018-01-16,0.005110732538330609,0.005110732538330609,0.20471347274250182,7977.5,58554.432748777916,822,9808125,11422995,532770,999104,2440293,3421102,2184921,1880761,1623994,2859172,471978,1388081,753059,0,441750,874775,1359360,0
397,000975,2018-01-16,-0.02533333333333343,-0.029999999999999916,0.4309935720722744,14950.0,190179.92280375795,1213,54638680,24699332,1157055,713834,5515027,4362757,4580101,3069207,9356670,5325753,5091305,2089181,3008839,2420575,4509813,1356642,21419870,5361383
398,000976,2018-01-16,0.004932182490752224,-0.007398273736128114,0.3359700411550839,8070.0,53247.352073733244,582,9471759,5396452,637745,331759,2510662,1867010,3149530,1166444,820546,1105079,850886,509010,334490,0,0,417150,1167900,0
399,000977,2018-01-16,-0.03401360544217691,-0.0374149659863946,0.3102580280199945,62900.0,544326.301365413,3236,319766534,268278411,654374,1282032,9370025,17499854,16790390,25977852,30596264,41075530,25296886,26218565,22177101,30397029,18371915,19914370,196509579,105913179
400,000980,2018-01-16,0.0008591065292096189,-0.00945017182130592,0.2504078174364974,15197.0,70775.87980961327,2162,46628311,35476858,1494548,1729016,10849944,10265411,10836858,7421362,9328010,7480442,7019271,3072008,2862004,1247668,1783105,448121,2454571,3812830
401,000981,2018-01-16,0.003456221198156806,-0.009216589861751112,0.36926732808132623,11212.0,110204.07113501267,552,12234494,6457243,371868,733970,2017652,2704638,1771475,1418892,1853153,1394203,1245452,205540,1020847,0,429500,0,3524547,0
402,000982,2018-01-16,0.012658227848101111,0.015189873417721378,0.11962997986350463,9246.0,70071.37152889163,1092,20913116,18197449,839583,1031028,3550920,4161988,3041569,3702721,5547991,3640797,2485602,2322454,3814746,1002785,0,1266204,1632705,1069472
403,000983,2018-01-16,0.006993006993007089,0.0,0.18249556766555833,24240.0,182860.51449064055,3015,121427014,112353599,857276,1924602,17034216,12828826,12793298,13258386,18313414,19138900,11307342,11832290,8454713,7504138,6186753,8024265,46480002,37842192
404,000985,2018-01-16,-0.005102040816326592,-0.0010204081632654294,1.0219756707202359,9825.0,53747.14399790735,367,4450034,3453928,406291,550194,1445105,1469803,613874,255740,678225,886927,229320,291264,305760,0,0,0,771459,0
