,code,date,pchange_whole,pchange,change_std,amount_median,amount_std,length,sumsell,sumbuy,sell_vol_0,buy_vol_0,sell_vol_1,buy_vol_1,sell_vol_2,buy_vol_2,sell_vol_3,buy_vol_3,sell_vol_4,buy_vol_4,sell_vol_5,buy_vol_5,sell_vol_6,buy_vol_6,sell_vol_7,buy_vol_7
0,000001,2017-09-05,-0.003424657534246478,0.001712328767123239,0.1977943788786904,135172.0,828322.8377198853,3494,630252498,639125724,462958,398049,14185438,7894854,20899469,14388636,39519272,35777330,41123021,51687125,53340112,48629621,31786261,35024975,428935967,445325134
1,000002,2017-09-05,0.03080260303687643,0.028633405639913345,0.3993718745012611,92722.5,691135.8543982964,3332,433980459,517158375,900363,914170,11448431,12408091,18019708,20681839,42185127,36775840,33668749,33841189,31349265,27482342,23783371,26484700,272625445,358570204
2,000004,2017-09-05,0.005654632448890862,0.003479773814702103,0.9903628886808309,13770.0,67889.31984566557,538,7361362,9971512,365646,576592,2620993,2464980,2701744,1465213,1057293,2037819,615686,230700,0,678495,0,461800,0,2055913
3,000005,2017-09-05,0.002057613168724215,0.002057613168724215,0.15813263052696802,9583.0,90857.84866043246,945,15568865,9954719,1878102,733494,4227073,2506341,2136865,1597443,2366054,2026854,711187,1201903,365958,307642,0,909650,3883626,671392
4,000006,2017-09-05,0.006825938566553003,-0.0011376564277587597,0.16182016256824794,21036.0,287924.22573525214,2956,137039880,130586897,2587720,1105612,13738115,10255744,15034432,11025017,21151939,18525272,14674497,9399844,8344869,9434613,14817275,9930345,46691033,60910450
5,000007,2017-09-05,-0.003824091778202643,-0.007010834926704845,0.7852123862158328,15600.0,108206.84896006834,399,13372661,5733227,293839,274290,1716824,1350054,1263945,1426802,2051631,1654758,488437,715092,1867800,312231,1399200,0,4290985,0
6,000008,2017-09-05,0.02608695652173898,0.017391304347825987,0.19282728482709074,9678.0,191015.86461915367,1744,38823383,51670106,2612563,1480198,7725568,5209593,5806063,5036814,4793133,4187012,3033505,3228771,1334500,1776661,3537787,1729272,9980264,29021785
7,000009,2017-09-05,0.01379310344827589,0.016091954022988464,0.1743863828361256,39190.5,332060.25040493667,2492,161362631,188333912,1292690,1529771,11617781,10088770,13135789,14713306,19020927,20009897,16578734,15064365,9074530,13035323,15150333,15358813,75491847,98533667
8,000010,2017-09-05,0.017786561264822254,0.015810276679841806,0.14023859731230723,15390.0,65331.4651086246,1303,14472425,30990096,699354,1059443,3694464,10113527,3031585,4753034,1805540,7119104,1974912,4179333,696852,710700,1326642,1733980,1243076,1320975
9,000011,2017-09-05,-0.004540867810292615,0.006054490413723634,0.3849857647276561,38342.0,125729.19361142164,2651,104016064,107697725,1107339,1174266,12457362,14530082,18400660,17780813,23041491,23176526,14665980,18986329,10744082,7626105,8958701,6022901,14640449,18400703
10,000012,2017-09-05,0.0011709601873537423,0.0011709601873537423,0.23201118088514225,17120.0,94334.72369080281,1355,32016697,31209122,1100488,1210938,8016037,5949656,5263469,6314553,5404527,6985420,2807892,2392701,2400147,1652596,1735282,427448,5288855,6275810
11,000014,2017-09-05,0.00059206631142672,-0.001776198934280715,0.8865604161639556,16840.0,38994.616696689736,362,5304603,5364262,284761,268111,1746187,1697270,1631126,1615421,966870,1581260,675659,202200,0,0,0,0,0,0
12,000016,2017-09-05,0.02148760330578514,0.02148760330578514,0.16584737146211018,14168.0,165930.4077451862,1332,26252613,47829074,1110517,939795,6194876,4558016,5287227,4528484,6140315,9750113,2477377,5164112,1961602,1292626,1371909,3071770,1708790,18524158
13,000017,2017-09-05,-0.003708281829418958,-0.0024721878862793423,0.39201760146910714,8866.0,130708.81790004927,425,10492657,3072651,575393,419846,1813391,1840763,1413569,812042,1219454,0,1489388,0,0,0,402500,0,3578962,0
14,000018,2017-09-05,-0.008474576271186529,-0.007263922518159882,0.17663222079840712,20600.0,148308.79245427798,2189,74710623,55214406,1781384,1775080,11478104,9383322,10999439,11622417,13227942,12050069,8887552,3865758,4323230,2063019,4759069,2487564,19253903,11967177
15,000020,2017-09-05,0.02763561924257929,0.027123848515864912,0.5114126327941287,19550.0,128786.13351329227,1460,38437156,40186803,1035321,1312575,7943751,6597649,6669205,5712182,7278936,5730555,3789796,3010573,2020391,3163340,2249240,5716080,7450516,8943849
16,000021,2017-09-05,-0.012834224598930355,-0.007486631016042855,0.2136198028625599,17670.0,115176.69828344125,1918,53231792,36487581,1855494,1069246,13248790,6287808,10367506,7838484,8336232,7741572,4913204,3870536,1991751,1366226,2253354,1669969,10265461,6643740
17,000022,2017-09-05,0.0021905805038333614,0.0032858707557503752,0.8095761557799447,27410.0,130874.56256010715,1144,35057477,31103205,668851,602730,6924939,5856252,6083599,5219835,6923364,6156940,4262159,7500561,963037,944277,1349815,1804980,7881713,3017630
18,000023,2017-09-05,0.008210180623973606,0.006978653530377743,0.8897527703842404,19592.0,73130.24748230404,749,14701322,13778054,513847,643834,3654698,4673873,2025484,3552818,3443671,2394948,1677688,1425016,362304,0,1470158,0,1553472,1087565
19,000026,2017-09-05,-0.0016736401673639323,-0.002510460251045954,0.4241437100489531,13233.0,72405.66418075652,793,16240906,11797531,463773,682899,4040019,3849119,3393044,3194897,3640220,2054007,1906545,242804,1156998,0,433059,0,1207248,1773805
20,000027,2017-09-05,-0.004524886877828038,-0.004524886877828038,0.1663428371774453,3966.0,51544.03504864852,1590,20664287,8059769,2275780,1047929,4937276,2721365,2454975,723351,5526104,1177835,1970942,513954,1017126,969678,820934,905657,1661150,0
21,000028,2017-09-05,0.023370590796922608,0.023370590796922608,1.4989178263354528,28004.0,148361.49281624058,2113,61824111,70770762,1103661,1098258,11848019,18362697,10245584,9277218,7225060,7360146,8552714,3749926,5620636,5185065,2632659,4019041,14595778,21718411
22,000030,2017-09-05,0.0044296788482836025,0.0044296788482836025,0.2659065422016646,9080.0,57793.48544167386,1153,15231775,16499453,486491,1573851,3782873,6089018,4376429,2734520,2263962,2811830,1182930,1673209,1271099,695007,872491,419287,995500,502731
23,000034,2017-09-05,0.009004739336492706,0.008056872037914609,0.49430521648073006,22946.0,182673.1155220754,1823,70122248,60786117,1102710,623039,12390017,6625693,11278417,5464712,11829727,8925758,9231360,4888672,2372212,2696893,3641143,2190368,18276662,29370982
24,000036,2017-09-05,0.0008841732979663064,0.0026525198938991412,0.23552766435207384,34140.0,175425.30267372113,2307,101218436,106751455,868918,1111435,9587011,11984149,15408466,13048749,20406280,16341582,15586571,15862788,10864722,8134750,6684897,6698933,21811571,33569069
25,000037,2017-09-05,0.002188183807439792,0.006564551422319376,0.3738800684989635,9868.0,66829.56218105518,597,6390100,8362293,397591,1064456,2141151,2673031,1384152,1607222,943568,1016952,751308,275400,315330,0,457000,459999,0,1265233
26,000039,2017-09-05,-0.008372579801151248,-0.004709576138147598,0.3435401489775127,20922.0,207142.687807432,3099,112837954,99243747,774950,4739163,9244632,20727965,12089423,15860394,15997969,19394676,9206406,10258753,8824382,5702758,6168079,4918273,50532113,17641765
27,000040,2017-09-05,0.00540540540540535,0.0033783783783782884,0.37955882448509853,19487.0,223439.7419541345,1521,68811830,58869983,1493226,734427,8604078,4644347,6007005,4253620,12410613,8416727,7330473,6044815,2753042,4022883,1332984,4537930,28880409,26215234
28,000042,2017-09-05,-0.005253940455341444,-0.005253940455341444,0.6221042014575978,5130.0,38275.297574950855,758,7939132,4933702,1210003,210409,2821284,2522659,1618332,781235,650834,806429,765204,270970,380475,342000,493000,0,0,0
29,000043,2017-09-05,0.020153550863723613,0.0249520153550864,0.4203814589638101,18846.0,211272.99753796752,614,19681018,28507502,533109,253225,2217382,2299217,2256222,2347811,4052342,2816830,2640880,3021003,2684330,713865,499680,417640,4797073,16637911
30,000045,2017-09-05,-0.016260162601626105,-0.010569105691056957,0.28373301680379265,23199.0,118993.72587954563,1880,62264145,37426000,1240320,1247289,11001968,8278245,12872621,6546344,13610412,8304416,6891156,4643719,5061915,2437323,3517730,473413,8068023,5495251
31,000046,2017-09-05,-0.00244798041615657,-0.001223990208078285,0.319310675640395,12255.0,64486.8694337011,654,10373228,9853235,484215,950533,3071156,2351555,1817666,2403941,2532081,688596,1263228,999385,356467,333744,848415,1306481,0,819000
32,000048,2017-09-05,-0.006875477463712754,-0.01031321619556913,1.9683751602692718,10324.0,26935.741035503648,176,2020055,1063327,129203,191555,945557,602890,322614,163143,622681,105739,0,0,0,0,0,0,0,0
33,000049,2017-09-05,-0.017094017094017144,-0.018803418803418848,1.1636710946611297,45636.0,225433.97458094292,2528,153748828,125948947,1268680,761622,10369193,10592081,16021688,16274682,28317772,21300293,18455584,11452144,13433659,9786641,9063794,7495055,56818458,48286429
34,000050,2017-09-05,-0.020886615515771645,-0.014919011082694,0.4307251754215685,77693.0,393758.29244223377,2968,315717501,270091537,550072,1304096,8832341,12203442,14050444,20609153,34447351,36863079,29384684,29085065,16303110,23648546,22630944,24090822,189518555,122287334
35,000055,2017-09-05,-0.0064102564102563875,-0.0064102564102563875,0.18125943985535886,5425.0,94366.46148230598,1853,32818031,18819459,1172799,2191004,5862990,5194357,4498696,2798207,5043662,3719070,2210919,969685,2934343,1450871,1872065,419040,9222557,2077225
36,000056,2017-09-05,-0.028191072826938113,-0.02584181675802666,0.555590911983287,16178.0,144971.53932356703,528,17877927,7516335,207734,565884,2363465,3402934,848434,1593178,978539,751881,1674734,511610,712512,690848,1409296,0,9683213,0
37,000058,2017-09-05,0.007802340702210531,0.006501950585175553,0.2606414295842002,13950.0,75256.46898441073,870,16171675,17881111,772935,868250,3675388,3899943,3165569,3343928,3110183,3419262,3014732,2842481,935314,1691197,0,497550,1497554,1318500
38,000059,2017-09-05,-0.005785123966942196,-0.004132231404958553,0.24993438794223177,28920.0,297275.4682886958,2345,140363491,110833921,948181,1598015,10392485,11841085,12175614,11165484,19611928,17747976,12055980,12837050,8749087,7924060,6340216,7184303,70090000,40535948
39,000060,2017-09-05,-0.01199400299850073,-0.011244377811094441,0.23484969004326603,66529.5,452138.56685630605,3230,355478406,289624931,1403936,858856,13297326,11508160,19552401,16719244,36173520,36516512,29453480,27018122,28075690,25595469,21643149,20278687,205878904,151129881
40,000062,2017-09-05,0.029006526468455363,0.017766497461928932,0.6385307049660656,27590.0,182553.57073962194,1866,57036870,84961341,1366431,917369,10170793,7492534,10248677,8238060,12613669,15658303,7457495,9546509,1791884,5443819,5426030,5721366,7961891,31943381
41,000063,2017-09-05,0.0028818443804035088,0.007822149032523651,0.43188746159426955,92948.0,635319.718582852,3165,439123884,468083782,830368,749110,9888732,9521124,19260756,23932618,37057325,36917480,32415790,31395642,22873488,25071962,22147877,27054271,294649548,313441575
42,000065,2017-09-05,-0.008547008547008517,-0.004273504273504147,0.6521163764936437,20871.0,106509.90270510063,1287,42492951,23536668,835533,1048863,7164145,6511656,5814914,4235226,8528777,5015254,4881343,2154647,2354399,698363,3220243,1844730,9693597,2027929
43,000066,2017-09-05,0.0022753128555177415,0.0011376564277589818,0.168064521620101,26430.0,239686.19485363606,2739,154730885,102128569,2029795,1604511,13592986,10311548,17870231,11476706,20966554,15590569,15429604,12404149,11001434,9028670,16642899,4372517,57197382,37339899
44,000068,2017-09-05,0.0,-0.0014641288433381305,0.2653309498649803,8214.0,91801.12341715393,662,13789766,8554869,890332,418279,2896069,2105985,1393911,1362358,2141687,1225484,1176744,272400,1406651,1330476,949212,453492,2935160,1386395
45,000069,2017-09-05,0.0127314814814814,0.01041666666666674,0.16043116213852368,27968.0,176112.4782475823,2909,85721703,152303704,1178730,2229492,9120739,12817180,16516182,20750580,17862572,27160121,7798382,17620297,4151744,11545058,6280249,8572305,22813105,51608671
46,000070,2017-09-05,-0.006357856494096259,-0.0072661217075385975,0.33017663075447506,11050.0,108637.0414865281,1112,28526432,13245110,508053,1219393,3598149,5098004,3228458,2772515,10694786,2417636,2624232,990223,1021672,330000,843382,417339,6007700,0
47,000078,2017-09-05,-0.0016339869281045694,-0.0032679738562092497,0.13166093504392223,12852.0,92406.51524773595,2165,38555120,42112376,1280322,2106101,12259548,10035711,5025713,9504878,4796672,5672473,2171080,3065972,2483167,3740852,1422189,3456195,9116429,4530194
48,000088,2017-09-05,0.003236245954692629,0.003236245954692629,0.23191599523427914,19603.5,135415.81821357785,1598,41862498,54384983,1280725,1385471,7196776,8577650,6137673,7884106,8477057,10311141,5943555,6222920,1508747,2028352,3145416,4978165,8172549,12997178
49,000089,2017-09-05,0.003420752565564511,0.003420752565564511,0.1630012656516593,8790.0,73654.03447990108,2900,32482805,42151442,1388015,4742905,8374877,13013178,4212270,5970993,6227668,6293956,4390160,2174503,726470,2697381,1313596,3193683,5849749,4064843
50,000090,2017-09-05,0.02033898305084736,0.004237288135593209,0.26609120647253587,22496.0,111338.6200531482,1967,67544617,45966298,1553117,1064242,10253111,6549444,16094466,8072011,13790081,12806818,8087649,5214440,4216992,1857087,3202335,835442,10346866,9566814
51,000096,2017-09-05,-0.004184100418410108,-0.00557880055788007,0.5787710932027537,4278.0,26527.29625790811,613,6497299,2282120,1054046,269181,2685473,990129,1477406,639754,844747,142400,435627,240656,0,0,0,0,0,0
52,000100,2017-09-05,0.0056022408963585235,0.0056022408963585235,0.07377611442492205,10710.0,300437.38813582086,2359,58433209,97190209,1272585,2341058,6775970,11077118,4707285,8740652,9606794,9166142,5826150,3947052,2837382,4253635,2245545,3896718,25161498,53767834
53,000150,2017-09-05,0.005068226120857888,0.010136452241715554,1.0345901419511045,12827.5,68262.19144247769,614,5493854,12061714,385892,676797,2355448,3052681,1142123,1731618,905531,2438696,212380,805952,0,779790,492480,436580,0,2139600
54,000151,2017-09-05,0.036661026508742145,0.037789058093626426,0.3655560915112533,40535.0,243867.0290964128,2354,93790404,144610010,1307907,1107046,10694956,10944505,14544940,16854362,21644247,22310764,12827559,15391004,7387805,11511084,3913796,8241979,21469194,58249266
55,000153,2017-09-05,0.0,-0.0019762845849802257,0.36861956432586956,11143.0,67063.95390425665,753,13543143,9554972,482588,625968,3079898,3214166,3359820,2105343,2621150,1274061,1837697,1402590,394679,0,0,932844,1767311,0
56,000156,2017-09-05,-0.0065746219592374144,-0.007232084155161189,0.4972290480686381,16621.0,103585.35684564705,935,31280071,15416863,753154,562414,5134360,3895753,3620314,3189323,6296372,2580460,2980949,727550,4299448,2878484,1410703,424591,6784771,1158288
57,000157,2017-09-05,-0.004357298474945481,-0.004357298474945481,0.09235369215240562,10054.0,155801.1084808164,2482,50953674,56524263,1394308,2759302,10242175,11073322,6194050,7817885,5554836,5206996,3454177,5014122,2077810,2457943,2785881,2239472,19250437,19955221
58,000158,2017-09-05,0.03780718336483946,0.022684310018903586,0.21961242709566065,23694.0,246838.37561456612,2323,76493091,124867549,1018927,1475091,9933318,9971595,9413768,11385214,18503226,15052290,9442672,15085283,7966048,12001836,4544342,6710447,15670790,53185793
59,000159,2017-09-05,0.034482758620689724,0.032983508245876925,0.1700153130517181,22016.0,229633.25762431405,1543,46841785,78127281,934944,1310326,6336582,6656763,6406334,7187406,10661349,11596964,7170345,7214603,5714913,6513317,3227028,4074496,6390290,33573406
60,000166,2017-09-05,-0.003284072249589376,-0.0016420361247947435,0.12986386070339503,17646.5,210099.6003949487,2204,73602395,83257566,1485217,1475398,9429375,9680014,8139205,7953972,11746280,10497139,6619570,7330145,8714504,7192100,2684240,7707982,24784004,31420816
61,000333,2017-09-05,0.00145102781136619,0.0026602176541716815,0.7202334314899532,90794.0,651174.2750975426,3297,377181231,438263323,686327,824909,10710578,13244410,20461445,24242984,45526882,43993499,33464162,34393203,25751110,26277191,17301747,20790426,223278980,274496701
62,000338,2017-09-05,-0.010666666666666713,-0.0013333333333332975,0.12675688904316437,57000.0,291185.4974101201,3511,211731487,272916732,621489,1294997,12076631,22702766,20174014,30013940,35043342,48168716,24317161,28043691,21695919,19649660,13725425,17939455,84077506,105103507
63,000400,2017-09-05,-0.0028835063437140374,-0.007497116493656253,0.37631577677320754,24164.0,133416.72476488023,2127,66423859,38829498,1432216,1256539,20539118,9335169,8342295,8932847,8395568,6294546,4035817,2467671,2523621,1104925,1321914,880280,19833310,8557521
64,000401,2017-09-05,0.0005537098560355336,0.007198228128460826,0.3203249386552856,88739.0,353923.39073911036,3180,313689646,321017406,870155,797727,11031171,10904610,19494571,19387209,44843358,38105209,38524945,36080966,27094872,28492113,29481930,21067663,142348644,166181909
65,000402,2017-09-05,0.011945392491467421,0.013651877133105783,0.2311835853888058,15450.5,144386.0276394142,2572,50889504,81871508,1167558,1936850,10974069,14556746,8126616,9356887,9184455,12782141,3162883,5463549,3049580,6609371,2186637,3640880,13037706,27525084
66,000404,2017-09-05,0.015894039735099286,0.0066225165562914245,0.23601311040163064,16742.0,122111.36066288568,1023,25390962,35689137,946838,763800,4310408,4737898,5134830,3926848,5197428,6177150,3691516,4445299,2342416,3537432,1301150,1313210,2466376,10787500
67,000407,2017-09-05,0.0073081607795368875,0.015834348355663774,0.239757448501469,20924.0,157414.17888374487,1173,39060734,40084177,909754,788946,6341411,4984817,6063100,5600777,5843793,5348316,3026169,4013017,2374868,2065843,2150432,4083853,12351207,13198608
68,000408,2017-09-05,-0.0011580775911985697,0.004053271569195216,0.3619826766820661,54104.5,330424.57341712515,2280,166845356,172288369,1171927,749949,9640443,6502085,12936392,11390061,27158259,26545783,17177288,20366230,19323726,15143646,9558446,11581913,69878875,80008702
69,000409,2017-09-05,-0.011249999999999982,-0.0024999999999999467,0.20433229473337525,15860.0,87537.04238436138,1534,39057539,28504531,1573932,1115046,8590737,5705890,6492216,4796723,7615565,6519465,5504797,3979207,4494944,2888677,0,1286497,4785348,2213026
70,000410,2017-09-05,0.015350877192982448,0.015350877192982448,0.2572373016875053,18240.0,100729.62128484831,1257,28760797,36922608,1335934,878080,5786424,5068125,4710260,6355285,5770305,6687192,4456027,3675834,1327081,4194700,2632888,5016798,2741878,5046594
71,000411,2017-09-05,-0.0028929604628735728,-0.0019286403085824189,1.3172754710722132,8316.0,33664.31701090318,247,2453258,2095039,211686,176923,1023924,651690,470350,610870,540198,655556,207100,0,0,0,0,0,0,0
72,000413,2017-09-05,-0.005825242718446644,-0.005825242718446644,0.1826593933286169,43989.0,236517.5092644738,3183,207243546,157125578,925295,1202327,15325925,13909438,21899156,18708809,36749446,30224706,25256953,18362909,14151446,13840199,9308009,8629549,83627316,52247641
73,000415,2017-09-05,0.0014326647564468775,-0.0014326647564470996,0.16063040284106672,15290.0,82944.21922687568,1892,36404989,34365697,1408204,1333834,9539064,8811257,6651719,8963329,4864843,5056696,2348536,3657667,5196620,1399472,0,0,6396003,5143442
74,000416,2017-09-05,-0.012106537530266248,-0.007263922518159882,0.3283980285900966,11472.5,65048.5940252625,632,13591819,6496637,692559,678628,2740888,2622264,2702560,1443092,2114882,747414,1250747,1005239,1663394,0,1690589,0,736200,0
75,000417,2017-09-05,0.0,-0.0034207525655644,0.24006363205134884,12292.0,85039.37094369039,1335,32488541,16834441,1939772,891268,7675218,3513562,7376501,2464290,6516227,3549862,1378004,1917680,2510094,1646033,1260727,0,3831998,2851746
76,000418,2017-09-05,-0.004308390022675801,-0.0022675736961451642,1.1410113617602768,14806.0,95863.07426383226,1494,36507325,22321662,2108518,1407013,7676612,6605939,7758819,6146986,6808770,4025354,4842324,1303224,0,680070,1352092,1347144,5960190,805932
77,000419,2017-09-05,0.0028248587570620654,0.0,0.27927398503165807,12771.0,57415.75815241767,642,10020578,11638902,425492,809327,1815454,3202452,2189868,3393521,3201601,1561003,1933053,749984,0,1463443,455110,459172,0,0
78,000420,2017-09-05,-0.0029325513196482023,-0.0029325513196482023,0.09698719320291742,1705.0,52401.86912538511,1242,12559219,10088048,835328,611160,4020524,2652507,3067805,1341313,1461057,1978478,1192946,488653,691933,685433,0,1753208,1289626,577296
79,000421,2017-09-05,-0.00417246175243402,-0.006954102920723293,0.27848704838322064,6435.0,38839.40176078709,666,6923112,4955028,907072,645087,1839743,2038574,1566124,1084509,920691,904114,505505,282744,756177,0,427800,0,0,0
80,000422,2017-09-05,-0.012800000000000034,-0.012800000000000034,0.15814168695483716,18630.0,236396.11699685577,1563,84658379,43696224,1284723,1144320,6451699,6621361,8068666,5048979,10329538,7200016,7187315,6367822,7080394,5162553,6979484,2670412,37276560,9480761
81,000423,2017-09-05,0.024472709708581508,0.021413620995008875,1.1054808678405765,63140.0,301711.0725176976,3156,196209355,274984022,757526,1166947,10733183,12761161,20019929,25049567,34611373,39808359,21277020,31593611,17121142,26888324,11116809,21643056,80572373,116072997
82,000425,2017-09-05,-0.007832898172323799,-0.0026109660574412663,0.07244101812020422,7620.0,99455.29329196863,2818,39862258,43712914,1670953,3909378,7693308,14769639,4119065,7684592,5699774,5149762,2546969,1793078,3227097,1819404,857490,2663695,14047602,5923366
83,000426,2017-09-05,0.006422018348623881,0.011926605504587018,0.20487909665139956,20349.0,139883.21453197868,2840,88303565,88567794,1868240,1863734,10649772,12169592,14065671,11499414,17871792,18929187,11777881,12353102,7900078,8766870,5381589,4933576,18788542,18052319
84,000428,2017-09-05,-0.0039525691699603405,-0.005928853754940566,0.2196745553958374,10070.0,203282.34950518465,530,16070029,10616833,442809,389410,1772333,1712304,1561716,1882161,1404681,1530091,1824371,1279363,653300,716091,0,492967,8410819,2614446
85,000429,2017-09-05,0.004566210045662267,0.004566210045662267,0.26361762608564093,12292.0,77522.73748582348,1104,13382159,25218332,767432,1544344,3970342,6514634,3006671,5600610,2440467,4800085,799466,2270752,351918,1008419,859625,445410,1186238,3034078
86,000430,2017-09-05,-0.008411214953271018,-0.013084112149532645,0.359802694475889,12768.0,74121.63038047729,884,19559859,11628593,744528,636449,4777563,3445643,4003681,2331052,3927052,2336066,1467765,514656,672292,346212,1219643,851599,2747335,1166916
87,000488,2017-09-05,-0.017068864037669162,-0.012948793407886905,0.3223052850848776,46871.0,289949.51831330307,2780,176101071,170815125,784783,1483672,9433694,13270203,15440835,19082243,28935447,29739078,19065680,20356004,18832003,16427581,13091562,11695504,70517067,58760840
88,000498,2017-09-05,-0.015606242496998934,-0.009603841536614643,0.2274988458837846,8260.0,58829.0597335488,1342,23498749,11451318,1807545,902083,5816491,4797325,4141975,3466958,3213550,1387548,3720000,897404,1619112,0,829265,0,2350811,0
89,000501,2017-09-05,-0.007726269315673329,-0.012141280353201056,0.47039895360106865,16119.0,198868.57366841257,1485,56107709,35078531,1715682,689827,6739607,5155067,7612833,4665440,8342414,4767820,2698637,4175560,3463960,3585751,1289393,1370943,24245183,10668123
90,000502,2017-09-05,0.0008183306055646877,-0.004909983633387904,0.43905224326576564,10989.0,48404.28701938258,774,10651991,8311752,740505,940158,3121928,3396390,1435835,1637296,3185312,1055763,731508,653615,951331,0,485572,0,0,628530
91,000505,2017-09-05,0.004950495049504955,0.001980198019801982,0.46743530595828275,10130.0,74059.01938876166,466,11669189,6556787,266274,331129,1927942,1392058,1616618,1354609,2084022,1488170,1539980,1990821,1908332,0,810022,0,1515999,0
92,000507,2017-09-05,0.011669658886894085,0.011669658886894085,0.19304295960794582,73645.0,297184.69724147225,3333,234107293,316362135,703496,760709,13892310,13195651,21779403,22898205,42584267,44770963,28390123,38984281,25960875,26314034,16567303,21043363,84229516,148394929
93,000510,2017-09-05,0.005940594059405946,0.005940594059405946,0.2239707278274445,20000.0,96013.1084188586,2035,51761517,38716475,1285074,1124328,10544292,9534942,11732650,8681265,11310224,7948635,6264052,4265386,2643201,1073715,1369795,871222,6612229,5216982
94,000513,2017-09-05,-0.00448979591836729,-0.004693877551020353,1.2283662608351011,24490.0,217537.11471691012,1591,69563971,41616486,1012864,2014880,6471630,11676569,8992996,6767965,5859996,7423727,7259939,2359372,3130449,2281814,2261268,2757052,34574829,6335107
95,000514,2017-09-05,-0.002484472049689601,-0.002484472049689601,0.23934350180599454,12030.0,73020.77545999068,1131,18019219,17258532,1320176,1074964,5233218,4749536,3477801,2873170,3392287,2054636,1397195,1181665,1721897,1453725,886510,1779688,590135,2091148
96,000516,2017-09-05,0.019157088122605526,0.021072796934865856,0.12446611731468099,21400.0,182909.38138057658,1762,61682287,86835819,950907,1189330,6578635,7210911,6268605,7823514,11130626,11955803,6838285,12407054,6149052,9682036,3089257,7495006,20676920,29072165
97,000517,2017-09-05,0.011467889908256756,0.004587155963302614,0.09302439150157925,2604.0,42234.41002727536,2206,21694023,11789173,2793579,1191119,5909001,4461291,4899344,2031964,2833899,2072208,1401814,1203392,394940,394200,1745548,434999,1715898,0
98,000518,2017-09-05,-0.006345177664974555,-0.005076142131979711,0.34764477404282607,10192.0,78708.80780068136,513,9759985,4969346,614557,431783,2685837,1962828,1283053,1182892,1487872,587259,582512,804584,0,0,0,0,3106154,0
99,000519,2017-09-05,-0.010619469026548756,-0.009734513274336387,0.25540345316965757,21261.0,138523.76396199578,1958,65527924,44052351,1286512,1230476,10254657,10357869,8519442,8776440,11734944,9606049,7749883,4088542,3110522,1409676,1312802,1790625,21559162,6792674
100,000521,2017-09-05,0.0033840947546530664,0.0033840947546530664,0.13013323586380812,1184.0,31234.276316678683,2065,7611284,11469569,656259,1786266,1827870,3163352,2902375,1829342,939012,2883631,752068,208143,0,747773,0,851062,533700,0
101,000523,2017-09-05,0.0030737704918031294,0.0010245901639343025,0.4158429539069402,14655.0,48793.716234927444,550,8817362,8156104,714866,637885,2499214,2962729,1347407,2417011,2114993,1881266,714876,257213,1014134,0,411872,0,0,0
102,000524,2017-09-05,-0.0030188679245282124,0.0007547169811321641,0.3736729063280713,14696.0,71346.81985895365,1257,24901458,23874298,953359,1351974,6311001,5793087,5993334,3966184,4833934,6454455,3661267,3390840,1413000,369325,1735563,1754412,0,794021
103,000525,2017-09-05,-0.004723665564478119,-0.008030231459612791,0.5261394002977396,16968.0,85652.51170393705,1621,32747143,33702346,869751,1286252,7381405,11241755,5002402,4933469,4959285,6486036,4659721,3457302,3089262,1643126,2283067,930800,4502250,3723606
104,000526,2017-09-05,0.015716486902927596,0.009244992295839749,1.5816162466964163,16302.5,74998.0838961458,420,6370796,8907688,344794,408492,2307752,1879513,1929280,1139926,735937,1018101,728234,1291018,324799,1656216,0,0,0,1514422
105,000528,2017-09-05,-0.01091703056768556,-0.007641921397379958,0.1871961178414998,9090.0,125012.47173956165,2398,51189329,33394048,2070723,2782359,8461888,11733950,5625471,7805570,6915321,5865870,4278953,1886179,2733753,959922,5392210,829951,15711010,1530247
106,000529,2017-09-05,0.0,0.0,0.3802253851844007,13110.0,55262.31639149251,530,10384573,6213102,487140,436754,3189974,1761831,1843895,2488544,2044384,1049486,721214,476487,340851,0,1757115,0,0,0
107,000530,2017-09-05,-0.007905138339920903,-0.011857707509881354,0.22382346878641687,12767.0,94219.86179265827,1150,25445865,17626335,1083325,790926,5251778,3935125,3995865,3463242,4339017,3930788,3471157,1381601,979534,1502354,886500,403608,5438689,2218691
108,000531,2017-09-05,0.0033821871476888976,0.0033821871476888976,0.3619378015933431,12911.0,56521.65885990668,600,9150852,5733371,696897,453817,3663001,2349978,1945625,887346,906126,640912,802172,0,0,666178,425831,0,711200,735140
109,000532,2017-09-05,-0.005759539236861011,-0.007919366450684029,0.4376120444739458,13900.0,69923.35154656383,1007,22752881,13133452,922091,811424,5171688,4321979,5417066,3470157,4356123,2378437,2062730,658763,1373349,347256,2289204,454936,1160630,690500
110,000533,2017-09-05,-0.008746355685131157,-0.0097181729834791,0.5469735085904471,12252.0,115932.82803438156,353,12553850,5369004,229783,251378,1669111,1306399,1423787,766450,2126990,751779,1418080,635597,315489,686756,0,457082,5370610,513563
111,000534,2017-09-05,0.043358568479008985,0.05299380591878888,0.3506137428617644,22920.0,219790.41572710295,1726,71140732,82318612,1079863,1367247,6982378,7709030,6020977,6584200,10619621,10736768,6341096,7741280,7264554,8320805,3629296,6208930,29202947,33650352
112,000536,2017-09-05,0.020905923344947785,0.006968641114982521,0.17945712027380742,6341.0,146460.29338886397,1024,20158881,17492524,920772,1067571,3045871,3283954,2102470,3127692,3253554,2781844,1463009,2260463,1049350,2428204,412300,1378921,7911555,1163875
113,000537,2017-09-05,-0.024070021881838155,-0.024070021881838155,0.2507630651464298,18627.0,183283.2515787203,1329,59146878,41110090,837979,1423028,5169490,5574992,7687934,5335304,9118484,7209727,6027276,4808301,4410955,3660289,5884518,3164315,20010242,9934134
114,000538,2017-09-05,0.02334494773519169,0.022880371660859433,1.7584251275332985,43050.0,225474.65168364104,2397,78576666,150277619,1400608,2474141,11048447,12410655,14017037,20770241,15613713,18969965,15024417,13159121,3722702,9145226,4907976,11271008,12841766,62077262
115,000539,2017-09-05,-0.0018518518518519933,-0.0037037037037037646,0.23992586811477717,5380.0,79061.4869053673,506,9035692,3983459,428900,441241,2042103,907596,1111877,569595,1712634,884149,431211,252720,0,313698,0,0,3308967,614460
116,000541,2017-09-05,-0.00328227571115991,-0.00328227571115991,0.25737293776568304,6377.0,89778.54538735749,1261,21966099,13234269,1391509,1176377,4481537,3349980,2884783,1984609,1517992,2188256,1548159,1291910,1685135,1451272,1755035,1269863,6701949,522002
117,000543,2017-09-05,0.0017605633802817433,0.0035211267605634866,0.14826310696194317,11400.0,192457.20027090985,1469,26941941,56722454,1108382,1240162,4131910,8751776,2963198,5365720,3074743,5969185,2743182,4621336,1057844,1406742,410647,889296,11452035,28478237
118,000544,2017-09-05,-0.005583472920156374,-0.005583472920156374,0.5480992302668242,17800.0,56016.90751214986,1067,21039978,17207836,931836,1008477,5722995,5628661,4550383,4372121,5524363,3559245,1961483,954555,1424083,668016,924835,449541,0,567220
119,000545,2017-09-05,-0.011058451816745696,-0.012638230647709303,0.1428688600722102,16354.0,86751.01752577127,1966,51863483,35306364,1349071,2195985,9938407,9599754,8987765,6497606,9235484,9800558,5075629,3788077,4485799,1774390,5049261,497952,7742067,1152042
120,000546,2017-09-05,0.014446227929374,0.0040128410914925805,0.40826267459224536,14916.0,75034.76906204828,931,16353794,16340116,916863,425624,4995261,6202389,2959276,1765569,2980727,2511938,1759759,1956437,349440,1704049,472720,500000,1919748,1274110
121,000547,2017-09-05,-0.005823627287853572,0.0008319467554076532,0.23603984744673728,28752.0,165942.82146423394,2595,119782339,85074116,1404200,1538504,12904277,11572527,17483149,12834966,23792026,18377281,15682753,11328975,9887636,5190637,7615133,2312027,31013165,21919199
122,000548,2017-09-05,0.001240694789081953,0.001240694789081953,0.24908255453862552,8855.0,59894.02850061983,1047,13088329,11926129,883782,723895,3802127,4192100,2105318,3252648,2086331,1307141,1001337,686388,1103984,303485,472535,895466,1632915,565006
123,000550,2017-09-05,-0.0029925187032420197,-0.005486284289276777,0.607097188579206,7972.0,68526.74129621172,1090,15435935,13127778,962669,1378515,3951936,3763688,2430961,2788828,3384972,1115455,707160,757357,1056141,650625,492765,0,2449331,2673310
124,000551,2017-09-05,0.0010427528675702735,-0.0031282586027110426,0.36946891667706605,15247.0,77398.89274064192,673,15207247,11365181,815961,513886,3985913,2991982,3315365,1675705,2956555,1681134,1326341,884634,1425380,1074135,1381732,433115,0,2110590
125,000552,2017-09-05,0.045454545454545636,0.05023923444976086,0.07765820904601652,24882.0,314449.46130490187,2919,130858787,208984525,1293020,2109894,9226686,12650631,9781485,14048637,17353937,21196930,15158459,19161096,10295049,10674487,14264300,13732298,53485851,115410552
126,000553,2017-09-05,-0.0014124293785310327,0.0,0.4666681848026436,18895.0,58080.589776315086,920,15075314,17019023,657396,865954,3517697,7233689,2953030,5527608,3313936,1910347,2270463,284200,991872,779993,417952,417232,952968,0
127,000554,2017-09-05,0.009398496240601517,-0.009398496240601628,0.22910962532756005,27768.0,158446.7202602708,2159,89270798,80030782,1170217,1288541,9678410,10617538,10340161,10251301,13683452,17376099,13602963,11926823,7173577,4854601,8539645,4144577,25082373,19571302
128,000558,2017-09-05,0.0235294117647058,-0.0014705882352941124,0.1945500739229968,10920.0,68367.55902701357,1222,25135470,13635582,1291426,1078737,6738396,3725914,4244970,1865061,4595619,3763787,3317245,1411791,1028134,317346,420580,936318,3499100,536628
129,000559,2017-09-05,0.015037593984962516,0.007518796992481258,0.2576299211128828,21140.0,204898.3796902707,1706,70945603,68357918,1261747,1072873,7689066,6936590,6584199,7041156,9909379,10580793,8489941,8684746,5171497,6704339,2601036,7356866,29238738,19980555
130,000560,2017-09-05,-0.007493755203996644,-0.017485428809325465,0.2234246708174041,51744.0,288728.659307518,2897,214577191,171210478,982271,1085753,12026387,12203548,19625572,15785666,30497385,24966795,25461809,19430319,20732758,18331135,20511158,15155511,84739851,64251751
131,000561,2017-09-05,-0.0019474196689386325,-0.0029211295034079487,0.33701402894759597,12312.0,58645.31067953538,928,18540039,9481264,822485,602680,5841267,3499184,3703108,2023116,3774439,1491949,1550725,638318,1403093,300468,493626,925549,951296,0
132,000563,2017-09-05,-0.008960573476702427,-0.007168458781361964,0.1373975990024737,13272.0,133210.97081804747,1652,42849161,42180191,1306153,1596910,7363471,6608360,5493130,7359490,5776502,5522043,3882070,5049479,2806622,3114769,4018502,924009,12202711,12005131
133,000564,2017-09-05,0.004643962848297267,0.001547987616099089,0.14843885909472015,648.0,33786.73030438014,1895,5889968,9815472,552319,1763859,2051414,3224697,1381562,1657182,788770,1014745,456713,521968,0,317186,0,0,659190,1315835
134,000565,2017-09-05,-0.007299270072992692,-0.007299270072992692,0.33955296756219,14205.0,114743.36007877198,797,22550286,10227125,814106,1066384,4129039,3719951,3287696,2097287,3028206,1764745,2040483,1111850,993403,0,2261749,466908,5995604,0
135,000566,2017-09-05,0.0015325670498083088,-0.0022988505747126853,0.542851454434838,13030.0,144501.82338226525,577,21967325,14312885,702144,330304,2446772,2167331,1997839,1100463,2943069,2535526,3315914,1170205,3314367,703108,1301302,1865499,5945918,4440449
136,000567,2017-09-05,0.0019394879751744032,0.001163692785104642,0.9402406940101886,13000.0,57820.668251514646,751,12619817,10338273,517285,717275,3953025,3530704,2675996,2344106,2480938,1110981,962083,1483842,395200,631165,412810,0,1222480,520200
137,000568,2017-09-05,-0.00315398886827456,-0.001113172541743923,1.0861052610129902,32328.0,278599.0626663403,2463,147345399,111314453,1170867,832102,11022467,16745572,10154425,12203076,21655921,13901284,16605403,7102646,21688891,6577400,9937893,6147177,55109532,47805196
138,000570,2017-09-05,-0.002666666666666595,0.0,0.35842613460680883,14940.0,75992.43897997244,437,9786571,7803296,299862,556004,1794085,2373565,983582,2471848,1506012,765836,1806880,927199,1317274,708844,872445,0,1206431,0
139,000571,2017-09-05,-0.0026845637583893245,-0.0013422818791946067,0.20208563055329928,7465.0,120237.91726116445,1360,31561239,17822153,994672,1186907,4255125,5037540,4166609,3574816,4705879,2572662,2035145,2696469,1343865,1714959,487975,0,13571969,1038800
140,000572,2017-09-05,0.0,0.0,0.17526707678587108,7470.0,73891.82567030325,807,13022751,9012219,1291762,552199,4240534,1850247,2036146,1381003,2258702,1093936,1494522,944148,657882,0,496503,482064,546700,2708622
141,000573,2017-09-05,0.003350083752093891,0.0016750418760469454,0.17995538874127107,5950.0,61754.81262252217,1101,13809382,12174747,1420882,955313,3026879,3673780,2595478,2915038,1298552,1323586,1341266,1408732,2019814,315216,0,449849,2106511,1133233
142,000576,2017-09-05,0.0,-0.001807228915662762,0.9602225365587542,13212.0,96272.44397171924,298,8355265,4947377,401632,168679,2019159,597629,1245501,216508,733261,442772,1123921,1379369,1073058,1039188,412750,0,1345983,1103232
143,000581,2017-09-05,-0.006933744221879756,-0.00924499229583986,0.5549752784876951,38625.0,264936.81308720977,2188,130610575,124863529,787824,1021392,10033149,10395704,11883779,11273794,22165204,17994034,13527455,14464290,12097148,9927444,5762409,6940449,54353607,52846422
144,000582,2017-09-05,-0.011513157894736836,-0.009046052631578871,0.34525493293721643,15651.0,70436.46961213306,1240,32630107,15466760,979476,965652,7380134,5324820,5761083,3152711,7686819,3626358,3113311,1270436,1497776,703983,2190133,422800,4021375,0
145,000584,2017-09-05,0.010623229461756312,0.012747875354107707,0.3983996544001402,28540.0,94110.45989066162,1256,34712907,36365086,498438,888864,7380728,6507768,7375136,6233273,7699481,7413569,4443714,3995843,2617454,3073280,3117496,2646831,1580460,5605658
146,000586,2017-09-05,0.025641025641025772,0.01139601139601143,1.183665825007556,12798.0,193570.58721289117,316,9658954,11620633,96326,353738,854729,1511014,730263,964768,1012613,2866933,422800,1335744,328444,995720,1337159,487596,4876620,3105120
147,000587,2017-09-05,-0.0038461538461538325,-0.0038461538461538325,0.26747770233362395,9348.0,144908.65073334821,850,23401630,17487887,919551,842313,3699079,2335184,3085471,2235533,3513296,3505770,1838002,1955760,1812743,1430914,835805,1447374,7697683,3735039
148,000589,2017-09-05,0.003472222222222321,0.0,0.1931821030337112,10944.0,110495.0577416133,889,14705507,17552857,688641,804564,2791510,3821411,1802347,2755229,3216592,3503279,2151014,1497436,673528,705415,401710,919859,2980165,3545664
149,000590,2017-09-05,0.0018326206475258733,-0.0018326206475259843,0.9375235523357324,15463.0,105151.06726371359,304,6745576,6540106,298675,206403,1328785,1322115,1016116,728324,1524900,1581639,495822,751170,386546,640155,488100,492300,1206632,818000
150,000591,2017-09-05,0.006779661016949268,0.0,0.1755638065444485,10566.0,72400.5715075951,1130,17692011,15132041,987793,1087158,3788110,5219548,3120162,2893477,3849643,2276429,1019823,1226786,1120645,1472843,0,432768,3805835,523032
151,000593,2017-09-05,-0.006896551724137945,-0.010837438423645485,0.41941573030233625,10030.0,78253.14557507254,585,12244170,6634841,492416,476493,2802239,1648863,1622250,1586521,1661436,1265306,1032953,1154158,1438467,0,436897,0,2757512,503500
152,000595,2017-09-05,0.051724137931034475,0.051724137931034475,0.1340904361666004,17523.0,385821.2551664013,1517,33489807,64531391,1360895,726207,7900789,5174618,6334866,5944273,7329750,11802841,5707036,8582101,1032256,4338476,1312106,2670151,2512109,25292724
153,000596,2017-09-05,0.0007748934521503159,-0.0013560635412630528,1.3269140162562227,10354.0,84677.54799645413,1513,29238128,22154739,737690,2337032,6476732,5648951,7887539,3478254,5584647,3768378,3390549,1344042,365934,0,0,884826,4795037,4693256
154,000597,2017-09-05,-0.007772020725388629,-0.011226252158894723,0.31934176869457603,16044.0,203567.1022380588,1315,41778200,34109936,1294296,700828,7108484,4801956,5279797,5264092,5948573,6882513,4532961,3533004,2087095,2809747,442748,415439,15084246,9702357
155,000598,2017-09-05,-0.008726003490401535,-0.006980802792321161,0.14863930748184515,11420.0,260511.52810646352,1488,50547215,30742366,1289450,1173974,6396293,5191323,4176543,4243223,7504922,4686213,3028349,3099667,1671175,695478,957825,897882,25522658,10754606
156,000599,2017-09-05,0.01185185185185178,0.001481481481481417,0.2186307880852923,13480.0,135903.20749026493,953,25232277,23367306,617480,1100548,3655153,4197599,2613769,3672519,2746603,3287977,1966894,2131351,1700348,2343825,1718984,1407375,10213046,5226112
157,000600,2017-09-05,-0.0260736196319018,-0.020705521472392574,0.23552082923874315,57532.5,341134.01950551616,3068,251818431,180795099,765744,1085332,12829092,13302070,21395273,18419852,41396422,32561518,27363417,24235953,19559821,17450027,13482686,17471222,115025976,56269125
158,000601,2017-09-05,-0.008021390374331583,-0.008021390374331583,0.27562230751099287,13356.0,116572.99707620309,736,26548557,9688345,897306,452340,3815700,1979362,3252757,1815169,5932796,2513697,802844,915542,1842160,743500,935568,456685,9069426,812050
159,000603,2017-09-05,-0.013592233009708687,-0.015533980582524198,0.3853439289634108,18372.0,110107.23216190674,1608,54257362,34685725,1041412,1220112,7340779,7873430,7765987,6345920,10201342,9156544,4518565,2790892,4478267,2313444,3669011,1761030,15241999,3224353
160,000605,2017-09-05,-0.021497405485544907,-0.01371386212008896,0.6499897473834603,26670.0,142469.6186242799,1723,74156992,37212993,664861,1038694,10424332,8781125,8995189,6382437,15488439,8980214,9552505,2686006,2847427,4269036,4438452,1796246,21745787,3279235
161,000607,2017-09-05,0.009186351706036877,0.011811023622047223,0.21090119443966643,15360.0,89539.25292918381,1306,26226151,32631174,1480518,1035889,6188614,5958494,4697301,4067111,5162099,7169468,2619363,5596565,3079736,2541882,407570,1763817,2590950,4497948
162,000608,2017-09-05,0.005479452054794498,0.005479452054794498,0.3288860749571908,8766.0,37884.81841308442,492,4144014,6238899,390820,418299,1704995,2474014,1044369,1199304,639330,1561082,0,220200,364500,366000,0,0,0,0
163,000609,2017-09-05,-0.025293028994447853,-0.03331276989512655,0.3504727428315742,26902.5,225307.68254731552,2144,100389322,74553370,1239528,1325202,9428717,11260254,10572832,9919235,16471928,14028042,13140415,10105134,10774081,4963285,10796977,3880788,27964844,19071430
164,000612,2017-09-05,-0.010869565217391242,-0.005928853754940566,0.2351482964993346,20020.0,238575.59079933204,1854,92607266,48808645,1251708,1442762,9172183,7425306,8453722,5639399,13159477,8176844,9961755,4606072,6414216,3682649,4866791,1784282,39327414,16051331
165,000613,2017-09-05,-0.007209062821833201,-0.010298661174047541,0.2587556392390077,16371.0,71557.19530034026,1408,33118305,24512488,984855,1798046,4602072,9221015,6481661,4025196,12757657,4046589,3536647,2388542,1661685,962360,1304988,1366787,1788740,703953
166,000615,2017-09-05,-0.0190346702923182,-0.011556764106050443,0.26679884694521927,57219.5,304690.2386553536,3042,214357720,183853238,888682,1171103,12466831,14301980,19980397,20054706,35969465,36598053,23372270,26469173,25193514,15445608,14193698,14809197,82292863,55003418
167,000616,2017-09-05,0.0,0.0,0.1468954875284738,6832.0,81542.16693114181,956,18411184,13703322,1070537,699441,3238605,3056936,2952158,2347957,2615805,1821864,1441019,1385220,1356102,2386132,3511812,0,2225146,2005772
168,000617,2017-09-05,0.033467974610502216,0.030005770340450377,0.43102160684730867,10716.0,89202.99294013975,1617,23604227,41035245,1046322,2010386,4952694,6690823,4621620,7488270,5969932,8826992,3568676,4359694,1373529,3750132,906867,2322050,1164587,5586898
169,000619,2017-09-05,0.0020408163265306367,-0.0020408163265307477,0.42177675405864823,13705.0,82788.62148242143,539,13342701,8097359,713350,558954,3140222,2202710,1969911,2324090,2967491,1606760,669906,685550,390800,719295,488500,0,3002521,0
170,000620,2017-09-05,0.008207934336525335,0.006839945280437965,0.208720625000664,7340.0,60689.46595935219,1229,12789935,13237568,967123,1128571,5182758,4583803,1736133,1395453,1259971,1022367,264264,0,1297858,0,436272,1764226,1645556,3343148
171,000622,2017-09-05,0.0033444816053511683,-0.0016722408026756952,0.23162562062697972,2384.0,41861.85145062042,666,5073170,5824966,252573,560118,1544306,1900203,1211067,1075788,1216700,637596,468914,825205,379610,324224,0,0,0,501832
172,000623,2017-09-05,0.0012919896640828377,-0.0021533161068043594,0.5473758129605071,25531.0,303174.5796236231,1799,76129858,93038766,1125470,1261120,7853823,8881598,8665151,8672874,10277413,13279599,8352198,9115034,8609129,4462317,6697345,4369216,24549329,42997008
173,000625,2017-09-05,-0.002184996358339464,-0.002184996358339464,0.2922684096326668,17862.0,468640.16294068156,2207,113027802,61089492,1289730,2179224,8923517,12055111,8110687,10642682,14668167,11820494,10795940,8827474,2656893,3311470,3537471,4846243,63045397,7406794
174,000626,2017-09-05,0.05504587155963292,0.06368051807879116,0.39739982326088863,39320.0,188313.44583524,2177,97552152,122812931,1404339,1167926,10105348,9292584,12564016,11657096,18770993,20106352,15380250,17606799,9217520,8717305,5719542,8175218,24390144,46089651
175,000627,2017-09-05,0.045940170940171,0.030982905982906095,0.16340801447516928,47000.0,212827.82014842154,3286,145126621,221865896,1194437,1575607,13693813,17803060,15013116,26900501,28860035,35996598,23435152,27030380,15476451,21766473,10297283,13288742,37156334,77504535
176,000628,2017-09-05,0.049808429118774145,0.01819923371647514,0.30026874768346157,18918.0,79434.17816645133,1209,20725890,33333505,665536,844541,5135068,6866129,4253297,5366880,6317616,7437531,2629869,5271753,689974,1326693,470640,1409236,563890,4810742
177,000630,2017-09-05,0.003076923076922977,-0.003076923076922977,0.057063089290534344,32200.0,540216.0423216051,3285,245741168,216454480,2222785,1709714,15688103,12477060,19511249,16293764,30967478,23255414,18387568,11952895,15939913,12242606,7521033,10579559,135503039,127943468
178,000631,2017-09-05,-0.0024691358024691024,0.0,0.11138619949428698,3240.0,70605.70740574096,1326,14471237,13188475,640388,1152422,4347763,3955951,2377141,1832784,3324346,1789480,2494318,1787974,646731,644864,0,0,640550,2025000
179,000632,2017-09-05,-0.0015673981191222097,-0.0031347962382444194,0.23606183769907518,10871.5,57201.527705985194,730,12086502,8504278,566498,728823,3447314,2959181,1989229,2267556,2123179,697034,1360840,520000,1054218,1331684,910780,0,634444,0
180,000635,2017-09-05,-0.004466501240694809,-0.005955334987592931,0.4399831382874979,22231.0,95484.67128102534,2098,67315183,50167333,1327530,1659939,10765261,10941641,11590842,9308453,16163653,12486042,9294712,6621323,5691554,4647206,2243412,883863,10238219,3618866
181,000636,2017-09-05,-0.01778242677824271,-0.012552301255230214,0.21125286721665246,21758.0,110707.49258550188,2049,70499689,40589927,1512651,1429038,12508930,10095100,12289110,9398206,13248954,8994816,8830997,2693327,5403361,2013657,3652249,2799874,13053437,3165909
182,000637,2017-09-05,0.00687757909215958,0.0013755158184320937,0.2200151232453225,7240.0,60772.18322585055,1092,16088411,11414706,902253,888960,3260160,3528112,3323137,3581313,3689925,1769732,1521273,507198,1077168,620301,0,0,2314495,519090
183,000639,2017-09-05,0.01667460695569334,0.019533111005240578,0.5853514370363332,14948.5,87348.62578587624,1286,26990823,26172012,993678,1210477,6607423,5212222,4721889,3790554,6492956,6143310,2602721,4119617,1050072,2045151,2242233,832130,2279851,2818551
184,000650,2017-09-05,0.0033840947546530664,0.0,0.19093452354469598,14800.0,101530.98892592709,958,18156604,24389243,878914,732193,4472174,3984445,3209160,3705188,2673357,4739416,1940776,3008531,1358700,1407219,465481,1362605,3158042,5449646
185,000651,2017-09-05,0.00131302521008414,0.0015756302521008347,0.637574424296709,186396.0,883133.4904237723,3567,676746257,738381470,217949,149049,6329515,8016034,20148019,21991130,55190064,56927533,54512661,49491624,47550221,53152859,53369220,50276073,439428608,498377168
186,000652,2017-09-05,-0.012867647058823595,-0.011029411764705954,0.14588268444729285,10880.0,101133.75718994786,1392,32870766,17773126,1354113,925780,7890818,4295150,6214311,2440086,5072018,3238591,2998913,2466022,1709304,653869,910553,877950,6720736,2875678
187,000655,2017-09-05,-0.017297297297297343,-0.007567567567567601,0.2084257928237764,22912.5,112676.50189018463,1972,63886906,50973723,1388219,1464654,10104386,9747569,10258317,9617179,12176630,10612138,10374883,6516159,5759479,2881433,2711070,2701068,11113922,7433523
188,000656,2017-09-05,0.0,-0.004032258064516014,0.1194929195724052,7425.0,105474.30394215218,1727,23957329,30489758,1114274,2734686,4970153,6725211,3921390,4487286,3011520,4407800,2453774,2303538,307344,1073222,1455220,994480,6723654,7763535
189,000657,2017-09-05,-0.019410977242302452,-0.02476572958500667,0.37789483694975445,22080.0,195661.15727134704,1565,59940981,41535137,944393,777836,9676408,7377595,9577937,7523675,10063628,5782426,6753778,756862,3263466,3488783,2067253,407270,17594118,15420690
190,000659,2017-09-05,-0.007299270072992803,-0.014598540145985495,0.12732507643500376,10162.0,90974.63700186483,1044,26247809,17826088,506205,1144801,3779858,4486651,3194258,3368773,4227093,3336046,4586748,2733760,2445044,1750757,2904105,413696,4604498,591604
191,000661,2017-09-05,-0.002300503235082574,-0.00668583752695906,3.7344536577910974,41445.0,258919.22431990207,1387,81598653,61550224,9681,4163,8894869,6776807,10264970,6797940,14191702,10733525,9002013,7369068,3561318,2864203,4433963,5157467,31240137,21847051
192,000663,2017-09-05,0.017934002869440357,0.015064562410330051,0.5682640627919235,14130.0,65948.52598679649,601,7554413,12820905,481606,449461,3025067,2964383,1523363,2154865,1957577,2062198,566800,2451818,0,0,0,851100,0,1887080
193,000665,2017-09-05,0.004850444624090677,0.0056588520614389015,0.4326695238886157,12490.0,164315.72056629244,817,17768977,21055655,1027424,499006,3781646,3277179,2594133,2675774,3846740,3447624,2213600,1001274,745902,733885,0,2417663,3559532,7003250
194,000666,2017-09-05,-0.0026773761713519972,-0.0026773761713519972,0.5354868947966435,22320.0,175322.31940709677,1751,62992773,52364137,515170,2183840,6736219,10693176,7529501,6599014,12325121,9380446,4574183,5805313,4501169,1376504,4932920,5151919,21878490,11173925
195,000667,2017-09-05,-0.002941176470588225,-0.002941176470588225,0.1021106633504658,6460.0,58384.76176965938,1112,13980430,9007521,1573063,1008296,4139025,2421560,2359637,1343072,2140174,931137,519348,204680,995982,1751696,486804,497080,1766397,850000
196,000668,2017-09-05,0.01925254813137034,-0.003397508493771184,1.033682458446746,5310.0,69430.30405471269,291,2840556,3160731,235748,435438,923525,745337,602051,576314,317936,105359,458562,264000,302734,0,0,0,0,1034283
197,000669,2017-09-05,0.002418379685610539,0.004232164449818665,0.4534388754645732,16530.0,97088.93439285104,1330,24334834,29246445,1142356,1318435,5531975,6570799,5315500,7268592,4290184,4840247,2586269,2037457,399819,992292,444657,2414961,4624074,3803662
198,000670,2017-09-05,0.09739130434782606,0.09739130434782606,0.1370851131891127,18930.0,315736.3026961745,1761,129315935,36434684,2547836,227290,11801025,1362612,11967952,1539188,17734101,4722753,14323922,4860740,10272383,4189316,5854695,2268923,54814021,17263862
199,000671,2017-09-05,0.06565656565656552,0.05892255892255882,0.11789158307308086,31349.0,390162.45561863884,2550,153253483,238879426,999341,1846468,8228563,9974645,8023249,12470000,19258274,20030993,11419421,11580795,15233760,17254457,9399077,11763348,80691798,153958720
200,000672,2017-09-05,-0.014097744360902276,-0.017857142857143016,0.2170857834644443,22134.0,201108.0564663197,2404,104760132,52127583,1229345,1486333,11831371,12472520,12945927,11967994,18863524,13540346,9814145,5490347,8285960,3042870,3426910,409768,38362950,3717405
201,000673,2017-09-05,0.012957317073170715,0.004573170731707377,0.368317753289106,38135.0,253475.29088165244,1270,57175783,65197579,745634,461659,4619850,5156037,5457797,10225282,8063096,16041268,9359332,7146715,5800666,8095745,1736707,2699759,21392701,15371114
202,000676,2017-09-05,0.00068493150684934,-0.003424657534246478,0.3457303900772486,14540.0,68709.5445402177,1784,38108015,26849627,1457250,1007388,9767682,7247630,7129374,5895420,7534215,6829127,3329193,2474863,3884737,1375306,2321646,1311793,2683918,708100
203,000677,2017-09-05,-0.010040160642570406,-0.008032128514056214,0.21078903631645565,9940.0,191767.93458382488,558,20142368,7382390,624107,604716,2527461,2249406,1480592,901374,2170968,2063667,1625825,499609,0,319618,2355668,0,9357747,744000
204,000678,2017-09-05,0.020547945205479312,0.020547945205479312,0.2400494151100303,15001.5,104472.02712602796,1332,22273210,42933290,1033296,1846502,4724027,7530305,3063505,6393113,2996854,5765263,3170198,4386928,1750223,3404943,1827606,3588176,3707501,10018060
205,000679,2017-09-05,0.01382978723404249,0.01382978723404249,0.32193098198072423,18221.0,48767.65679638206,852,13001655,16323799,867924,721924,4108078,5147138,3806057,3387681,3032485,4052780,1187111,1974544,0,1039732,0,0,0,0
206,000680,2017-09-05,-0.006546644844517169,-0.008183306055646544,0.14301135840967555,12100.0,105764.31480011139,1828,46704337,28075106,1571311,1691076,7483558,6590709,7300327,6261418,7938968,5737595,3668642,3170797,4396698,643572,2663149,497344,11681684,3482595
207,000681,2017-09-05,0.00943920044419766,0.010549694614103045,0.3915360141011279,19701.0,93588.25633129475,2120,53792406,41028117,1346854,2431017,8981929,11330104,9790498,7023774,13649496,8283486,5304572,2860441,5017107,2169615,2743443,958938,6958507,5970742
208,000682,2017-09-05,-0.0037453183520598232,-0.0018726591760299671,0.20546032415310111,10660.0,58742.31354144195,675,12885670,6004393,796173,385941,3904098,1943222,2486439,1333010,1911928,730304,1796763,753778,381628,338556,499421,0,1109220,519582
209,000683,2017-09-05,0.0029673590504450953,0.0029673590504450953,0.06894677317219683,16900.0,208181.6671104058,2407,88325564,84195536,1595228,1610495,10188750,10178934,9590971,9685289,16162554,13690873,10157633,8021982,6211576,5164800,5295681,4990159,29123171,30853004
210,000685,2017-09-05,0.0009099181073703999,0.0009099181073703999,0.2858578389119557,12111.0,120244.25453336736,1478,41095288,25645079,2176705,737671,9320807,3567028,3883710,3095918,4502074,5972769,4083530,3349752,2341918,3777238,0,415077,14786544,4729626
211,000686,2017-09-05,-0.0018433179723501558,-0.0036866359447004227,0.25125854000795894,22667.0,193897.88942113527,1865,91986439,69863543,1018283,1037699,7497288,8821316,6266044,8302877,13346965,13761596,10923995,11985277,9355209,6701498,8092078,2995244,35486577,16258036
212,000687,2017-09-05,0.02397003745318349,0.03146067415730336,0.26541690758056646,41400.0,205389.92661764845,2532,120669767,151405305,1028979,1427574,9402536,11954308,14200103,14232688,22948545,27494237,17535775,18855646,12354386,17936206,13969333,9933533,29230110,49571113
213,000688,2017-09-05,-0.018817204301075363,-0.009856630824372714,0.22354621210385167,32262.0,220990.36070027022,2496,136812770,94930196,1200646,1412036,11621512,8483698,15402367,11582726,28151874,18256664,21995298,11588436,12828123,7195739,9029881,4959058,36583069,31451839
214,000690,2017-09-05,-0.006249999999999978,-0.011249999999999982,0.2125629877536721,19008.0,180944.4494813123,1417,59935621,32603986,1527093,868988,8121262,5524949,7593259,4910061,6797803,7036357,4538656,2721059,3694010,1746225,4833947,1802788,22829591,7993559
215,000691,2017-09-05,0.0027173913043476716,0.0,0.47233094696569716,11040.0,47019.77346487325,242,3383141,3287709,178508,205455,751478,1253522,684353,632613,1233159,827119,220200,0,315443,369000,0,0,0,0
216,000692,2017-09-05,-0.004285714285714337,-0.01571428571428579,0.2576456218891638,13920.0,80867.83535928233,738,16713474,10964108,494177,639501,2968181,4335997,2823571,1518229,2743432,1778856,1554662,1335557,1726231,1355968,864100,0,3539120,0
217,000695,2017-09-05,0.0,0.0,0.5578698050886467,9312.0,43281.982471102245,428,4344415,4526004,405468,417804,1642499,1616151,895606,1008093,1033552,583826,0,0,367290,350700,0,0,0,549430
218,000697,2017-09-05,-0.02368732727990519,-0.02092380576391617,0.4691223844551894,86835.0,1507702.861032409,2920,376657340,556165659,732320,1164829,7146059,12284450,10599570,17392022,23767269,34639040,24996383,32133326,16709650,29306403,15840213,22452701,276865876,406792888
219,000698,2017-09-05,0.025899280575539585,0.011510791366906581,0.18430544235210017,16488.0,144808.03754268633,1423,43118135,38010650,1005574,1159296,6526321,5543006,7099548,5864484,8817436,7255415,5152090,3203321,2569922,3890086,2736787,917042,9210457,10178000
220,000700,2017-09-05,0.021828103683492417,0.02046384720327432,0.14451306828676655,62250.0,148138.3419766659,2579,162816489,117730611,788238,1224841,11774805,8254863,25841198,12107470,40147247,25941968,37151420,16623429,19384589,17220225,11445834,12073769,16283158,24284046
221,000701,2017-09-05,0.0037537537537537524,-0.0015015015015015232,0.35798184847010606,17316.0,89150.75743263379,1384,33294096,29049806,904101,1165677,6540779,7996279,6737122,5535640,5024823,7305555,3146478,2964149,2714727,1713576,2701021,1290701,5525045,1078229
222,000702,2017-09-05,-0.0161904761904762,-0.015238095238095273,0.20768400225470227,30570.0,296037.37786126905,2564,118698887,92594565,1677894,915162,18139668,8459416,17705962,10061476,25166925,13153139,15452880,8998541,6387026,7951465,3620470,5840529,30548062,37214837
223,000703,2017-09-05,-0.005959475566150285,0.0,0.38219472045593744,6708.0,132134.26263059658,1931,40578136,37144083,1118342,2663687,6573985,5991544,4362531,5007915,5581037,4713128,2388112,1855635,2055673,1419477,1785391,1432309,16713065,14060388
224,000705,2017-09-05,0.0009718172983481654,-0.0009718172983479434,0.3222013645823305,3090.0,37633.44053902276,1020,6871136,6577895,915697,1178236,1469280,2616861,1447220,1168848,1614617,837150,257526,473540,389990,303260,0,0,776806,0
225,000707,2017-09-05,-0.0026954177897573484,-0.0040431266846361336,0.23983369818380434,14860.0,126899.88521423063,957,32650973,18151084,868077,879257,4984009,3586157,3319851,2797622,5706617,3977028,3865213,1829602,2125169,1035941,2126041,476016,9655996,3569461
226,000708,2017-09-05,-0.016272189349112343,-0.007396449704141994,0.2686351060763292,6720.0,115203.86709355607,2536,45112728,48453930,751040,4091831,6228727,9949218,6610327,6924578,8162522,11105199,3621103,3836352,4946666,1404872,4372201,878454,10420142,10263426
227,000709,2017-09-05,-0.02012072434607637,-0.01609657947686116,0.08430673699240253,87262.5,513575.7255594971,3496,481607582,386689238,746172,872143,11645513,13004263,21604539,22830682,41874187,42965059,44305748,31869517,41584343,24174277,29994592,25980296,289852488,224993001
228,000710,2017-09-05,0.0011866418036956539,-0.003220884895745124,1.4949366526222598,29410.0,106142.27929469991,1557,50558296,45931743,816521,861842,7449468,7893318,7200359,9471188,12551249,11142051,10085742,6323974,2935050,3291509,2560553,2196829,6959354,4751032
229,000711,2017-09-05,0.004726536124240344,-0.00742741390952073,0.47467489135848756,14710.0,120129.93709546502,973,28860158,17888167,666547,899739,3453803,5451240,3446059,3404900,2941507,3156297,4083826,1926435,3278621,1066901,2299810,458952,8689985,1523703
230,000712,2017-09-05,0.0005070993914808586,-0.0015212981744420206,0.46833291681065575,29490.0,187875.19654251053,1773,82282616,57551901,1547481,1004721,9939076,7081751,10352330,8882485,18571109,10757101,8736252,4708789,7339322,4682246,3575009,2915914,22222037,17518894
231,000713,2017-09-05,0.004878048780487809,0.0024390243902441266,0.3270189787008157,9840.0,74164.52258317644,628,9600458,11881061,568286,763330,2333471,2755506,2049357,1491592,2751354,1955638,1194318,898826,703672,1370345,0,409179,0,2236645
232,000715,2017-09-05,-0.011680143755615546,-0.011680143755615546,0.4818000626840336,8816.0,89314.55730104611,533,9088686,5837178,384921,510302,2609561,1650132,1506125,385025,717112,533044,653508,259752,330300,974677,0,952164,2887159,572082
233,000716,2017-09-05,-0.002941176470588225,-0.004411764705882337,0.20060311720791457,12186.0,98706.47549174938,1149,25762036,20302275,900238,1025037,4603937,4676824,3728863,4027969,3933883,4263801,2284845,993371,3092897,322050,893604,1370172,6323769,3623051
234,000717,2017-09-05,0.020454545454545503,0.01931818181818179,0.14831304907588025,160717.0,776282.2842140346,3536,667568757,657716448,322647,463360,8901677,7858245,21112343,18754085,49357285,46842004,49471888,43425760,38998391,42597602,32418064,46141877,466986462,451633515
235,000718,2017-09-05,0.0036231884057971175,0.0,0.12977009749619645,5510.0,120921.6193680472,1812,32840500,20876060,2920726,648818,6944946,2937483,3271943,5676099,3870882,2734293,911533,1750872,1367756,1111550,896407,405162,12656307,5611783
236,000719,2017-09-05,0.020351526364477124,0.016651248843663202,0.24318272003589195,5430.0,59972.97891101099,1978,15913577,29238962,703403,1727301,5372746,9601634,3847516,2912536,3069509,3652676,1057020,4176738,327783,1948082,439600,2150702,1096000,3069293
237,000721,2017-09-05,-0.011842105263157876,-0.010526315789473717,0.23430190151214195,12040.0,106002.17035513799,1052,25335661,11025482,1169345,1038107,5119883,4121449,4596836,2405272,3843719,1853489,2577709,801161,2671046,387795,931053,418209,4426070,0
238,000722,2017-09-05,-0.004105090311986803,-0.0049261083743842304,0.5415275789947186,12110.0,47171.72932663138,505,8407802,4386971,467667,346396,3116307,1704113,2298181,603627,1295177,321299,1230470,501459,0,303282,0,0,0,606795
239,000723,2017-09-05,-0.02962962962962956,-0.011640211640211562,0.19153563013455469,36133.5,375827.98061436426,2438,127210679,190399670,562780,1929793,5780348,13528288,6259224,17539313,14126563,28482246,12027899,17948731,13872683,12082084,9429131,16232324,65152051,82656891
240,000725,2017-09-05,0.025575447570332477,0.023017902813299296,0.06553140537670496,150433.5,1998108.8407784456,3594,1061447656,1440429393,292553,599352,8703370,10434219,18589857,25000042,44629207,43320292,36682326,39466314,36625671,33752397,38218786,30190012,877705886,1257666765
241,000726,2017-09-05,0.007531380753138084,0.00502092050209213,0.2694857272589414,10845.0,38350.7667554784,1967,17348747,28284299,1024510,3567317,6591224,11233136,3569266,5163724,4600504,5202190,1258378,1191930,304865,1420688,0,0,0,505314
242,000727,2017-09-05,0.0035087719298245723,-0.0035087719298246833,0.0715461345916046,7100.0,153472.62871281797,1600,32696737,30021719,1850317,1105346,6034038,5390437,4374398,3204335,5379399,3578908,1388535,1527969,2035595,1131936,1265970,410400,10368485,13672388
243,000728,2017-09-05,-0.010884353741496655,-0.010884353741496655,0.2626870898855061,73100.0,459123.3457719214,3133,314266377,347025037,758332,845593,11609106,15204342,16005612,23494448,36385148,40799428,26608059,28669713,19914969,21977701,17977915,21416752,185007236,194617060
244,000729,2017-09-05,0.004594180704440953,0.003062787136294043,0.1279055282011255,5904.0,107799.43033698463,2616,21471407,33423891,1707902,4132776,8597775,9440329,4439698,4966983,1894201,3341885,1551576,1971588,1345890,650005,405369,455301,1528996,8465024
245,000731,2017-09-05,-0.018018018018018056,-0.021396396396396566,0.21462496088420147,17840.0,142642.311216381,1713,57422598,40320552,1192772,1608120,7709304,8293794,7605611,8165959,9198482,9701794,5991154,4003792,2907461,2436537,3983994,930761,18833820,5179795
246,000732,2017-09-05,0.01685731487055997,0.013847080072245666,0.383540724761958,10149.0,132050.10934648995,1880,40341408,45566048,1396295,1884780,7450070,6894819,7621621,6308559,8194407,6638400,3929097,2638489,2086641,1683681,488187,3619614,9175090,15897706
247,000733,2017-09-05,0.0036385688295939023,0.0018192844147968401,0.3893086775223631,21476.0,78026.44245639603,1794,46318974,34995218,1174882,1077349,13927421,7671010,7998281,7467823,10472522,7133193,4698733,5197052,1751884,2064757,2250372,1258061,4044879,3125973
248,000735,2017-09-05,-0.022630834512022635,-0.007072135785007205,0.20421026864234906,14040.0,191610.1683695266,1199,43567866,26374097,947051,1096394,4953316,4675891,5809866,2725299,4360144,4239776,3570251,1949430,3885207,2045769,3128316,409500,16913715,9232038
249,000736,2017-09-05,0.04744787922358018,0.006470165348670065,0.5801380596609638,11144.0,48321.25334529835,574,7257569,8847927,733172,507700,2021539,2229671,2213663,2028234,1645023,2078716,296070,964090,348102,1039516,0,0,0,0
250,000737,2017-09-05,-0.007949125596184436,-0.009538950715421213,0.20053904997524688,15612.5,96394.395792097,984,24622848,14966086,986679,689704,5000110,4194346,4325616,4555307,4745625,2599253,2228829,949016,724425,685098,861075,1293362,5750489,0
251,000738,2017-09-05,-0.0091324200913242,-0.004566210045662045,0.49561244985028213,17712.0,164303.49281615939,1581,55353819,31434710,1719197,1237411,7910267,6458990,8175106,5177738,9323423,6339363,6032710,3159945,4206172,2821284,2172308,819276,15814636,5420703
252,000739,2017-09-05,-0.011220196353436185,-0.008415147265077083,0.28903505522180883,9191.0,84830.68486758044,608,17752707,6590412,726520,367764,2201510,1745262,1158910,1327551,7066965,1341310,2336049,742375,1385731,312840,847850,0,2029172,753310
253,000750,2017-09-05,0.0048000000000001375,-0.0048000000000000265,0.14345046891110547,17472.0,170935.15777386495,1901,63306822,57900268,1405251,1784006,6159398,8922288,7441476,12854223,7851976,8338659,5757264,5234976,5639991,4217485,1939820,493125,27111646,16055506
254,000751,2017-09-05,0.003007518796992459,-0.00300751879699257,0.11391116256080737,88038.0,890364.1215489684,3421,478499030,473838761,607183,1140605,8967757,16088361,14773850,26913577,34162329,53341038,20364688,40325790,26223035,37890251,25039583,25885891,348360605,272253248
255,000752,2017-09-05,-0.0007225433526011349,0.004335260115607031,0.43691290805906063,13850.0,157172.92347065106,1003,21208801,21683715,1017408,829088,5317495,4310229,4064537,3196272,3387782,2463307,2388952,2138033,1356389,699602,2191834,0,1484404,8047184
256,000753,2017-09-05,0.004210526315789442,0.00210526315789461,0.14950865643561065,9540.0,80768.41690006001,1010,13335649,18067901,1053209,955095,4228913,4380185,2572456,3055286,2723398,1242379,1020802,2881366,1014871,319396,0,1856011,722000,3378183
257,000756,2017-09-05,-0.01640340218712022,-0.013973268529769212,0.4788063684298541,13036.0,79460.31367510202,1182,26749320,12186391,1513525,703370,7196967,4714029,5029835,2386871,3048607,1642385,1049590,1375152,1770300,1364584,1437178,0,5703318,0
258,000757,2017-09-05,0.01632653061224487,0.017687074829932037,0.21037184380021132,16478.0,92790.93987619483,1222,27675041,28489562,1079389,1081491,5846912,5930670,5491920,4378251,6114872,6533166,2936231,2886762,1731258,1724058,2244124,1357374,2230335,4597790
259,000758,2017-09-05,-0.013381995133820102,-0.010948905109488982,0.16038945958139966,27523.0,201652.5597776894,2630,134901085,99928867,1870438,1951981,10584666,13164744,14300223,12130221,22248563,18730732,15379137,10555064,13507632,7082481,11338211,8123213,45672215,28190431
260,000759,2017-09-05,-0.006493506493506551,-0.009740259740259716,0.31193009213698664,14640.0,97995.4977529122,877,22723520,8679467,725211,714689,5991834,3308883,5040158,1616213,3162924,1180626,992930,762367,345544,1096689,881242,0,5583677,0
261,000760,2017-09-05,0.003260869565217428,0.006521739130434856,0.3902706379507971,14832.0,77249.54696074036,555,12699825,9169705,512339,520563,2869258,2303265,1953620,1536741,2215313,2176514,1474087,1115439,1766236,639793,460500,877390,1448472,0
262,000761,2017-09-05,-0.0117647058823529,-0.014705882352941124,0.11775133913192483,38822.0,370679.5353260586,3353,277057328,211715932,2807868,1075897,14195801,10463118,20672360,17359930,32000966,22941430,20839693,18331467,21417285,15747101,15096811,13378860,150026544,112418129
263,000762,2017-09-05,0.03571428571428581,0.010895883777239712,0.330024405748057,34576.5,217711.252901676,2508,128844989,132698112,1556282,1289345,12136944,10716872,13788897,13344477,23296659,20589190,16361058,12326746,7063948,13948264,8189235,9249658,46451966,51233560
264,000767,2017-09-05,-0.0027855153203342198,-0.005571030640668551,0.14455231150680556,7160.0,61722.88353592065,617,10141721,5949768,592829,681880,2738899,1822699,1032656,870606,1946022,1540321,1521857,221960,1105504,361580,429600,450722,774354,0
265,000768,2017-09-05,-0.013034410844629862,-0.008863399374348213,0.39581681350047176,28470.0,228148.536050669,2348,115790105,69697300,1616629,1685572,12310498,11970019,12704777,11920411,17673292,19140699,10896260,6242985,6891434,5467724,5788959,2713869,47908256,10556021
266,000776,2017-09-05,-0.006690684508491973,-0.006690684508491973,0.3480391031460572,91015.5,523974.8622211111,3118,435495486,402596330,1105218,988292,8525237,10395283,21724880,15997432,33651323,31410640,32253748,32097892,23558908,29301162,27182708,23174633,287493464,259230996
267,000777,2017-09-05,-0.0022346368715083775,0.0016759776536312554,0.5272427568901885,17780.0,158380.53730292112,1152,34185515,23223466,1120342,746765,5443414,5170198,4781899,4374008,5644982,4233829,2586232,3329515,2396784,1380303,969684,1694071,11242178,2294777
268,000778,2017-09-05,-0.015804597701149503,-0.010057471264367845,0.12825097487348733,37152.0,359279.44970686,2952,235798730,139920679,1278232,1640849,14832978,13077861,18768939,14089225,31495768,26050124,22082953,13034809,12192555,9654105,11793274,7920574,123354031,54453132
269,000779,2017-09-05,0.0071754729288975305,0.009784735812133016,0.3551392143059508,26265.0,113446.40634587719,1867,42574567,60456886,890069,1363394,9696161,10824554,10735808,10547387,9951727,14868969,3833255,4170770,2164004,6244754,2375763,3928506,2927780,8508552
270,000780,2017-09-05,0.009293680297397744,0.013011152416356975,0.16151629764917902,16049.0,85065.88522675002,1110,23862343,27950468,711830,828818,5866454,4555582,4239935,4035918,4067696,6277477,2467995,5138483,2713306,3529168,866990,903352,2928137,2681670
271,000782,2017-09-05,0.00643086816720273,-0.001071811361200381,0.38100470739246783,9106.0,44175.64541595439,599,8895649,5375173,484774,1022716,2356964,1910567,4143664,1008474,1309001,299814,233250,531111,367996,0,0,0,0,602491
272,000783,2017-09-05,-0.005964214711729698,-0.0029821073558649047,0.2269387251475094,23149.5,258468.02616670594,1966,98215553,90398687,780972,1317532,8264722,9027799,10637047,8157784,12530509,11899486,9998113,8257045,6664510,4866576,4383075,3530128,44956605,43342337
273,000785,2017-09-05,0.010036496350364965,0.010948905109488871,0.4453663740764237,12210.0,126068.09835207446,605,11301031,19668853,338621,721346,2125990,2630309,1914308,1709849,2891543,3070844,922890,4443013,1323900,642480,429390,1339042,1354389,5111970
274,000786,2017-09-05,-0.029568302779420463,-0.026020106445890034,0.3003578061140841,64015.0,315188.3577715205,3172,284742136,193718804,661170,1212114,11916692,15516683,18756771,20519826,43523793,34748913,33743910,28507340,31357690,20315718,17121082,17462812,127661028,55435398
275,000788,2017-09-05,0.004789272030651492,0.0,0.43812405012226896,13611.0,63381.37173405231,567,10221557,9988331,337024,471784,2631180,2569344,2030271,2364781,1819259,2328122,731156,1617564,363997,636736,1734470,0,574200,0
276,000789,2017-09-05,-0.00990099009900991,-0.00990099009900991,0.23324319687589795,17541.5,100346.80797508609,1200,37046429,19719235,995716,1157345,6189673,5932089,6544177,4703579,6078326,3918019,2023404,2193805,3521977,323595,3992739,973977,7700417,516826
277,000790,2017-09-05,0.006349206349206327,0.005291005291005346,0.43507957739525327,17936.0,113561.57710762044,471,12233108,12613212,684789,310464,2342101,1796626,1755506,1439818,2416950,4004514,740586,1949747,715664,999557,430464,944835,3147048,1167651
278,000791,2017-09-05,0.00121212121212122,0.0,0.27896799289442453,10712.0,77243.47393877307,874,16578920,10897503,1291119,698588,5147390,3098315,1968623,1216877,2361055,1952629,2389225,1936133,1366141,694189,1340959,412500,714408,888272
279,000792,2017-09-05,0.009425878320479919,0.00428449014567267,0.25212504817455045,32200.0,226928.75859059664,2144,116582507,113081226,1515145,917563,8803744,9737895,11252359,9677160,18526040,17960313,12800343,10713871,11529123,10010083,5260604,7944275,46895149,46120066
280,000793,2017-09-05,-0.012927054478301114,-0.007386888273314907,0.31182057422026477,9490.0,366053.3092590656,1206,47117091,28870447,1201060,1802775,3773868,3106367,2841536,4104860,6121507,4092746,3744578,2793870,2001123,2046265,2179300,1260236,25254119,9663328
281,000795,2017-09-05,-0.022164276401564487,-0.01825293350717072,0.1483747328607378,32379.0,166753.9938306292,2677,126341163,80900553,1469083,1779285,12245437,12026182,16560994,17313659,24377235,19852088,19355946,11840951,13285244,4184168,6077413,5380573,32969811,8523647
282,000796,2017-09-05,0.03055378739656267,0.01145767027371103,0.2943278459957849,43764.0,489977.9721311499,2852,153348122,224729575,997363,1673251,9641676,14878173,14381421,19670466,20101191,29446601,18755423,21052678,18518589,17082075,12851517,12756094,58100942,108170237
283,000797,2017-09-05,0.004520795660036159,0.001808318264014508,0.38523888007502943,16590.0,113628.39580200115,824,18632185,18441583,464037,731192,3573042,4682396,3516393,3047343,3850393,2545394,2232650,1575401,1082510,958523,453333,1401041,3459827,3500293
284,000798,2017-09-05,0.0010672358591250486,-0.002134471718249653,0.44733943383803443,10252.0,45894.72606503271,438,6054964,4685019,608320,459963,2034960,1826704,1342142,1052611,1213012,970141,0,0,305970,375600,0,0,550560,0
285,000799,2017-09-05,-0.008055235903337232,-0.0069044879171461515,0.5134202822675688,31032.0,133694.175717718,2579,89355317,93015579,788979,1979494,12421179,12725132,15257345,15181200,19463096,15951955,11294024,14825610,9388710,7064590,4748095,7973811,15993889,17313787
286,000800,2017-09-05,0.03314393939393945,0.009469696969697017,0.25884050811817905,29708.0,232280.93865868347,1665,86122416,76413128,859862,653863,9436492,7161546,7450863,7095533,12732526,13105274,11719402,7648708,6544553,4207426,4943358,5035776,32435360,31505002
287,000801,2017-09-05,-0.015513126491646823,-0.01670644391408116,0.2193115458851194,16460.0,114463.67657390563,1461,42181297,27594600,1181694,1405545,7682854,6975935,5848856,5426162,7707978,3667913,2839896,3188277,2061458,702072,1318734,0,13539827,6228696
288,000802,2017-09-05,0.010279840091376391,0.0022844089091946795,0.3472033539012285,29945.5,129897.89749919443,2544,93898395,88067705,1364443,1380959,13447953,13349336,16324326,14586312,19388063,17430836,13580678,9881304,10203316,9688910,6094261,2558695,13495355,19191353
289,000807,2017-09-05,-0.01126972201352372,-0.008264462809917439,0.22984616697213137,117601.0,599104.3935351019,3362,516909588,444409470,606716,610768,8989416,11166145,15855864,19863345,38468342,43356228,42873901,47157259,32747009,36632356,34983800,29314723,342384540,256308646
290,000809,2017-09-05,0.0024691358024691024,0.0,0.21748226909745969,12944.0,116833.80609254492,346,9079909,9107110,256498,255733,1437865,1332158,1769164,1448770,949308,1737419,1233893,1320351,734399,723503,891999,851285,1806783,1437891
291,000810,2017-09-05,0.0027447392497714773,0.006404391582799596,0.404894490409198,11000.0,35911.97741630866,728,9386665,7769317,880392,596948,3770256,2225991,2129274,1746156,2606743,2370992,0,523699,0,305531,0,0,0,0
292,000811,2017-09-05,0.0108910891089109,0.002970297029702973,0.3091320599177336,14252.0,123130.21089371968,1067,22952803,27681203,864009,554766,5899316,4679455,4128072,3554889,4732313,3324218,1733352,3338199,1769155,1289211,1347440,0,2479146,10940465
293,000812,2017-09-05,0.0011286681715574343,-0.003386004514672636,0.31893705802337974,12376.0,89130.09441550127,771,15290238,15482752,996533,683551,3580705,3255369,2986309,2562641,1984309,2098041,1284013,2542974,698622,1348412,403130,898834,3356617,2092930
294,000813,2017-09-05,-0.0023640661938535423,0.0011820330969267712,0.3153696669218552,4240.0,45363.449588028285,719,7417046,6946661,460166,658113,2211488,3174066,1168017,870968,1584512,805232,550972,1057582,1020391,380700,421500,0,0,0
295,000815,2017-09-05,0.06313328137178487,0.06703039750584572,0.3180625018616923,21888.0,106194.04942232247,1630,39838746,53082426,988543,1083806,7302402,8018728,6984951,7655814,8647016,10339756,5544306,8368014,4764263,5051366,866075,3660153,4741190,8904789
296,000816,2017-09-05,-0.005772005772005762,-0.004329004329004182,0.21041394316888443,13800.0,93665.52138004513,1085,22184064,13837752,1211587,634000,7309568,3083003,2415899,2269084,2916632,3042381,2244567,908545,2023073,1329825,0,1356204,4062738,1214710
297,000818,2017-09-05,0.009515570934256035,0.00519031141868509,0.307903270725621,18304.0,148003.91522653532,1410,43336012,34198168,766056,948348,6370321,8291642,5267671,6245885,6905840,6429858,4671727,2499055,2078719,1395107,1351888,463104,15923790,7925169
298,000819,2017-09-05,0.006073992269464368,0.011595803423523066,0.5239460386434508,18320.0,82693.35832578204,1195,22429057,25062009,1117476,1038233,7062789,5775793,4493242,4442327,4183477,5003418,2332548,1942177,1028469,745824,450368,1846493,1760688,4267744
299,000821,2017-09-05,-0.006006006006005982,-0.009009009009009028,0.32505813190204347,25270.0,129931.40468881802,1680,54793861,47037850,942674,1044025,10259441,7685386,8815199,6900601,12713681,6575344,3864693,7085575,3357496,3788882,2702507,4968065,12138170,8989972
300,000822,2017-09-05,0.007544006705783701,0.0008382229673091768,0.2123942771729952,67200.0,428448.1728206001,3165,313415466,331914574,1121722,942587,12711262,10911043,17306008,17463824,35155564,30964800,24605942,29441115,25702759,23794023,21393992,19110798,175418217,199286384
301,000823,2017-09-05,-0.011857707509881354,-0.011198945981554687,0.34680174670648894,19890.0,172672.47332322065,1917,78181099,60075343,1651007,850816,8452686,7459786,9113653,7987950,11787843,14157412,7208900,4072973,6929746,6696359,5351502,2683567,27685762,16166480
302,000825,2017-09-05,-0.01861252115059231,-0.006768189509306244,0.0997838386418595,91295.0,637315.1021402413,3526,546515796,417743311,1281755,770736,12590650,11006224,21389059,18209577,43264036,42133662,35999662,37072611,33040541,29701190,25145792,28901225,373804301,249948086
303,000826,2017-09-05,0.0017411491584446992,0.0014509576320369533,0.747023997767973,27443.5,224318.86169801105,2128,86635714,84817539,1189813,812456,14506358,9334865,11180746,7033909,16736780,12247000,10920868,6645413,5841946,3287787,5367827,4396106,20891376,41060003
304,000828,2017-09-05,-0.0023419203747073736,-0.0078064012490242085,0.42519156048834333,16653.0,80757.71838423547,907,27385430,13334055,750433,467696,5083750,3528709,5070610,1662073,5337800,3467427,4425067,1456062,4214382,337718,440458,0,2062930,2414370
305,000829,2017-09-05,0.002811621368322248,0.0037488284910967007,0.3353367666434938,10700.0,68399.68297464741,1012,12823282,15984820,1019691,1064624,4038147,4912771,2337797,3005638,2263640,2587567,2030748,669311,675516,1446747,457743,0,0,2298162
306,000830,2017-09-05,-0.011055276381909507,-0.011055276381909507,0.18430413109858987,44415.0,355128.4209076645,2919,243881389,146943918,1358796,1278533,14618886,11234771,17462446,17188630,30575442,23432766,24341676,20921509,19410981,18213856,14458063,10225222,121655099,44448631
307,000831,2017-09-05,-0.013341804320203376,-0.012071156289707674,0.2950376079608075,45225.5,263340.33982650796,2848,183038210,130284121,1050924,1285932,12133496,14431404,18041480,17590754,35574233,26808725,21826999,16863637,17355517,16275184,9413956,7179473,67641605,29849012
308,000833,2017-09-05,-0.016826923076923128,-0.012019230769230727,0.2672156435810751,16420.0,63705.40920144428,969,21328071,14908292,798820,1027668,5681601,4060772,3465483,2878678,6324479,2940056,2224055,1353194,1365856,1668660,847989,435136,619788,544128
309,000835,2017-09-05,-0.005133470225872738,-0.0030800821355235763,0.3638090279163244,11652.0,70401.62618799177,716,14118013,9565150,786090,892557,3244994,3282229,3282504,2046655,1856542,2211821,2194372,277020,641823,0,868148,854868,1243540,0
310,000837,2017-09-05,-0.006329113924050778,-0.006329113924050778,0.24672682729118758,14896.0,80165.6176254274,1025,24670037,15084728,996130,914458,5474060,4256780,4643834,3518293,4561189,3246809,2725968,2409869,2022050,337623,1350222,400896,2896584,0
311,000839,2017-09-05,-0.003577817531305816,-0.0008944543828264262,0.19085690898382793,148905.0,764163.4581476377,3437,657499705,607633940,461986,504764,8836138,8417124,20447909,15936254,35962313,47921398,41624009,46876494,39301852,44041617,39712932,34165673,471152566,409770616
312,000848,2017-09-05,0.0,-0.0021505376344087557,0.26743515544057217,9280.0,70311.47284311612,1209,22215648,14772061,1385214,1086053,4215814,4217633,5666349,2217365,5277996,2714940,1207613,566370,1361935,2068452,925682,944379,2175045,956869
313,000850,2017-09-05,0.012962962962962843,0.0018518518518517713,0.23802265109491863,10241.0,92369.67129328138,514,10005023,10809439,495846,288388,1836938,2112615,1608083,1524637,2023631,793828,1262298,491110,645600,1056834,486352,1764427,1646275,2777600
314,000851,2017-09-05,0.004770992366412097,0.0,0.33220417782935635,15765.0,98031.26135767858,995,26760806,20434960,592744,798983,4379257,5117465,2971139,2138992,6304610,2523085,4173378,3160993,2396946,2368796,2139608,897640,3803124,3429006
315,000852,2017-09-05,0.03175675675675671,0.033108108108107936,0.2535547518844745,85260.0,375161.94317463104,3410,269390461,338162596,616534,617695,12479207,13119444,26017855,26579520,48832722,44694021,33535865,43087367,26472049,30401978,22881593,23081923,98554636,156580648
316,000856,2017-09-05,-0.0009803921568627416,-0.0032679738562092497,0.5957127678679857,39442.0,170711.38177052833,2639,113931466,120031129,1263076,1162994,14146370,14001415,16330366,16283073,27132885,21220261,14001282,13938144,10414693,8894340,6679951,7919082,23962843,36611820
317,000858,2017-09-05,0.0007375991148812489,0.0007375991148812489,0.9648708749833781,92565.0,376988.723484029,3159,316595457,334779130,342584,489586,7734457,14691327,16544638,25630650,32056682,37837670,46597577,43247908,35693337,34050433,23368728,25156701,154257454,153674855
318,000859,2017-09-05,-0.0057581573896353655,-0.007677543186180413,0.19872590276856428,13442.0,73581.86748493294,687,17530539,7050497,593218,420546,3608334,2853940,2497206,1596194,3565652,1408617,2750434,259000,964404,0,453200,0,3098091,512200
319,000860,2017-09-05,0.0020294266869609334,0.0,0.4935853157536402,11862.0,101244.98402292469,1594,31238114,31441175,1343139,3998506,6705574,6275258,5949033,5374890,3095791,7115366,2609662,3587799,1699485,1708418,1287804,403104,8547626,2977834
320,000861,2017-09-05,-0.005347593582887722,-0.005347593582887722,0.1412000216877661,6527.5,64209.80115874354,702,11334986,5964885,523794,644052,3484719,1757448,1225420,1342043,1603752,994402,828080,263004,1472822,0,894399,431486,1302000,532450
321,000863,2017-09-05,-0.0014025245441794398,0.0,0.2732864793284458,11424.0,58674.995183275736,680,10553055,10638454,552007,880870,2999452,3121288,2927911,1727790,1411568,1834236,1631235,502046,0,1728541,468325,843683,562557,0
322,000868,2017-09-05,-0.00956022944550683,-0.013384321223709472,0.18253182628643172,2590.0,60561.20103236869,821,10402722,6147664,711452,419430,2170842,1459900,1451869,1199421,2625292,926148,1131852,638689,0,352717,0,0,2311415,1151359
323,000869,2017-09-05,-0.008266740148801244,-0.007440066133921119,1.2759933312325216,18065.0,84505.54753902288,808,21958202,13132176,433254,545058,4825783,4094312,4109209,2630163,5351433,3158951,1396991,206340,1695028,1774153,439809,0,3706695,723199
324,000875,2017-09-05,-0.009765625,-0.005859375,0.15714227730314614,11638.0,183164.3537737861,1062,32180763,20028320,736881,988046,4205659,4368049,4377429,4186185,3452088,3724921,2299049,918620,1278648,1325743,0,0,15831009,4516756
325,000876,2017-09-05,-0.0026385224274406704,-0.0026385224274406704,0.1903931084338514,12835.0,154295.5421768945,1586,49550911,35833287,1160438,1746303,5128919,6617300,7190042,5876955,9050988,8372885,4660967,2219951,1477748,3129799,3900969,0,16980840,7870094
326,000877,2017-09-05,-0.005409582689335446,-0.004636785162287382,0.24659377106869845,21998.0,113540.67187960533,2755,90685871,66318304,1321126,1815446,14421173,13797646,14779077,13098271,20278705,14847385,10186397,6507281,8040442,4338896,4403509,2226921,17255442,9686458
327,000878,2017-09-05,0.022012578616352085,0.006918238993710801,0.2839264577388751,77675.0,564309.0299517123,3142,319058266,317232022,837453,657164,12170875,12865227,21472282,18869814,37885634,39703647,28508736,26535258,30640465,25590514,18794875,23510275,168747946,169500123
328,000880,2017-09-05,0.00949913644214151,0.0043177892918826455,0.5035836190923597,12771.0,48511.17155607971,528,6419722,9240974,482209,355059,2234646,3093436,1778559,1958147,1073280,1766622,480350,691390,370678,1376320,0,0,0,0
329,000881,2017-09-05,0.004132231404958775,0.0029515938606845538,0.4835140683314992,10230.0,56483.24464331607,1227,19181101,15914615,1591227,1209198,5325669,6151780,3479858,3116389,4973847,2893576,1018037,1453520,346040,0,422055,0,2024368,1090152
330,000882,2017-09-05,0.005479452054794498,0.00273972602739736,0.12469070084469615,7340.0,116089.2607557557,858,14802561,15201567,725031,844304,3016086,2656953,2603837,1426365,3572384,1322937,2431504,252496,1324193,346815,401498,1254026,728028,7097671
331,000883,2017-09-05,-0.003937007874015852,-0.0019685039370078705,0.14229796516025495,7098.0,116064.70696353527,1276,25279737,12586164,1079846,1364496,5341116,2965955,3655359,1472479,3552207,713144,1511874,1593646,766833,0,982702,0,8389800,4476444
332,000885,2017-09-05,-0.007968127490039723,-0.008964143426294813,0.4120220019405547,25961.0,142912.1303313366,2375,86561316,56070350,1390267,1836698,12155262,13132150,15575523,12366556,18958250,12788883,8907440,6976828,4896760,1625398,4294370,807772,20383444,6536065
333,000886,2017-09-05,-0.017770597738287597,0.001615508885298933,0.15555004086017105,20460.0,168731.4678703613,1586,72297371,44788687,1087205,809841,5836016,6388145,7988405,6956968,13510122,7783345,8587301,6966654,8643838,6490824,1392803,2387598,25251681,7005312
334,000887,2017-09-05,-0.0015723270440249904,-0.005241090146750449,0.5240306202005721,28515.0,199276.19253569545,1325,71439732,52712310,814291,954856,6936688,6195712,8008341,5121886,11481729,9205635,6724230,5101456,7341278,4643696,3613602,1441327,26519573,20047742
335,000888,2017-09-05,-0.007468879668049766,-0.011618257261410858,0.37756842757911346,12000.0,74873.39137159994,1018,25135594,12302474,826769,934886,5313125,4182063,4085265,2876223,6959604,2432332,3858718,690899,356408,723351,2236955,462720,1498750,0
336,000890,2017-09-05,0.0012391573729864103,-0.0024783147459727095,0.2725842933247028,8044.5,39511.47813439612,876,11336918,8037785,862205,1022780,3894783,3284025,2490199,1466794,2015090,984891,1382857,970980,691784,308315,0,0,0,0
337,000892,2017-09-05,0.004938271604938427,0.0012345679012344402,0.29662806417983856,11340.0,66078.17950028332,745,9511129,14783787,440558,1055443,2748556,3351439,2613436,3383836,2840230,1813449,202250,1504181,666099,665431,0,462269,0,2547739
338,000893,2017-09-05,0.0071258907363420665,0.009501187648456089,0.261843866771959,12555.0,66944.06937186408,1034,16211488,18134634,790193,1003169,4683314,4402890,4211255,4263123,2043520,2289108,3008959,2578746,1030097,346318,444150,0,0,3251280
339,000895,2017-09-05,0.006100217864923874,0.005228758169934622,0.42287372230050235,36960.0,198312.80102563777,2949,106193396,155810217,1693206,789733,13584668,20438633,14218870,21150838,18069820,28189841,11553772,16030588,7944703,8178195,10518735,8468813,28609622,52563576
340,000897,2017-09-05,0.006772009029345494,0.0,0.12416342147590345,8860.0,100622.35815972707,1275,27315204,15050967,1682481,903498,7231824,3260273,3899834,2192766,4408431,2962166,3257825,1473112,2191960,1066004,912341,0,3730508,3193148
341,000898,2017-09-05,-0.010638297872340274,-0.005319148936170137,0.1374239638698508,47061.0,371018.4516701387,3009,247627834,232567948,1241252,1672185,10430142,13900883,15798839,15843883,30314995,26399787,25654671,27125883,18450181,20379032,17394772,12536975,128342982,114709320
342,000899,2017-09-05,-0.0026881720430108613,-0.0026881720430108613,0.36310054518338974,8892.0,89351.27917255061,419,9302801,4720628,557296,278758,1637665,1602981,1013126,1259859,806365,678335,1247522,222000,1023107,678695,0,0,3017720,0
343,000900,2017-09-05,0.022435897435897356,-0.0016025641025640969,0.17571845937206604,10000.0,85741.0397272309,1262,19222808,21423546,1256571,1657675,4338635,5545742,3301113,3198543,2494718,6889636,1869604,2327552,1054716,691683,1332556,0,3574895,1112715
344,000901,2017-09-05,-0.011949470809149765,-0.009559576647319767,0.7536416499548327,28900.0,117563.08989751399,1510,54008512,35792512,782686,1015260,8753462,7667891,9174766,6949956,11037273,8337672,6983689,5272215,2905321,2751118,2664392,837513,11706923,2960887
345,000902,2017-09-05,-0.01144640998959412,-0.01144640998959412,0.28652985538106035,16286.0,94616.4151564666,1125,30385771,17112883,1426354,719084,5163832,7505625,4058654,2563722,5536739,1673962,3254313,722348,2548873,954856,2312227,495040,6084779,2478246
346,000903,2017-09-05,0.007334963325183352,0.007334963325183352,0.11182821458658994,6987.0,93623.2202821126,1341,17000763,21370674,1481532,975917,5767955,4313816,2144493,3275413,2712116,2401806,1250953,1154736,1804955,1322744,824000,2575959,1014759,5350283
347,000905,2017-09-05,-0.029581993569131937,-0.03472668810289392,0.2866677293240552,39871.0,247391.14562888403,2944,167418289,125943591,1144104,1294398,13927008,15232048,19940289,18430634,29124812,32868427,19829201,10565840,12476272,10105641,7119948,7168395,63856655,30278208
348,000906,2017-09-05,-0.019487179487179485,-0.015384615384615441,0.29314604654701215,14370.0,94913.42129481258,1106,35560567,13585270,1201036,1306818,5450122,4450373,4945854,3553222,5299990,2101202,4253531,1370575,3682026,302400,4523680,0,6204328,500680
349,000908,2017-09-05,-0.006720430107526987,-0.010752688172043001,0.3009051884456002,11856.0,115178.67515621988,611,21779349,6929712,455486,730732,2447247,2316933,1584076,2111506,3290376,995769,1348883,210835,1645212,0,4955865,0,6052204,563937
350,000909,2017-09-05,0.02517162471395884,0.011441647597254079,0.32082725593515876,19740.0,78270.52721064234,1670,33051151,40083118,1289568,1056617,8197043,9304101,5935394,9110048,9520152,8989917,3061513,4331945,2416392,1404290,887657,2169838,1743432,3716362
351,000910,2017-09-05,0.004662004662004726,0.006993006993007089,0.45106623694868225,8640.0,69211.84644547704,2278,34612148,30860297,1817002,2784987,10474001,6416778,5226782,3582413,4741714,6534235,2869557,7366780,2042445,1061898,1344959,1355040,6095688,1758166
352,000911,2017-09-05,-0.01317957166392092,-0.009884678747940745,0.3767010345420446,12050.0,60813.08828116894,1038,20000214,12481606,982708,768898,5391843,4257073,4603818,3187530,4119725,2422191,1414079,1132535,1389886,0,0,0,2098155,713379
353,000912,2017-09-05,-0.010834236186348822,-0.011917659804983827,0.2158001371287955,14640.0,56702.63750711289,1830,37631081,22866440,1791196,1641049,10460015,7350827,9404532,5037743,7068903,5513336,4310205,1858897,1674904,1056523,824394,408065,2096932,0
354,000913,2017-09-05,0.005175388154111449,0.008050603795284772,0.7020452450233484,15858.0,131336.57588379542,613,9685491,14290218,537584,474057,2887867,2747600,2318836,2541257,1951541,2860894,514045,728783,0,361005,935694,0,539924,4576622
355,000915,2017-09-05,0.010722169662567005,0.010722169662567005,0.7279891677458444,28894.5,137651.56079736963,1898,62356149,75606987,1329231,1790678,8179693,8018749,9069921,12296993,12790483,11734000,6381282,9509162,6685466,9316020,3071488,7058317,14848585,15883068
356,000917,2017-09-05,-0.012488849241748534,-0.012488849241748534,0.2231577049410874,16815.0,161336.30738916754,2526,105066730,54606637,2376949,1088886,11493013,7922788,13593083,10636642,18107233,9952650,10595157,5681028,7746155,5262169,5760383,6590553,35394757,7471921
357,000918,2017-09-05,-0.005494505494505475,-0.0013736263736264798,0.23019827779546917,14145.5,95669.77169938915,1000,19945789,15997966,764904,795909,3683647,5702470,3826784,3032590,3121980,2517591,2326086,1175960,1706601,639656,818430,0,3697357,2133790
358,000919,2017-09-05,0.0,-0.0027932960893853886,0.24841697836209042,2148.0,55824.13075371933,1870,17978004,14571118,1569669,1378922,5375419,3223798,1799934,2316885,4418595,3550197,1003042,1400249,309312,1384759,400602,0,3101431,1316308
359,000920,2017-09-05,-0.014309764309764272,-0.013468013468013518,0.40402234016771316,17572.5,88203.50923543973,864,21384634,14509409,471910,780314,4674805,4266298,3055596,4078380,3392619,2766698,3035467,944132,2135313,755076,478121,918511,4140803,0
360,000921,2017-09-05,-0.0007558578987150177,-0.0037792894935753107,0.3111056383475821,15768.0,95360.30397458586,1809,45040936,32074221,861377,773015,14929818,6770884,6672767,5391411,7318951,5673474,3616224,2403474,3463489,3167361,2157226,2642570,6021084,5252032
361,000922,2017-09-05,-0.01598173515981738,-0.013698630136986245,0.22882932279535598,18228.0,104374.46899947403,1467,45969507,29389165,1070799,1361607,6959190,6548511,7091249,6490723,9263921,6344983,6719266,2819016,4223917,1717423,3967098,1776461,6674067,2330441
362,000923,2017-09-05,0.0029999999999998916,0.0023333333333332984,0.6172331316771088,32967.0,222656.04895352616,2364,108057767,85629562,1210188,1348972,12114425,11565392,16509252,10815864,19465491,10446979,12258570,13438890,6307623,7769634,8352099,4882004,31840119,25361827
363,000925,2017-09-05,0.0027762354247637955,-0.008328706274292164,0.7544949114902987,14272.0,78375.33944316898,569,13499842,6961037,501654,484664,3315177,1976792,2116732,903882,2783372,865348,1507686,508338,1849572,699105,888049,0,537600,1522908
364,000926,2017-09-05,0.0,-0.000803858520900258,0.3104350532636724,12510.0,127550.55613486753,1606,29004397,37017466,1117993,1546764,5956041,7555897,3577741,6588533,7625326,7494994,2664664,2659632,3045572,343048,1403157,1324115,3613903,9504483
365,000927,2017-09-05,0.012477718360071277,-0.0035650623885918886,0.1501789245373243,16680.0,82938.05398116675,1397,31102079,29842037,974393,1026648,6607610,5741425,4606198,6023299,7975619,5487648,4574493,4091257,2402891,3089876,452000,918058,3508875,3463826
366,000928,2017-09-05,-0.007954545454545436,-0.006818181818181834,0.23240650420142658,17500.0,296475.1509050793,1434,45606500,44002207,971870,1601197,7091477,6373440,8630503,5640307,7871268,5601174,4187411,1445766,2644821,1402386,4505441,1803238,9703709,20134699
367,000929,2017-09-05,0.006681514476614581,-0.0007423904974016571,0.6685507870419741,10736.0,81175.89466119334,405,4440990,5417364,352487,415362,1785247,1424570,1207024,948490,809960,521422,286272,207592,0,0,0,419328,0,1480600
368,000930,2017-09-05,-0.001588562351072298,-0.003177124702144485,0.24556245139538752,28796.0,157925.7010783802,2630,108579505,83561263,1280608,1047252,15283195,13237799,15965138,13982643,17489984,21627767,10451279,13089207,9147951,5221267,7743147,3164388,31218203,12190940
369,000931,2017-09-05,-0.0077319587628865705,-0.009020618556700999,0.23291653424077377,11647.5,64529.52731568871,1110,22881154,13163564,912569,1238284,5339744,4612039,4182154,2940759,4421291,1597774,2107914,1703036,2987916,1071672,867684,0,2061882,0
370,000932,2017-09-05,0.059538274605103414,0.059538274605103414,0.1559486565116392,67940.0,727127.4055956653,2799,299342658,301119145,1377500,973407,10835022,7972853,13870915,13562962,21055880,37324887,25885276,41067257,24431320,25860840,23647398,20636889,178239347,153720050
371,000933,2017-09-05,0.008720930232558155,-0.0043604651162790775,0.23912589271072376,74358.0,503348.2907802607,3317,333636966,371714929,760811,1091409,9901611,13739162,20615889,21404112,35853672,38155186,28317998,30324477,23245342,25064520,24544675,26349915,190396968,215586148
372,000936,2017-09-05,0.0,0.0013422818791946067,0.22332535132598172,9195.0,54439.223834855155,1113,19016628,10793513,1580399,975955,5106036,3832594,4028621,2119118,3530446,2314761,1292766,657354,979946,0,1243580,893731,1254834,0
373,000937,2017-09-05,-0.008086253369272156,-0.0026954177897573484,0.13494837332351184,39273.0,310972.2446165046,3031,175366884,194768729,1433677,1489149,12713347,15558269,16635573,19746081,24492483,26839638,16502628,21876516,15520584,13214239,15675801,11207222,72392791,84837615
374,000938,2017-09-05,-0.004522613065326642,-0.0013400335008375563,1.2332469415459684,54981.0,233273.9887034855,2344,156735998,138439754,635587,836000,9064874,10542554,15158982,12537852,28651821,24785770,18560943,14849923,16561866,15549829,15653534,9575849,52448391,49761977
375,000939,2017-09-05,0.011516314779270509,0.009596928982725572,0.1498394022230976,10500.0,86082.60221733115,1210,14499936,29133342,898103,1234444,4194228,5453735,2810546,5414768,3606302,4434592,1188432,5563037,0,1074111,0,0,1802325,5958655
376,000948,2017-09-05,-0.005681818181818232,-0.008116883116883078,0.390179114627211,12400.0,67245.18368137146,997,21684118,12653860,826889,865170,5734745,4276044,3919371,2763766,3988955,2357622,2238916,1210464,2117902,334554,0,0,2857340,846240
377,000949,2017-09-05,0.0021276595744681437,0.0021276595744681437,0.18126821725539002,9859.5,90370.58660766388,672,9251924,12318304,476804,754440,2845410,2999042,1625118,2008380,1576323,1773794,1409602,1644904,305319,370830,470000,0,543348,2766914
378,000951,2017-09-05,-0.008103727714748876,-0.0032414910858996615,0.42909259319327214,18265.0,81624.31570342163,1862,44540765,40114368,1224434,2311756,6397167,10821302,8117450,6366037,12389176,8022593,7503152,4875317,2766070,3855995,1728000,1367884,4415316,2493484
379,000952,2017-09-05,-0.015957446808510856,-0.020685579196217607,0.3985111070812318,26527.0,166517.62363972628,1803,66473543,65712697,684641,1810113,7357159,9984624,9319006,11239092,13082825,11500388,6767582,5860594,9693182,5363166,2197914,4385036,17371234,15569684
380,000955,2017-09-05,-0.003062787136294043,-0.0015313935681471325,0.21851118951324122,16550.0,72665.88324453236,893,18014630,17900145,1087686,402137,4902118,3691993,3607778,3779451,3982616,4171279,1209498,1071627,1010346,1586395,1699128,1252192,515460,1945071
381,000957,2017-09-05,-0.010859728506787403,-0.014479638009049833,0.3197685205393811,10920.0,77662.19239867933,1194,26957436,15472236,1259285,810616,5628007,4681572,4054753,4225368,4414250,2458447,3469147,1923208,3154231,349164,405436,483516,4572327,540345
382,000958,2017-09-05,-0.00520833333333337,-0.0078125,0.17233103081790746,17549.0,163232.7427806051,1988,68956643,38341141,1842821,1630987,12075711,7802888,10378925,6848880,11106294,4624846,5805038,4886945,5157163,4227259,1759814,1323732,20830877,6995604
383,000959,2017-09-05,-0.010624169986719778,-0.009296148738379806,0.15479667650474221,15624.0,112217.5145750702,2371,57844836,52731737,1595438,2432539,10007873,12897025,10004169,9399243,11429135,8087717,5307461,5781889,3064760,5742502,2720955,448200,13715045,7942622
384,000960,2017-09-05,-0.0006485084306095956,0.005188067444876765,0.28189507927016805,54320.0,349564.6820326265,2995,218448547,241762883,1589344,937947,13637860,11131065,18811226,17018635,36269638,29649896,23553314,19527579,18715013,20129475,16558604,16637649,89313548,126730637
385,000961,2017-09-05,-0.004909983633387904,-0.004909983633387904,0.1642875012691879,12200.0,149262.35264410282,1384,47836345,18677169,1300563,1129566,8042338,4023451,5155823,2641548,6962512,3578321,4302848,1295771,2932990,2055266,4948759,895012,14190512,3058234
386,000962,2017-09-05,-0.01079489695780167,-0.012757605495583801,0.2936706970126644,14970.0,64539.66093476178,1204,23748129,18535023,891183,948749,6469366,5323699,5013544,4231991,3719202,3637184,3596325,2146820,726843,974388,1261274,1272192,2070392,0
387,000963,2017-09-05,0.003541666666666776,0.0012499999999999734,1.2282873069305178,24120.0,205726.85996585208,1527,55343181,52333768,1635896,1128321,8347973,8799468,6596604,4426065,9664286,6537654,9101646,4267841,5832921,675732,2806979,3646690,11356876,22851997
388,000965,2017-09-05,0.011857707509881354,0.007905138339921125,0.19503553249446237,17618.0,105362.32707387261,1515,32320402,42117897,1128185,1661625,6019302,7993165,6516350,8304527,6655593,8603216,2650346,4388306,2877942,2715026,1263134,1804519,5209550,6647513
