,code,date,pchange_whole,pchange,change_std,amount_median,amount_std,length,sumsell,sumbuy,sell_vol_0,buy_vol_0,sell_vol_1,buy_vol_1,sell_vol_2,buy_vol_2,sell_vol_3,buy_vol_3,sell_vol_4,buy_vol_4,sell_vol_5,buy_vol_5,sell_vol_6,buy_vol_6,sell_vol_7,buy_vol_7
0,000001,2018-01-31,0.03308823529411775,0.020588235294117796,0.2274620932560691,199882.5,892519.4913157923,3578,732866577,1036350629,235142,176123,5348503,8431870,14758306,21908745,47506155,60993114,44899163,54486412,41542276,48797230,31307449,43944094,547269583,797613041
1,000002,2018-01-31,0.025949194209232473,0.021578803605572183,0.6106889067826864,412047.5,1185598.8622762484,3596,1341298871,1375579342,36995,55276,2458660,2494247,10522483,9596050,28499380,38127012,51005050,51050249,50837338,57868209,58701878,55998538,1139237087,1160389761
2,000004,2018-01-31,-0.049858889934148776,-0.047507055503292595,1.0130973431789259,10420.0,51982.64376172715,440,7911349,3511458,357064,461247,2237650,1181046,1799301,985674,2588684,107484,928650,0,0,0,0,0,0,776007
3,000005,2018-01-31,-0.019464720194647178,-0.019464720194647178,0.13813318977933806,4105.0,49001.56370474791,886,10264001,5306233,962830,921749,2450139,1884156,2413796,1422709,2266780,272919,873855,201500,349401,0,0,0,947200,603200
4,000008,2018-01-31,0.004854368932038833,-0.003640776699029069,0.2976046782322533,8230.0,86146.27589074938,766,15546120,9799510,1152608,616237,4321402,1374047,3283947,1194731,2887299,2400660,1165888,971431,708603,756125,407385,1299124,1618988,1187155
5,000009,2018-01-31,-0.04229607250755296,-0.03474320241691853,0.14169939820899213,18632.5,141886.2194290863,2188,62468375,57951096,1251603,1705502,8486691,11958928,8757838,11085228,11100042,9134785,7729016,5640811,6259789,3762091,3183990,485640,15699406,14178111
6,000010,2018-01-31,-0.04990019960079839,-0.04990019960079839,0.11851225766007582,11640.0,92081.5653560431,1793,40113631,30155012,1286053,2178408,6963327,8508737,6522017,5735145,8466078,4866472,3788751,2907477,2788485,2053443,3132086,1830086,7166834,2075244
7,000011,2018-01-31,-0.01873536299765788,-0.013466042154566593,0.416271697158807,16770.0,68883.78555224689,1684,32653528,27540467,1009458,1709232,8256464,7932491,6361009,5783131,7067898,5761581,3556048,1694220,2367412,2164002,1325182,0,2710057,2495810
8,000012,2018-01-31,-0.005701254275940593,0.0022805017103761926,0.20689495294333654,17680.0,141975.87779523138,1798,63479606,40939338,1869972,1413035,8147110,7556541,9891112,6465794,10759660,9629422,7277891,3605011,4477062,3959491,5334265,2229984,15722534,6080060
9,000014,2018-01-31,-0.03647898493259316,-0.0396510705789056,0.30563424051607585,14520.0,77548.92614110824,1712,37979327,26060689,1369581,1280392,9175798,7060781,7964047,5300889,7569718,5333262,3818947,2790636,1413681,1030112,878164,853140,5789391,2411477
10,000016,2018-01-31,0.02511078286558366,0.03101920236336797,0.1365106080057953,24605.0,202072.43991507438,2465,100034975,101068932,1700576,1557641,11713747,10458412,12938261,11396456,17417342,17070701,12547062,10035033,5244437,10681557,5836393,5702736,32637157,34166396
11,000017,2018-01-31,-0.013490725126475533,-0.0202360876897133,0.25968425025286385,5920.0,24890.495581058127,521,4831335,3289140,467326,692728,2063401,1740816,1268060,358686,780260,496910,252288,0,0,0,0,0,0,0
12,000018,2018-01-31,-0.053333333333333344,-0.05166666666666664,0.1445496679924819,11700.0,126725.01177865492,1729,47250591,31544667,985256,2016618,6442214,6737072,5727155,5577483,9632896,5116300,5606001,4770771,2098774,3178341,970574,1736241,15787721,2411841
13,000020,2018-01-31,-0.08487084870848716,-0.07749077490774914,0.4348346890090657,10456.0,53429.983740964744,973,15566961,9205887,692181,1183394,4689900,3320409,3264883,2158909,4279642,1702967,474675,464520,0,375688,404320,0,1761360,0
14,000021,2018-01-31,-0.04081632653061229,-0.041890440386680994,0.1763795424747839,28023.0,286399.11728262337,2793,148504054,97857054,1592203,2258590,12329301,14229235,14419278,16223857,21497216,18496596,15097968,12163026,12320969,7583257,9872501,3462573,61374618,23439920
15,000023,2018-01-31,-0.026776519052523318,-0.014933058702368829,0.9849845779751958,9582.5,31541.235895042948,388,4246157,3531003,522276,389716,1912182,1318526,928502,980791,883197,550282,0,291688,0,0,0,0,0,0
16,000025,2018-01-31,-0.03328859060402689,-0.01664429530201339,0.9509820702540704,14728.0,51837.96525601423,1534,26239283,20505602,1119306,1563112,8571228,7684207,5648704,4309596,4946899,3429323,4270330,1697573,620360,700736,0,0,1062456,1121055
17,000026,2018-01-31,0.001848428835489857,-0.013863216266173817,0.46313174644053917,8536.0,31119.706739166668,545,7045673,2938406,715103,368547,2872541,1454593,1057876,789756,1407060,325510,993093,0,0,0,0,0,0,0
18,000027,2018-01-31,-0.01461038961038963,-0.01461038961038963,0.17237608071908436,7904.0,96681.53851527457,1278,31656580,10246829,2444660,821135,4349822,2635634,4147372,3082571,3633103,1098107,2175208,737403,4279394,639700,2771509,1232279,7855512,0
19,000028,2018-01-31,-0.007837251959312952,-0.009338002334500661,1.7147443245235585,23736.0,129310.96219084025,1223,38184626,18032766,1095707,554964,11079201,5604500,4839458,2873278,8354664,2430566,2394571,854187,651638,308620,0,477600,9769387,4929051
20,000030,2018-01-31,-0.008631319358816336,-0.012330456226880337,0.24228002852112374,4806.0,54859.55101962226,1121,13109894,9775048,766430,1448946,2262754,3574726,2237498,2168581,3282264,1315869,999776,527926,689839,336000,898488,403000,1972845,0
21,000032,2018-01-31,-0.05432372505543237,-0.05875831485587579,0.32011670100751943,10188.0,151925.13282531555,799,14688146,8237886,709997,860681,5029607,2847320,2283370,986885,1432206,389886,525224,0,318904,0,0,456014,4388838,2697100
22,000036,2018-01-31,0.05140186915887868,0.05140186915887868,0.1885656722406063,76230.0,470866.66636223265,3227,263353087,310348021,731569,789264,11641885,11916619,22136358,21187819,43692464,43349461,36300696,29722548,25633960,27452643,21136581,16125564,102079574,159804103
23,000037,2018-01-31,-0.028700906344410915,-0.027190332326283984,0.3353821595742084,7680.0,44480.34854325318,389,5407503,2539943,308078,461756,1755787,1184750,1634660,333533,802149,265596,0,294308,320000,0,0,0,586829,0
24,000038,2018-01-31,0.01942257217847776,0.0073490813648293685,0.6943129522896979,11460.0,35845.6854046724,752,10868583,6554472,995604,837537,3755503,2957650,2515848,2062124,2907790,320694,277240,0,0,376467,416598,0,0,0
25,000039,2018-01-31,0.0009341429238673982,-0.00467071461933688,0.4479564999257525,25487.0,177872.93607194858,2286,92559293,70988986,899077,1588060,12174601,12038283,11573334,9997514,17020401,11030047,11981127,9773816,4739873,4361643,5726987,3196835,28443893,19002788
26,000040,2018-01-31,-0.03004622496147924,-0.025423728813559365,0.3518292967076383,10208.0,38278.019707167696,1362,15545972,10173782,1697128,534828,5383910,6094575,2281830,1126405,3966932,1403284,711990,437790,632710,0,871472,0,0,576900
27,000042,2018-01-31,0.028554070473876036,0.028554070473876036,0.7094528232948882,8565.0,65699.97204767734,538,7728720,6394533,618939,384576,2316802,2190561,1264305,1283755,1782052,1249459,0,237282,323190,0,894115,476000,529317,572900
28,000043,2018-01-31,0.0,-0.003992015968063756,0.3861260435010968,15120.0,80348.0707071218,673,17015120,11424292,450202,378752,2646335,2634414,3194770,2804503,4335067,2313736,2208305,1784853,302100,1021062,2437512,486972,1440829,0
29,000045,2018-01-31,-0.0010964912280702066,0.005482456140351033,0.34561805918898547,11040.0,55703.94912023743,696,9470018,10268014,780885,492595,3352625,2994770,1670519,2658684,1376673,2310407,831426,1037688,721654,330639,0,443231,736236,0
30,000048,2018-01-31,-0.031775700934579376,-0.0261682242990654,1.0163352326659953,10415.0,61571.96095877709,443,7118778,4631382,456181,344738,2209920,1283634,1268885,720492,1294972,1355638,242190,0,0,378780,0,0,1646630,548100
31,000049,2018-01-31,-0.040378724589250736,-0.040378724589250736,0.8140427256627113,24640.0,131549.0987532665,1946,70575817,56660114,982117,1221740,8311810,11146326,8188823,10342488,13567243,13861538,8289621,6154321,7914257,5064047,5328173,2262696,17993773,6606958
32,000050,2018-01-31,-0.07189189189189182,-0.04918918918918924,0.33820578620670666,44050.0,316089.66622463457,2998,209418963,196719224,1114123,1832167,10237660,14488338,13754729,16646837,24966030,31763168,21940886,23211689,17319406,17059910,22078434,12121297,98007695,79595818
33,000055,2018-01-31,0.0875634517766497,0.06725888324873108,0.13820012358171438,70281.5,867854.7136738839,3264,341921393,377682573,911334,1445312,10250193,13963520,18215490,19923777,31274451,46733770,24438724,35280657,20166674,25881011,26492810,27398926,210171717,207055600
34,000058,2018-01-31,-0.0315934065934067,-0.0315934065934067,0.2348816436228525,9926.0,48953.27030498114,961,17292987,8203671,878563,1065070,4659446,3100327,3112863,2117584,3514579,1076031,3426020,491159,355500,353500,1346016,0,0,0
35,000059,2018-01-31,-0.015740740740740722,-0.01666666666666683,0.23265675215326787,26837.5,297920.0555934987,2158,133689419,89644090,1240224,811492,11395609,8680469,11982656,9670705,14498139,14091424,12323664,7731657,10575736,5496126,8464426,6664247,63208965,36497970
36,000060,2018-01-31,0.03896103896103886,0.008658008658008587,0.2104322468026049,62505.0,674771.9528813055,3016,314690515,276743978,970069,795295,12356975,11642512,17338232,17852916,31431016,30365864,28304654,27736692,21486156,23244831,16533523,21908441,186269890,143197427
37,000061,2018-01-31,-0.0357142857142857,-0.04081632653061229,0.2623335577142873,7660.0,86944.69626219926,893,21256449,5655360,1189259,777657,3403264,2467307,3612879,1065432,4417446,518580,1911874,296322,1442163,0,902288,0,4377276,530062
38,000062,2018-01-31,-0.035513209181463834,-0.029883066262451297,0.6416508273205838,16190.0,91290.76789880946,1295,33575754,23092127,1026765,978804,5612039,7443773,5013671,3834327,6794985,3685883,3821422,2487902,2025039,1383144,1753332,1746932,7528501,1531362
39,000063,2018-01-31,0.0019317450096587585,-0.004507405022536881,0.5203375482841166,231975.0,828896.1758520895,3564,775447965,846090764,173369,257583,5973145,6523077,17342268,18426202,41933538,48196151,49464254,48310949,55451482,48997657,46708706,64104336,558401203,611274809
40,000065,2018-01-31,-0.01662844036697264,-0.01490825688073405,0.516264070117098,10332.0,48831.177449545954,1141,19811414,8703967,803674,1108595,5389931,4003335,3953024,2332095,5032921,1053662,2167248,206280,313560,0,478994,0,1672062,0
41,000066,2018-01-31,0.001388888888888884,-0.01805555555555549,0.15798980312907673,21270.0,161609.3493698464,2079,90426284,50379394,1661970,1372884,11621764,7952021,11533785,8847330,13711650,10738527,6853650,5739882,6034531,2797992,5404654,2668969,33604280,10261789
42,000068,2018-01-31,-0.019607843137254832,-0.009803921568627416,0.19113088154258343,3549.0,47232.410484898915,712,7340493,3493897,1355609,203313,1569200,1109677,913075,670726,644936,997694,1159248,0,682413,0,495339,0,520673,512487
43,000069,2018-01-31,0.012720156555772855,0.017612524461839474,0.18080297232301576,64890.0,453396.1861763296,3209,254897288,357760715,680584,724626,15391916,10294005,19204512,19272084,35416251,34530170,27968748,22403369,25321058,21748204,19846821,18643918,111067398,230144339
44,000070,2018-01-31,-0.06045081967213117,-0.05737704918032793,0.2625906856552512,14265.0,137393.3037117234,1383,43457858,22358889,1159498,1498720,6317853,6250911,5425887,4485914,6275744,4007447,4467680,2070011,2769689,379890,4493775,402985,12547732,3263011
45,000078,2018-01-31,-0.025252525252525304,-0.0185185185185186,0.13913101877675904,11181.5,96790.45853310871,1826,47585532,16117909,2077326,1096190,10424617,4218295,6469456,4613889,6875717,3429033,5840393,962596,2450277,722522,1920794,448468,11526952,626916
46,000088,2018-01-31,-0.016949152542372947,-0.018159806295399594,0.24570774531495942,15174.0,72645.61191449243,1130,28505466,14615146,1149273,1058279,6218208,4402217,5272969,3643138,5668816,2322064,3634948,703988,1750313,1426727,1706119,491999,3104820,566734
47,000089,2018-01-31,-0.009911894273127775,-0.011013215859030812,0.19114350623859458,17119.0,96009.94510411001,2261,63690817,44442328,1160513,3197618,8250207,8674370,16280090,9682826,15299848,7700220,5377135,3369002,6196200,2096414,5927256,1353169,5199568,8368709
48,000090,2018-01-31,-0.02777777777777779,-0.032258064516129004,0.2569966080232934,21980.0,174531.17747181718,1888,83320214,46567268,1163274,886659,9675012,8723464,9780596,9053901,10434712,11105071,8902734,5720705,4386193,3115148,3092066,3050607,35885627,4911713
49,000096,2018-01-31,0.012583271650629113,0.014803849000740277,0.6384208682764243,6826.0,36386.96842542063,447,3852463,4849475,586883,317038,1324492,1446885,1136655,1154789,804433,885816,0,1044947,0,0,0,0,0,0
50,000099,2018-01-31,-0.032119914346895206,-0.03640256959314769,0.27539281858479225,12142.0,60703.9320665997,1151,20026850,10934292,1368226,690100,7188998,3053638,3907420,3082248,3678775,3389295,993687,719011,692670,0,0,0,2197074,0
51,000100,2018-01-31,-0.011080332409972304,-0.016620498614958512,0.06543603022023496,19992.0,242830.43266893012,3073,142173500,99414898,2037413,2012646,15188757,13984580,14445411,12785862,17972763,16190786,12786899,7877671,9988049,5796578,5119221,6106251,64634987,34660524
52,000150,2018-01-31,-0.010652033570045294,-0.002259522272433867,1.0905730870840469,31160.0,195093.68094951718,807,31651269,62734701,670467,370134,4216556,1618837,2783247,1198053,6169656,11405745,4831069,3738054,4947816,11296654,3018329,9232270,5014129,23874954
53,000151,2018-01-31,-0.048913043478260976,-0.04037267080745355,0.42163954880877974,11191.5,53114.299324879044,934,19859071,8724954,998447,802496,3788293,3122976,4183735,2577401,4999012,989857,3823919,1232224,2065665,0,0,0,0,0
54,000153,2018-01-31,-0.034610630407911014,-0.037082818294190356,0.29417409727216454,7900.0,55860.55100880366,756,12759004,5198716,757818,809887,3554874,1895727,2728112,995677,2126174,473491,1220976,218415,1044840,334224,489600,471295,836610,0
55,000155,2018-01-31,-0.02866779089376048,-0.026981450252951067,0.13789905838866978,17081.0,141750.15439193175,1854,58529748,34880849,1378975,1389895,9342027,7002155,8700007,7817128,10801832,6977410,5354435,4210491,4882866,2424091,1239419,1272042,16830187,3787637
56,000157,2018-01-31,-0.0022222222222221255,-0.0022222222222221255,0.09690690165069833,12136.5,195771.90965869036,2166,64219497,61161827,1791691,2043944,7418400,10116293,8610262,6108114,8620925,7290652,5396364,6480846,4154484,1664496,2569497,3691981,25657874,23765501
57,000158,2018-01-31,-0.027511961722487932,-0.014354066985645786,0.21138311440519567,13247.0,65058.96380583481,1565,30476243,21811120,1779185,1386621,8279032,6266268,7594349,3783633,5881160,3644459,3732309,3045882,691901,330918,1309945,458963,1208362,2894376
58,000159,2018-01-31,-0.02010968921389389,-0.007312614259597838,0.13450222991736188,9282.0,182138.86931959778,1684,33875703,45375201,1174527,1326127,4159590,4757760,3843537,4306628,12267339,14880437,3844610,3770071,2816218,3441459,1363676,458118,4406206,12434601
59,000166,2018-01-31,-0.021937842778793404,-0.018281535648994485,0.11467337933061186,16963.0,347016.95362354134,2282,111128474,60794821,1597196,1525150,8585182,9104686,9580311,9909985,16783715,9769371,8667919,7921029,7418337,6808125,3752574,3267885,54743240,12488590
60,000301,2018-01-31,-0.015332197614991494,-0.01873935264054516,0.16729967214617983,12704.5,72983.76343402933,1232,30495905,14541594,1309452,732778,6155872,4783678,5641059,4214123,5923761,1868818,3973297,2160197,1097988,321200,415350,460800,5979126,0
61,000333,2018-01-31,0.025544316818103985,0.018686782101834387,0.9867084593176143,160974.0,603420.5045558341,3495,546982677,605544542,203740,416918,8498328,7847668,20444439,17308415,45468757,49276929,53511713,47942974,49075333,41859011,38465639,35553723,331314728,405338904
62,000338,2018-01-31,-0.012373453318335392,-0.023622047244094557,0.15130131551018022,68769.5,353421.33951292303,3460,319688156,251665934,1367780,928688,13776620,12561257,31791698,23741471,47180423,40410961,31615031,23222199,15550488,20913485,22689309,18740963,155716807,111146910
63,000400,2018-01-31,-0.02759740259740262,-0.032467532467532534,0.2678868858793361,12090.0,185591.00719124323,2117,82846906,42942020,1578283,1525514,7930021,8190170,7615143,6345020,10649416,7935957,8094165,5121561,5252467,3033302,2714550,1408829,39012861,9381667
64,000401,2018-01-31,-0.002135231316726105,-0.008540925266903976,0.273891511545478,33504.0,226263.7261859304,2633,128379763,105688458,1207982,1311446,14747376,13036199,15400074,14840746,25303376,21180447,17658334,12478969,8213866,6502465,8750199,7938371,37098556,28399815
65,000402,2018-01-31,0.015490533562822817,0.012908777969018903,0.21049730084184068,40426.0,265826.0785540465,3053,162465330,186633463,683495,1118873,20605660,12403076,21107451,15074770,24622743,29890113,15127073,16629813,12525912,14922723,6348554,9108910,61444442,87485185
66,000403,2018-01-31,-0.0032573289902279035,-0.01433224755700313,2.114007341176646,15167.5,59593.47253766636,210,5682500,1294368,124153,210098,1255651,590108,1224272,170736,1483053,121400,456010,202026,677557,0,461804,0,0,0
67,000404,2018-01-31,-0.032815198618307506,-0.02590673575129543,0.23627661754816112,11340.0,85895.44939484395,600,14073568,6114603,470665,478488,2342608,2338545,1808699,1181061,4292205,1602280,735100,514229,1707128,0,441383,0,2275780,0
68,000407,2018-01-31,-0.00651041666666663,-0.0026041666666666297,0.27690773164738,10612.0,135171.21713130636,769,22178575,11720750,665170,650452,3376186,2269096,3331320,1643833,3375906,2668839,2187008,960794,1413795,2133247,436425,439097,7392765,955392
69,000408,2018-01-31,-0.008474576271186529,-0.013317191283292895,0.4673973368282981,21043.0,162882.87395088738,1249,45825431,39587013,962678,1062400,6393714,5753268,6454369,5548669,7049129,5422441,5535712,4471811,3120433,2163559,3953644,2801741,12355752,12363124
70,000409,2018-01-31,-0.02450980392156865,-0.019607843137254943,0.22118067532456676,8955.0,46489.559747497624,766,10034875,8014989,786849,704887,3426246,2739090,2146388,1528340,1732007,1553998,723421,447826,658364,627630,0,413218,561600,0
71,000410,2018-01-31,-0.03619047619047622,-0.03619047619047622,0.24221922006091673,20480.0,232681.33613922863,1881,71959845,70000532,550785,1621479,5676739,10622637,7516830,9916834,11952404,13310586,7911551,7436140,5594092,4061406,5265237,2268691,27492207,20762759
72,000411,2018-01-31,-0.01102756892230572,-0.01253132832080206,1.1741561172902273,11790.0,106518.99502382912,288,9365741,3264271,614171,140213,1516402,545865,1018250,582310,2084561,921688,0,0,701826,0,1308257,482895,2122274,591300
73,000413,2018-01-31,-0.029691211401425166,-0.03206650831353919,0.14838803507624473,54339.0,323986.4609716672,3225,230173140,233706077,899974,1716194,10595257,16998342,16888417,25802714,29749810,34896842,30857980,29850917,20536080,24646593,12984543,13832647,107661079,85961828
74,000416,2018-01-31,-0.05255681818181823,-0.04403409090909083,0.27857568401619126,10215.0,82728.44261804679,639,15500674,5924962,560772,665202,3114902,1794006,2765076,1131888,1586886,746696,2696071,732197,1332150,341500,905992,0,2538825,513473
75,000417,2018-01-31,0.011249999999999982,0.010000000000000009,0.23763389100473847,16160.0,62652.148003152644,1134,16166929,19617610,959162,823562,4053441,8587768,2836067,3159222,2266310,3287738,472853,918692,3392067,1351760,835006,886468,1352023,602400
76,000418,2018-01-31,0.036887608069164024,0.03746397694524495,1.590602576545478,14419.0,216850.40364317782,1905,54326073,74871506,3266408,1105524,9185893,6415717,6571751,8256280,9282904,11536552,6436036,5027761,4528769,3098725,1372563,2269840,13681749,37161107
77,000419,2018-01-31,-0.021311475409836023,-0.01803278688524579,0.2641187078160292,6589.0,43795.15727084568,533,6913630,4419281,367076,499837,2251198,1699824,1091318,1010300,1424086,866248,484140,0,1295812,343072,0,0,0,0
78,000420,2018-01-31,-0.012903225806451646,-0.00967741935483879,0.1040825703665989,4004.0,48597.05465957711,889,10725987,5582400,769090,870552,2740753,2306775,2125551,868142,2049864,707057,1181180,0,616000,333564,0,496310,1243549,0
79,000421,2018-01-31,-0.016528925619834656,-0.009917355371900749,0.2329907011244982,4221.0,42243.85038920782,674,7162461,5472458,642407,566003,2263178,1215916,1851997,872612,1413829,2108982,270450,262800,300600,0,420000,446145,0,0
80,000422,2018-01-31,0.0,0.0,0.10856814825721216,4224.0,202830.2330670016,1250,0,34639104,0,2653056,0,6958848,0,3916800,0,5411328,0,1158912,0,1126656,0,899712,0,12513792
81,000423,2018-01-31,0.0053598774885146305,0.003828483920367498,1.3503648540388478,33045.0,181444.97168562823,2338,96296182,111079269,967923,1141672,11380074,12154247,14086232,15317639,18909781,19260511,9459606,12791825,9902377,8125857,5750139,5678178,25840050,36609340
82,000425,2018-01-31,0.004385964912280826,-0.002192982456140302,0.08014211142580997,36988.5,408879.3044630429,3258,195216024,242487610,1347348,1872700,12963236,16036339,17821722,19532168,23986383,31350981,15857860,21679296,11794849,18256261,13066067,17019695,98378559,116740170
83,000426,2018-01-31,0.03681506849315075,0.023972602739726234,0.21789110285011246,51342.0,331554.26490925177,2882,188215296,202239345,1050127,933944,11098359,12303243,18959399,14396233,30344726,27447572,23430239,21594292,17939614,18279040,16543615,17246732,68849217,90038289
84,000428,2018-01-31,-0.036319612590798966,-0.036319612590798966,0.14088334664088417,10362.5,115056.303550386,860,26763557,11746305,436103,954420,3108128,3851948,2946928,1191208,4912797,3097869,3029678,1090708,663337,697128,2124124,863024,9542462,0
85,000429,2018-01-31,0.01081730769230771,0.0012019230769231282,0.24617456819011407,8350.0,77380.5265791388,1143,13620208,14832882,1120399,1682941,3491563,4031779,2401342,2374423,1546928,3071926,923243,435760,1700228,1089699,0,0,2436505,2146354
86,000430,2018-01-31,0.0022831050228309113,0.003424657534246478,0.39850843259248364,9658.0,83330.60328974514,483,7385364,9138439,620043,444547,2492937,1427516,1380368,440432,1756767,1505574,701749,263700,0,308350,433500,2635620,0,2112700
87,000488,2018-01-31,-0.011885467314964981,-0.014046461372231311,0.33248790099082687,55590.0,314553.4456579895,3102,263498736,201232500,673820,1236639,15264915,13283302,20286406,16406888,36100958,32889718,29076523,24044080,22404773,18980739,15218513,16864653,124472828,77526481
88,000498,2018-01-31,-0.026277372262773713,-0.03065693430656935,0.19946971209745143,7096.5,73148.07487728272,1180,20094221,12209337,755756,1476453,4200532,4561692,3148567,1969076,4739572,1994765,1657539,1160375,332448,365568,484495,0,4775312,681408
89,000501,2018-01-31,-0.0045977011494251485,-0.00632183908045969,0.39070837660525926,19096.0,98621.24511901109,1984,61700665,44966085,1198805,1314411,9930800,7683311,10914043,8707023,14643578,11025408,8025774,7045712,4340023,4054760,4420666,1383492,8226976,3751968
90,000502,2018-01-31,-0.013409961685823646,-0.02011494252873558,0.5143737892143708,8176.0,98833.62593571153,413,5630584,9151824,471395,233148,1375128,967518,1003420,890099,1181941,2407621,526220,679648,334080,309600,0,0,738400,3664190
91,000503,2018-01-31,-0.02518518518518531,-0.024691358024691357,0.9890511377346001,39935.0,336553.41541459097,1678,136697346,106076123,832524,1057013,7144397,6687633,9423624,7928569,13497188,13508888,10184228,9596264,11561923,9922321,9943470,6567262,74109992,50808173
92,000504,2018-01-31,-0.0027016595908915253,0.0,1.179134733671028,18221.0,61026.21671283695,482,11717958,7862646,338206,272914,2804095,1532409,2381154,2305752,3175057,1956393,1508286,1448846,1044960,346332,466200,0,0,0
93,000505,2018-01-31,-0.0750695088044484,-0.07228915662650592,0.21430445341952375,34204.0,524857.7997276707,2549,145384887,193106287,879553,1538446,7594518,11383446,10683356,15046911,15959525,23268083,16657622,14851023,12985993,13860718,12915229,11773816,67709091,101383844
94,000506,2018-01-31,-0.0014005602240896309,-0.012605042016806678,0.2829959647441445,4935.0,48738.450059191586,636,9906317,3178494,1343588,236588,2159380,732082,2964383,768430,1593252,607670,211200,0,1007628,379620,0,454104,626886,0
95,000507,2018-01-31,-0.017699115044247815,-0.019665683382497523,0.21067122497660465,25050.0,153313.94564844755,2332,100552524,53733031,1331041,1225829,13027611,10524711,15880113,8103997,20419219,13124409,12303406,5150950,6372360,3826633,5775997,3431206,25442777,8345296
96,000510,2018-01-31,-0.01831501831501836,-0.020757020757020794,0.27691956742796237,12270.0,75920.34379730617,875,16842610,16998067,1078930,699506,4392624,2830825,3245809,2714374,4302622,4404913,1739945,4200579,319600,1697970,406186,449900,1356894,0
97,000513,2018-01-31,-0.00393487109905033,0.0025780189959294653,1.4496903715235503,44436.0,172358.59044825967,2585,125772683,104974587,1463426,1385915,13985412,11991322,18264897,18783302,25318907,22090710,15107055,8678253,10698617,10439804,6346134,6504988,34588235,25100293
98,000514,2018-01-31,-0.02395209580838331,-0.022455089820359153,0.18960584498151778,9795.0,60126.14804656882,1242,18367810,13502235,1296762,1296031,5520308,4841726,3516175,2506433,2720236,2086388,1439699,909919,1368865,362848,0,0,2505765,1498890
99,000517,2018-01-31,-0.020408163265306256,-0.010204081632653184,0.08989981843147214,30240.0,175326.04018847112,2989,129444041,133424621,1658644,1756626,12914381,13749002,15488740,15387583,24564347,24896246,18316242,17339926,17823231,13687443,7194329,10184736,31484127,36423059
100,000518,2018-01-31,-0.03273809523809523,-0.03125,0.2901300295507433,6530.0,62996.148948862596,536,7553690,3354422,625723,643309,1660209,1446458,616583,551028,1753021,102835,491436,200200,363090,0,0,410592,2043628,0
101,000519,2018-01-31,-0.046099290780141855,-0.03664302600472824,0.16719096024805774,16379.0,91762.41005902167,2568,66407718,38176362,1475723,1495378,18970035,10058196,10388506,7340044,12546290,7231461,4940209,4064363,3006039,1967940,1741866,1819119,13339050,4199861
102,000520,2018-01-31,-0.04404145077720201,-0.041450777202072464,0.10443769265401392,9724.0,101680.00196113832,1371,34415838,17017344,1086925,1371350,5581946,4844071,5174551,2245740,7887212,2667090,4100930,952648,3151848,684885,982380,416232,6450046,3835328
103,000521,2018-01-31,-0.05999999999999994,-0.05399999999999994,0.10300483372963713,6650.0,59325.18612002778,2365,37462112,21358678,5101010,1301915,8482820,5480487,7296483,3560931,6379009,5385109,5129839,3240255,1018110,1059481,1820423,0,2234418,1330500
104,000523,2018-01-31,-0.022360248447205078,-0.018633540372670843,0.36562935020795057,10361.0,52684.417538085654,484,8138275,3575465,436716,529508,2501033,1936479,1637240,640297,1712032,249520,0,219661,1056514,0,0,0,794740,0
105,000524,2018-01-31,-0.015748031496062964,-0.011373578302712128,0.3725912703741717,3379.5,40119.08371299638,942,7175856,4721148,949918,951344,2746444,1673355,1279270,580153,401240,508445,261060,544936,0,0,829420,462915,708504,0
106,000525,2018-01-31,-0.0009049773755657187,-0.005429864253393757,0.555563037593255,19854.0,70398.60165688903,1583,34083025,25174340,728511,1846813,9198525,6916944,4511794,6402330,8221867,5147727,4062419,2307918,1744806,1257952,1304568,1294656,4310535,0
107,000526,2018-01-31,-0.023217247097844118,-0.018573797678275272,1.6218406267859835,15010.0,78158.6651558162,345,9343688,5146431,346093,241741,1943420,888487,1938033,554989,2450986,1867622,1118300,1593592,327360,0,0,0,1219496,0
108,000528,2018-01-31,0.011600928074246175,-0.008120649651972012,0.19330167272422688,19987.0,114685.10530394156,1991,53505798,54582689,1610664,1228475,10301006,9855690,8312760,10582512,11770468,12803244,5420823,4009148,3684756,2724298,4076335,2226050,8328986,11153272
109,000529,2018-01-31,-0.028901734104046284,-0.036127167630057855,0.2790114964709019,6880.0,69671.2946782329,615,11957352,4657055,368235,864694,2429936,1782527,2316285,1340140,2060105,433444,796875,236250,1342356,0,923152,0,1720408,0
110,000530,2018-01-31,-0.03183520599250933,-0.016853932584269593,0.17512104232739764,5300.0,66094.37168547139,930,14920409,6830107,570846,808856,3341051,2418797,2331030,1517059,2585872,1481544,1514247,206267,1401721,397584,1368589,0,1807053,0
111,000531,2018-01-31,-0.011523687580025643,-0.002560819462227859,0.3097592015962172,7800.0,40923.75008625628,635,8298936,3691079,817021,635267,2695425,1450033,1670664,696164,909065,680589,1049077,229026,754595,0,403089,0,0,0
112,000532,2018-01-31,-0.04995766299745974,-0.053344623200677455,0.29085967188736467,17257.5,97042.82708414615,1656,49752268,26893474,1243384,992911,7553827,6492425,10028317,4976674,10903970,5843244,4230558,3284995,5193443,1632877,2821187,0,7777582,3670348
113,000536,2018-01-31,-0.030237580993520474,-0.021598272138228847,0.12403149213885872,5442.0,63496.01138886722,1396,19478510,7825865,1452856,1854991,3943682,2690127,2652761,1161249,2877034,662823,2911318,1456675,1725266,0,1781480,0,2134113,0
114,000537,2018-01-31,0.0377588306942751,0.05054811205846521,0.3145852590779856,50047.0,300493.30075526994,2734,179855197,206511271,1081547,1175802,10922171,10538401,13909875,17203486,26612059,30526553,21161000,20575346,14823901,15630442,13867976,9581806,77476668,101279435
115,000538,2018-01-31,0.011200000000000099,0.012199999999999989,2.0682610731868327,30132.0,263667.5264520377,2338,122194264,99119685,596620,189849,18216422,7865850,11793137,8964073,18394010,13509097,9163901,9572688,8349703,7206685,4909199,6989619,50771272,44821824
116,000539,2018-01-31,-0.014256619144602856,-0.016293279022403295,0.20839353773395178,4840.0,56158.85317710039,555,6177981,3737851,281848,851413,1379888,1424402,970332,1184822,1137436,277214,571684,0,399300,0,488000,0,949493,0
117,000541,2018-01-31,-0.02872340425531905,-0.024468085106382986,0.2092141376275068,13890.0,130032.56859926852,2021,64292123,33501269,1740869,1850727,8683926,7654749,9896589,5594360,17795975,6415966,6919487,2825749,4856740,1374843,3064158,1876450,11334379,5908425
118,000543,2018-01-31,-0.01737451737451734,-0.015444015444015413,0.16005301273992872,9690.0,101399.59804757044,1048,29042749,15446653,966721,962947,3677426,2801710,3618059,3121342,5895538,1861114,2133295,3178554,3686364,1364381,2562829,459895,6502517,1696710
119,000544,2018-01-31,-0.027215631542219176,-0.021632937892533177,0.576075244967705,9856.0,51546.27486477506,618,9963842,4614126,744548,511755,3135239,2110509,2081838,692097,1528450,728530,288606,571235,988065,0,0,0,1197096,0
120,000545,2018-01-31,-0.016129032258064502,-0.016129032258064502,0.1433151461704175,10824.0,87227.07646931228,1199,30324132,12559973,1150966,1420977,6663653,4403164,5096424,2603860,5066265,1559513,3457740,1248481,2061926,662478,1427100,0,5400058,661500
121,000546,2018-01-31,-0.026666666666666727,-0.031333333333333324,0.42462854488547286,10213.0,71932.01251767919,1248,30671173,10202207,1617071,628035,7230252,2939151,5499438,1614403,5228039,3577377,3464292,700151,988409,743090,3620782,0,3022890,0
122,000548,2018-01-31,-0.0029761904761904656,-0.011904761904761862,0.1923697865892032,9960.0,87224.03180909409,1221,22083986,14516423,1187777,1362659,5905332,4719001,2262382,2911738,2240619,2182025,2373651,654136,343040,998802,409734,0,7361451,1688062
123,000551,2018-01-31,-0.04500000000000004,-0.040000000000000036,0.2893983676169861,7915.0,58994.33708079214,774,13323877,7433187,555275,1136993,3265037,2418010,2749219,1761211,2310293,1026535,1443255,495282,1813834,0,465684,0,721280,595156
124,000552,2018-01-31,-0.01098901098901095,-0.013736263736263798,0.09016386020121456,6154.0,70000.26910481662,1637,24750680,15808927,1519363,1951151,4732170,3868458,3910372,1652220,5121295,3026294,993988,1534264,2748781,1820917,2702140,484848,3022571,1470775
125,000553,2018-01-31,-0.059876543209876454,-0.06728395061728398,0.3116293855510821,31100.0,196315.56803399985,2712,121949651,123829013,1227879,1694961,14708487,13566100,14685255,14016300,19355503,21686857,12671241,12315034,10881399,11915517,8373011,9531597,40046876,39102647
126,000554,2018-01-31,-0.012820512820512775,-0.01025641025641022,0.25435859560113017,10049.0,57493.270806868684,940,18267040,10875972,890967,1133589,4397994,2838648,4020671,2143892,4137904,2697596,1654847,931158,1341567,1131089,1303840,0,519250,0
127,000555,2018-01-31,-0.08075601374570462,-0.05756013745704469,0.2866897447946675,13710.0,72681.64388821622,1650,40211468,18661897,1035596,1328574,8915775,6938636,5625012,5010700,8279721,3692296,4477888,437305,3862777,331500,2724286,922886,5290413,0
128,000557,2018-01-31,0.0,-0.0042194092827004814,0.1326578643915229,9560.0,55891.264794867806,1279,15793431,16642415,1192130,1336300,5328756,5703606,3227642,3761146,1752912,2902592,2051972,1884455,323059,1054316,0,0,1916960,0
129,000558,2018-01-31,-0.029469548133595147,-0.025540275049115935,0.13950909333151384,10552.5,66175.76674301992,1334,26910444,14759918,1157400,1444937,5818204,5360390,6101989,2996266,5537209,3031325,2594209,848484,1710684,663348,1352786,415168,2637963,0
130,000559,2018-01-31,-0.018279569892473146,-0.021505376344086113,0.23359597330064058,12852.0,97929.8985062564,1586,39342367,23157351,1429921,1706448,7053743,7116043,5737760,4501075,6520334,4306568,5542152,1419728,2765426,366800,2645633,914785,7647398,2825904
131,000560,2018-01-31,-0.030501089324618702,-0.02941176470588236,0.2714270510886269,14536.0,80045.04392456273,1144,31917270,15070776,1002326,1166127,5690957,3947419,8272222,3957522,5807902,3603452,3038156,1974926,3235255,0,1779157,421330,3091295,0
132,000561,2018-01-31,-0.06823821339950376,-0.06575682382133996,0.2097215925056073,7630.0,43078.54118231032,1491,19552080,13204647,1420433,1739457,5256565,5466623,4675472,2641575,5104913,1960817,1326669,736925,662454,659250,468630,0,636944,0
133,000563,2018-01-31,-0.04484304932735428,-0.04484304932735428,0.09754967014856691,17480.0,120305.76721871425,2099,72374009,35348587,1623340,1458324,13278756,8110754,9216000,6846386,8811867,6735463,8567251,6122803,3402880,1805247,8881960,1818368,18591955,2451242
134,000565,2018-01-31,-0.02524544179523136,-0.02244039270687237,0.27683087398607453,7000.0,74234.12084352548,663,12501270,4502893,587359,777076,2496603,1920108,2020070,1041580,2099225,764129,947890,0,352404,0,970983,0,3026736,0
135,000567,2018-01-31,-0.03543307086614167,-0.010236220472440882,0.801814313795335,12820.0,138040.52121213742,1005,35618706,16589109,739216,873075,4010520,3348722,4058755,2622589,5244214,2955247,5255169,3298726,4066729,0,1305367,420750,10938736,3070000
136,000568,2018-01-31,0.014603075967065449,0.018176169022836808,1.1061052066032107,85475.0,325864.8814577805,3389,303849749,285877294,1236008,453588,11552482,11703131,23214245,26133471,43202460,32583092,60135148,36454798,32927938,30645800,16877369,25677263,114704099,122226151
137,000570,2018-01-31,-0.025782688766114115,-0.018416206261510082,0.2657064839086458,5951.0,30416.32850472891,417,5099611,2338299,329732,445101,1696963,1226770,1392715,355597,1200465,310831,479736,0,0,0,0,0,0,0
138,000571,2018-01-31,-0.005405405405405461,-0.0108108108108107,0.16464910457316306,11140.0,74991.43003605683,1138,24366424,12959978,1028682,793061,5547106,3734889,4664619,3087307,5019687,3015028,2156829,1085930,1506183,752907,873596,490856,3569722,0
139,000572,2018-01-31,-0.040380047505938266,-0.026128266033254244,0.1122606895676138,8300.0,96213.35936219397,1409,35782005,13030778,1871721,1091424,6677439,3644224,4828234,2372830,5487410,2301370,3973120,429829,2435618,301674,2188078,907484,8320385,1981943
140,000573,2018-01-31,-0.026369168356997985,-0.020283975659229125,0.16202112738157406,6789.0,38901.42969173735,927,10778878,8048213,922787,1051591,2873085,3792370,3034690,1434815,1688041,1250557,1232463,518880,1027812,0,0,0,0,0
141,000576,2018-01-31,0.01697892271662771,0.01580796252927419,0.7740946020757369,15484.5,352776.5285664172,486,7986298,33293724,346229,573323,1973662,2251445,1298616,2267928,829754,2384652,534947,632240,1089292,334262,401200,410674,1512598,24439200
142,000581,2018-01-31,-0.0076045627376425395,-0.018631178707224416,0.5033232969446235,52100.0,204647.35563695233,2733,176927921,137236929,662294,697598,12066836,13388082,15568384,14513300,33872572,37288123,27289689,15987379,15886059,9341249,9553373,9770637,62028714,36250561
143,000582,2018-01-31,-0.04150197628458496,-0.03853754940711451,0.2916681715210826,10060.0,76103.41805261961,1204,26345458,13889358,1066439,1223192,5640107,4950014,4229757,2802508,6113168,2233649,2886709,726403,1657348,0,0,0,4751930,1953592
144,000584,2018-01-31,-0.013377926421404673,-0.014715719063545074,0.33331775520907203,20587.0,104209.68612513121,2012,58149495,44909075,1324533,381032,22958681,4193834,9109610,7221112,9143541,10625330,4346526,6758639,3070512,2804618,879365,3559317,7316727,9365193
145,000585,2018-01-31,-0.01049868766404205,-0.013123359580052618,0.09686503454253245,5745.0,52154.82271214403,1555,17378808,12507875,1513624,1607726,5871751,4647903,2848996,1905854,3078009,1477246,1332761,619768,378632,721801,0,922549,2355035,605028
146,000586,2018-01-31,0.05832832230908003,0.032471437161756045,1.6313255553927655,8617.5,40988.452242511994,104,1381628,825184,89786,82671,349542,237597,218060,272036,438720,232880,285520,0,0,0,0,0,0,0
147,000587,2018-01-31,-0.023224043715846965,-0.023224043715846965,0.15027754196235202,20104.0,176622.9503055312,2385,89424242,73564463,1449213,1121671,13679987,11795904,10261343,8270643,12587350,10785889,7684297,4002422,4577294,5006342,2189207,2618024,36995551,29963568
148,000589,2018-01-31,-0.01318681318681314,0.00879120879120876,0.14943417868090184,9160.0,110372.76230977662,932,16368241,19344534,704733,1074363,4183654,2521215,3438085,2476121,3017059,2742835,2011986,4311964,359550,0,460559,2167024,2192615,4051012
149,000590,2018-01-31,-0.051515151515151514,-0.03560606060606053,0.6100918263511371,11484.0,65119.96595827648,468,6813749,7157802,250375,501350,1639714,1962025,1181626,830263,1543704,1459003,1472162,1103559,726168,0,0,0,0,1301602
150,000591,2018-01-31,-0.02717391304347816,-0.021739130434782483,0.1387114501701682,10800.0,98325.89998229938,1586,41247273,19093382,1366073,1336996,6678359,5792643,5777900,5012791,6687275,3352783,2699586,753089,3072506,396165,2722725,862086,12242849,1586829
151,000592,2018-01-31,-0.03100775193798455,-0.029069767441860517,0.11468975595179771,12675.0,169804.38471327376,2033,50715399,55330355,1746905,1381859,8677360,7499184,6597710,6547202,9700208,6654189,6318693,7639920,3723015,4799278,2227567,1305749,11723941,19502974
152,000593,2018-01-31,-0.035066505441354145,-0.033857315598548876,0.27533032737981805,8075.0,56841.94215462506,902,14286349,9571190,722975,1141994,4262302,3073949,3192578,1622449,2647419,1918102,1467539,681960,398097,0,861839,407030,733600,725706
153,000595,2018-01-31,-0.03861003861003842,-0.030888030888030937,0.17112070866008292,10360.0,82055.33279868419,918,17365516,13937142,470242,1084723,3638696,4530635,3123500,2718246,3044451,2214584,2424425,637488,1325028,339500,407862,0,2931312,2411966
154,000596,2018-01-31,0.01576872536136653,0.02934734997809918,1.5997467512239347,28295.0,240193.7871137678,1833,67941662,91376391,1161303,1436990,9686424,8990568,9971235,12051432,11678847,10999311,5897968,6124274,5878352,3087292,3094598,1781745,20572935,46904779
155,000597,2018-01-31,-0.062209842154131834,-0.05849582172701939,0.2765542123812789,12684.0,125341.95922534993,1519,48778272,27563092,728169,1742531,4907728,7424376,5533919,5345069,7583358,4991167,3642841,3522014,3072507,2013618,5193514,0,18116236,2524317
156,000598,2018-01-31,-0.0056285178236398226,-0.0056285178236398226,0.15010546128844168,9052.5,89591.96202635314,1262,28812654,14502971,1501812,866739,6236526,2645422,4107716,2500933,4757363,2508018,3107748,947172,1949743,664400,461438,0,6690308,4370287
157,000599,2018-01-31,0.009360374414976613,-0.006240249609984372,0.240333306463592,12740.0,51989.248304943096,711,12899055,7484160,830606,472286,4534622,2001950,2403890,2069707,1946819,924502,1496182,1085779,1686936,0,0,929936,0,0
158,000600,2018-01-31,-0.02789400278940035,-0.02789400278940035,0.151519120937309,17425.0,126638.96916227315,2244,66348904,42159575,1238742,1941155,13252714,9176996,9510817,8289957,12579721,7362533,9107245,4723302,5873328,3676382,3932928,926781,10853409,6062469
159,000601,2018-01-31,-0.00974930362116988,-0.005571030640668551,0.34050234842319976,7170.0,66352.60930488183,444,7921443,3408843,287459,1239643,1372861,781373,1070739,631233,989524,434212,1418972,0,1009340,322382,465528,0,1307020,0
160,000603,2018-01-31,0.03208556149732611,0.018334606569900602,0.29539437506315425,25403.0,142745.7785256859,1967,56527456,79490810,1102388,1447620,9728563,8480927,11220438,8137186,12145869,13004257,7389363,10855047,4430800,6441673,2985177,4260007,7524858,26864093
161,000605,2018-01-31,-0.052077562326869886,-0.02880886426592799,0.5773528381179747,12425.0,52198.756312292484,977,19116086,9280275,802163,936424,4970127,3721070,4460770,1525406,4375324,1678297,1906040,530278,1737902,355400,863760,0,0,533400
162,000606,2018-01-31,-0.003783102143757766,-0.006305170239596425,0.4158569798346819,10283.0,81571.36786186416,363,7386435,3878707,274309,400041,1865267,1339515,830490,720434,1060097,299596,1256132,506572,0,612549,473400,0,1626740,0
163,000607,2018-01-31,-0.03135313531353123,-0.028052805280528004,0.21589171264622933,8274.0,71371.01373149159,788,14187630,6283986,633416,822204,3027289,2412483,2917460,1316106,2810055,1046960,1718082,686233,330960,0,0,0,2750368,0
164,000608,2018-01-31,0.010362694300518172,0.023316062176165886,0.14821053620046773,34557.0,307114.46007247345,2726,124077902,144924124,1444604,1489272,12365683,11472098,15059930,15407488,22598385,24805460,16375358,19161146,10467721,9878467,6958777,8905649,38807444,53804544
165,000609,2018-01-31,-0.04371584699453557,-0.02641165755919861,0.42901383929661757,12804.0,59735.263524046764,655,13793395,7963548,567322,462886,2990126,2738092,3839416,1637634,3156636,1822242,1257734,752404,340581,0,468852,0,1172728,550290
166,000610,2018-01-31,-0.0025706940874035134,-0.016281062553556103,0.6187273613707316,5765.0,50821.70590215709,355,4814257,1897116,475236,184490,1578745,705469,915002,285203,871821,280050,287500,0,0,0,0,441904,685953,0
167,000611,2018-01-31,-0.03285714285714292,-0.024285714285714244,0.3952217074273922,7546.0,52674.53954059933,313,5717263,2348553,299300,258407,1268436,906696,1266180,485363,1337877,117135,702378,253872,373184,327080,469908,0,0,0
168,000612,2018-01-31,-0.02021403091557672,-0.02378121284185486,0.2036561751075837,8400.0,44637.35897302217,1710,19935793,19706470,1518960,1734637,5060962,9585907,5183383,5449533,3979428,1596739,1262276,453656,720484,316996,426620,0,1783680,569002
169,000615,2018-01-31,-0.05268022181146026,-0.037892791127541625,0.20923420413962485,30000.5,114064.01774309187,2678,97638239,83505688,1318298,1230338,13188648,13206459,16127419,15617315,23333618,19233033,14398815,9604860,12322230,6515685,6611491,3922428,10337720,14175570
170,000617,2018-01-31,-0.029211956521739246,-0.029211956521739246,0.5042623765432588,11488.0,53509.54673245315,852,16028658,7285067,835669,698565,4281699,2887379,3937497,1662181,2999985,1589432,1455182,447510,311750,0,402266,0,1804610,0
171,000619,2018-01-31,-0.012658227848101333,-0.0113924050632912,0.394660011117164,7875.0,73532.721754004,400,6798122,5340792,393776,524675,1447672,1433619,862248,1005252,1547401,655238,1003089,294338,318304,398950,403512,403920,822120,624800
172,000620,2018-01-31,0.011551155115511635,0.008250825082508406,0.14167063933722504,7398.0,117152.20889155283,1836,29776540,29017848,2144099,1400254,6720527,5635180,6298430,4982472,4538548,4859730,2633974,2198285,606708,701340,1354969,457824,5479285,8782763
173,000622,2018-01-31,0.0,0.01684210526315799,0.17113546796757095,9640.0,87269.23040269173,773,13946627,13683950,752829,706945,2788250,2303190,2937901,2564711,3142051,2342489,2090216,1550610,310706,1325986,447606,898569,1477068,1991450
174,000623,2018-01-31,-0.014347826086956394,-0.01782608695652177,0.48891143337996057,31780.0,272967.13234989415,2213,124484606,99922874,1276170,1160761,9808912,11093467,11323539,12193749,15762295,17498921,15076148,12966959,10747349,7191568,9342995,6327043,51147198,31490406
175,000625,2018-01-31,-0.011547344110854563,-0.01000769822940728,0.27455964731107074,20608.0,166156.54604870675,2239,85670021,60940931,1492679,1680120,11391572,9858762,12655355,8293691,15441520,9728896,9768304,8491056,5387119,5936722,4398224,2308572,25135248,14643112
176,000626,2018-01-31,-0.03703703703703709,-0.03292181069958855,0.3979525985294984,10890.0,57565.88486380755,932,17321489,11235373,551798,1033394,3914097,3273895,3449453,2532673,3995354,2697393,2739895,776072,1713690,353400,408518,0,548684,568546
177,000627,2018-01-31,-0.013496932515337567,-0.007361963190184118,0.1910284416544697,14597.0,109782.12610947399,1822,50321135,32795601,1492556,2211636,8957018,7007991,8106494,6618028,8617321,5405385,5501542,1911754,2444443,3474753,2880673,1718053,12321088,4448001
178,000628,2018-01-31,-0.014669926650366705,-0.007334963325183463,0.33571552073566774,6568.0,33848.06654854675,593,7566539,3517503,736722,676328,2384850,1459318,1838297,952375,1773799,429482,522031,0,310840,0,0,0,0,0
179,000630,2018-01-31,0.013937282229965264,-0.0034843205574913716,0.05634254916456841,14450.0,220895.2847277684,2630,97887280,86794636,2049702,1437623,11205368,10636673,10008652,7603055,11573436,7036802,11408515,25436248,4145141,4833750,2232862,2734834,45263604,27075651
180,000631,2018-01-31,0.026666666666666616,0.022222222222222143,0.09627717264200557,9856.0,98112.21563422799,2199,36813364,44348317,1926390,1907418,7260849,12260666,6144104,6861210,6247467,9962816,4712785,4730557,3470919,3751512,1376639,873060,5674211,4001078
181,000632,2018-01-31,-0.020408163265306145,-0.025510204081632515,0.3117583614553329,11520.0,72517.5366412851,355,7084617,3827023,221498,320750,1661437,1399963,1266837,494412,1682524,643828,492410,0,0,380250,475326,0,1284585,587820
182,000633,2018-01-31,-0.0010351966873706209,0.0010351966873705098,0.4545570275958974,20286.0,73482.39702339335,451,9541482,10563857,423755,280897,2967220,1927176,2539563,1887908,1642178,1779301,997611,1966660,971155,771435,0,1420860,0,529620
183,000635,2018-01-31,-0.03806934058463629,-0.03942895989123041,0.4947194503865955,10132.5,44046.73946662665,884,13697261,7508315,619951,1019533,4059438,3595853,3164130,1613939,2930857,381194,1704385,577450,357500,320346,861000,0,0,0
184,000636,2018-01-31,-0.004882812500000111,-0.02050781250000011,0.20975213759445743,20500.0,192277.8401540358,2387,103202480,58553147,1400775,1285663,11380284,10822632,12083853,8746093,15990359,13098568,12001700,7058255,7029658,5129998,8818637,2094425,34497214,10317513
185,000637,2018-01-31,-0.02409638554216864,-0.015490533562822706,0.2299356501277131,6319.5,49291.544705766166,638,10499450,5137230,690319,585948,2524002,1517845,2350751,1760824,2966863,604477,886738,287000,0,381136,0,0,1080777,0
186,000638,2018-01-31,-0.04221388367729828,-0.03658536585365857,0.2635774300530377,15225.0,73856.55210972826,1639,33398545,27236496,1131154,1160619,7977035,7290415,8043361,6516674,5134343,5115147,2522788,3404159,2392477,322341,913093,1759511,5284294,1667630
187,000639,2018-01-31,-0.030177514792899318,-0.034911242603550274,0.4433124853245151,11413.5,62812.949103675426,1454,25518701,18949203,852703,1753360,5807239,4762457,8339205,4798810,4993492,5306221,2560385,1078615,1022807,757480,410020,492260,1532850,0
188,000650,2018-01-31,-0.02083333333333337,-0.018939393939394034,0.17412337688567792,6773.0,97280.83121791508,920,20002587,6699812,1192145,639210,3633239,2385521,3063074,866717,3069214,1007926,1300081,260000,314080,324062,416800,425136,7013954,791240
189,000651,2018-01-31,0.03592592592592592,0.03592592592592592,0.9002339409193993,399967.0,1386420.126139766,3599,1186761717,1618069923,16487,33089,1830946,3077962,6801875,12272190,32514773,41064298,47013967,53084713,50511208,61535737,43509404,62567947,1004563057,1384433987
190,000652,2018-01-31,-0.019230769230769162,-0.014957264957264793,0.1118953279230333,9280.0,127826.38950671653,1755,35336777,24957382,2879860,1408325,7985299,5201037,6623357,3205779,6637766,4223732,3106800,2508432,2407787,610332,1252630,899535,4443278,6900210
191,000655,2018-01-31,-0.07236842105263164,-0.05592105263157887,0.16619807513389984,9843.0,51207.77992429112,1340,20745574,13377406,1076026,1486176,6431965,4529857,4808690,3088775,4328063,2059698,1553042,692225,680316,633932,856326,0,1011146,886743
192,000656,2018-01-31,0.005836575875486361,0.005836575875486361,0.11236583948018261,12577.5,135055.12126647407,2100,53397459,41711859,1137543,3210759,7864965,9851437,6467047,4927701,7007617,5696528,6073332,5241049,2780222,2082798,2196427,899013,19870306,9802574
193,000657,2018-01-31,-0.012648221343873556,-0.02055335968379446,0.3688326283651169,15132.0,70787.40253248623,1178,29216892,11475086,863350,859928,8486988,4410148,6289070,2363910,7043950,660514,2132060,1028724,1406719,753000,0,0,2994755,1398862
194,000659,2018-01-31,-0.004962779156327701,-0.022332506203474045,0.1308110932398896,14220.0,165151.95485450563,951,28399076,18367783,506683,985637,3930610,5206797,2827360,2960347,5677960,4231041,3459435,840347,384866,705455,1747153,0,9865009,3438159
195,000661,2018-01-31,-0.026347034545146086,-0.02188047718663433,4.0079565478779635,34987.0,313608.0409807709,1950,145649159,117964405,8754,9444,5487433,16655471,9650601,13971643,14956720,17548945,11396376,9081927,8698175,4523556,7426615,9240936,88024485,46932483
196,000662,2018-01-31,-0.10844976713240184,-0.10844976713240184,0.5845163661169211,8904.0,115726.72400718919,663,13003748,14855052,540178,746303,2705703,2225577,1654248,2420056,2608834,2152061,1634483,908343,991419,1013048,884057,471680,1984826,4917984
197,000663,2018-01-31,0.010446343779677125,0.0009496676163343043,0.5562394741433436,21120.0,131057.61601019828,1438,45477045,34876914,1138616,751773,10623551,4595874,7101328,3058288,9543765,6900431,4383247,4859928,2713118,2831482,3070485,2238418,6902935,9640720
198,000665,2018-01-31,-0.02801932367149751,-0.024154589371980673,0.3439958270464418,10130.0,72685.59368387883,905,19619414,9530149,644880,775807,2890105,2987616,4196296,2112097,5203528,2106551,1272322,1184838,1029087,363240,1321954,0,3061242,0
199,000666,2018-01-31,-0.021090534979423925,-0.021090534979423925,0.5258140888987788,19050.0,132888.31509760756,1367,50559650,26104386,982542,1266555,6662168,6362501,6331360,5430380,7859024,6293878,3522048,2439266,4295974,1471760,1780960,486539,19125574,2353507
200,000667,2018-01-31,-0.0030864197530865445,0.0,0.07712574678142053,6460.0,86377.07928071756,1773,33391588,18700578,1995581,977131,7342783,4217906,5391184,3293915,5610864,3207967,2585374,2814486,2064074,2170263,1691071,405870,6710657,1613040
201,000668,2018-01-31,-0.03786342123056108,-0.035158891142663906,0.904439797982338,11512.0,55896.986030795655,267,3928320,4017581,135687,349413,1281045,1007637,771785,320216,1168726,971813,242177,1053356,328900,315146,0,0,0,0
202,000669,2018-01-31,-0.014168530947054392,-0.026099925428784476,0.4091270040598665,13220.0,112247.08302479032,1074,26702046,14628720,984717,910841,4630462,4473359,6622323,2913582,3358415,1690779,1593202,2093980,613236,1037351,1782430,974428,7117261,534400
203,000670,2018-01-31,-0.022388059701492602,-0.022388059701492602,0.09954872571211996,18353.0,111701.18924882119,2912,72303023,72607256,1410248,2684231,12851336,14464793,13659944,13800956,16714269,17750877,10360099,6436062,6760837,4219554,4522659,1340046,6023631,11910737
204,000671,2018-01-31,0.01634320735444339,0.012257405515832653,0.16841340219534914,95480.0,550693.0704760075,3392,341230758,464805399,747497,954651,10780350,11079643,16002025,21251506,35229273,45808648,32555936,47270428,25617054,35777736,25873036,30390371,194425587,272272416
205,000672,2018-01-31,0.03612479474548436,0.05090311986863716,0.21139899248498947,66859.5,307062.7553649317,3328,232714375,274431997,848337,850904,14381155,12458347,24173914,22345465,39937024,42701029,30424781,32379163,19659081,27605657,17162146,19133173,86127937,116958259
206,000673,2018-01-31,0.0,0.0075301204819278045,0.4823647500061647,18788.0,338896.4408176539,758,57966982,14863727,468557,364410,5419280,2366063,3880146,1626559,4711180,1662945,4387244,1509475,1449046,1352714,2207643,1295686,35443886,4685875
207,000676,2018-01-31,0.045376712328767166,0.06849315068493156,0.2501942072392453,26004.0,139873.29618900688,2186,62983504,87355033,1099185,1282628,10316523,10155127,10293188,10463445,15577996,17203779,6139549,10236372,4882778,7264960,3153374,5775478,11520911,24973244
208,000677,2018-01-31,-0.0237467018469657,-0.007915567282322011,0.1691297001667196,4363.0,45652.46091685139,502,6589878,2635896,610551,420287,1741625,1007901,1423741,149720,1222793,1057988,0,0,976430,0,0,0,614738,0
209,000678,2018-01-31,-0.052333804809052364,-0.052333804809052364,0.24000452043107068,7579.0,41920.04265754325,868,10345922,7138458,651326,1080979,3785897,3131541,2657946,1543046,1630098,811992,916165,0,0,0,0,0,704490,570900
210,000679,2018-01-31,-0.06423357664233564,-0.05547445255474448,0.2483360982020693,10005.0,45628.01471916393,761,11577793,6823899,532184,884918,3541747,2293195,2589648,1558492,2568825,1571318,735801,203820,1107138,312156,0,0,502450,0
211,000680,2018-01-31,-0.03298969072164937,-0.030927835051546282,0.12204057164118169,6789.0,87938.62301621847,1583,33119565,14984086,1515122,1501888,6124017,4337943,4981557,2517007,5661039,2927539,4537558,1955844,2397164,1743865,1371500,0,6531608,0
212,000681,2018-01-31,-0.022190062711046843,-0.02460202604920414,0.5173054313483605,20510.0,116515.65663268926,1609,55930611,34132139,1129487,999340,6977250,6860974,7985217,9541115,8810013,6077027,6498575,4172915,4164631,1388409,4804728,1287918,15560710,3804441
213,000683,2018-01-31,-0.013698630136986356,-0.010273972602739656,0.07558316756036039,10476.0,112385.2387015769,1501,43977290,12467684,1368090,989835,7192030,5033335,6849291,2487860,8392786,1817487,5080488,656079,4409503,378160,1412025,0,9273077,1104928
214,000685,2018-01-31,-0.014218009478673022,-0.014218009478673022,0.2750223826601813,14748.5,111002.21773371681,1472,37332036,19823630,1270240,851053,9585413,4665380,4029528,4543901,7304973,3473390,4003561,2924604,1247634,1053087,948307,485562,8942380,1826653
215,000686,2018-01-31,-0.01777777777777778,-0.013333333333333197,0.20233207845631349,20493.0,138931.4557430454,1980,77160655,51853094,1407963,1815279,8697411,10034222,10347899,7911157,12568326,8483562,9504948,5988366,5871163,5394907,7256150,3213809,21506795,9011792
216,000687,2018-01-31,-0.035645472061657135,-0.028901734104046284,0.2990877961777934,12180.0,74888.40455550619,1205,29209118,15253573,761944,1040958,5265252,5199755,4733880,3497166,6602635,3158275,2410814,1722451,2337167,634968,2602914,0,4494512,0
217,000690,2018-01-31,-0.06773823191733652,-0.05166475315729058,0.1872677162835691,43202.5,325611.0734099157,2170,167043652,161401022,1112422,1205680,8297454,8413734,12739179,10610000,21942886,14466180,17188660,16479937,16248997,11273566,11787611,13449273,77726443,85502652
218,000691,2018-01-31,0.018156424581005526,0.006983240223463749,0.48763460151744714,7280.0,64256.50181076093,215,3276982,3315150,136426,268519,704356,888806,113511,201036,1432579,768285,0,1188504,373230,0,0,0,516880,0
219,000692,2018-01-31,-0.048054919908466776,-0.03661327231121281,0.17175540673748943,5124.0,49531.82423650638,648,9270105,5996378,377786,629924,2612833,2395457,2417872,1332530,1321289,829647,1125385,449902,387000,358918,423360,0,604580,0
220,000695,2018-01-31,-0.012409513960703111,-0.013443640124095269,0.6220977712187101,9620.0,40491.612363863474,241,4117131,1102122,339943,152088,1070115,680778,1023861,269256,868583,0,473829,0,340800,0,0,0,0,0
221,000697,2018-01-31,-0.02657807308970095,-0.018035121025154255,0.6063672446658054,16652.0,92559.81079946594,1208,31484240,17585793,708203,897844,5266090,6548253,5063356,3479121,7844987,3309209,2436149,1398107,2519881,0,1389859,908104,6255715,1045155
222,000698,2018-01-31,-0.01680672268907568,-0.01848739495798324,0.22625064263696337,12980.0,63092.87394626886,691,16224324,6902357,709752,361844,4433730,1840938,4702796,1256532,2643929,639958,1424440,1174961,1048661,669130,0,958994,1261016,0
223,000700,2018-01-31,-0.026978417266186994,-0.021582733812949506,0.20564973701722244,16590.0,81929.90002857984,731,22282993,7597251,428612,543324,7047176,1661438,2243000,1090310,3661581,1619799,3621380,1407185,2099510,319658,1351740,439239,1829994,516298
224,000701,2018-01-31,-0.08221993833504637,-0.08221993833504637,0.22804443747895942,16425.0,106541.83465625661,1824,42928768,43384001,971628,2307407,5678151,9602281,7764405,8003353,8190341,11686364,7798009,6070635,4931839,2572370,2289815,884180,5304580,2257411
225,000702,2018-01-31,-0.019685039370078816,-0.030183727034120755,0.17074389174246668,12558.0,73653.31048281358,1996,39791566,26518330,2671760,1518879,10412805,6965096,9229049,5400352,8498006,5716365,3913249,1119721,1020966,3432051,915659,0,3130072,2365866
226,000705,2018-01-31,-0.023170731707316983,-0.02195121951219514,0.3159843398518366,8039.0,51277.02283209891,673,12173489,4144347,782826,676400,2767232,1940987,2313626,928982,2408421,355878,996562,242100,2039568,0,865254,0,0,0
227,000707,2018-01-31,0.0,0.0,0.2136078949842943,4950.0,87380.44375968423,536,0,10761795,0,1515195,0,2006235,0,546480,0,1329570,0,744975,0,0,0,990000,0,3629340
228,000708,2018-01-31,-0.01861252115059231,-0.020304568527918843,0.3580223146392529,16310.0,73179.88344692922,1090,28568243,17588247,546026,877252,5405327,4739558,5604575,3780453,8062163,3016129,4591808,2326311,2402012,1354845,836122,406337,1120210,1087362
229,000709,2018-01-31,-0.0024691358024691024,0.0024691358024691024,0.0786310945322102,23085.0,296860.3183044888,2669,131820396,121017568,1925358,1252467,11930721,13208610,12890687,12419277,17282494,15233515,12068361,9951354,6999806,5729669,5105321,6495921,63617648,56726755
230,000710,2018-01-31,-0.05875731652408822,-0.05650607834308885,1.1342396423211916,17088.0,62891.93105478509,1535,33211331,27352635,1347600,1691715,7457528,6867909,6504462,5209563,9484616,6578988,5729856,2148258,1814890,2130876,872379,1716246,0,1009080
231,000711,2018-01-31,-0.03015075376884424,-0.03086862885857855,0.42175873683854737,16440.0,117627.92177795133,1091,35109156,19187696,652939,990593,5139869,5580764,4546028,3776398,5624792,3579724,2904226,1937663,2827875,336069,1347860,1346380,12065567,1640105
232,000712,2018-01-31,-0.029922202274087373,-0.029922202274087373,0.43360012337873366,16535.0,130626.04246452973,1486,53306065,24586224,1197083,1076109,7797341,6134983,7551639,4598503,8793330,5067127,5691549,2773828,3268233,2418479,2871695,947348,16135195,1569847
233,000713,2018-01-31,-0.048120300751879785,-0.04511278195488733,0.21681260073054448,7117.0,52582.107787973335,941,15581516,6640578,1478224,806399,3568888,2794369,2595101,1674824,2844027,409479,1872551,254795,1584300,700712,403176,0,1235249,0
234,000715,2018-01-31,-0.03905447070914703,-0.029804727646454365,0.3680029870432881,9470.0,83273.23827681593,699,11308775,7828080,746548,751623,3860323,1878834,2167315,1549095,3146544,779202,729345,537934,0,0,0,0,658700,2331392
235,000716,2018-01-31,-0.007448789571694592,-0.007448789571694592,0.16487211737556545,5962.0,65539.71452712666,1062,15521778,9376774,1112647,980257,3592776,3064919,2955480,1859485,3808094,1916114,1209963,708613,638311,0,0,0,2204507,847386
236,000717,2018-01-31,-0.013381995133820102,-0.013381995133820102,0.15262644363408717,37582.0,415252.87880141387,2907,215721158,147396311,1367518,1459013,14199937,15159622,15349198,15910218,24511533,25021488,21682970,18785292,15090249,7762311,15331534,13299585,108188219,49998782
237,000718,2018-01-31,-0.0653061224489796,-0.061224489795918546,0.10148193311501319,20745.0,149738.81711318254,2345,83292449,70850588,1486138,1831365,9492213,11505796,10050669,10866679,14259459,15679486,9548157,8584474,5176576,6298248,7188021,4166889,26091216,11917651
238,000719,2018-01-31,-0.005307855626327074,-0.007430997876857748,0.3042112143183304,9320.0,38773.60326655839,959,11766033,7077897,852943,1539230,4277263,3274807,1846967,1036939,2200785,1226921,1003077,0,708765,0,876233,0,0,0
239,000720,2018-01-31,0.0045977011494253706,0.02298850574712663,0.11343055689782167,11075.0,156345.37769011856,1475,25666089,27114589,1448134,1267574,7239880,5350548,5702043,4194475,5671402,4143128,2178148,1522069,958180,709330,844140,434676,1624162,9492789
240,000721,2018-01-31,-0.022222222222222254,-0.03703703703703709,0.1897459475055396,9044.0,58775.34600849015,811,14780153,6588529,459429,736472,3470101,3017102,3023298,1292593,3416327,1271245,2257896,271117,1093102,0,0,0,1060000,0
241,000722,2018-01-31,-0.03148751357220425,-0.018458197611292304,0.3832705378948788,9040.0,62638.245319403126,577,9183667,5046754,660157,672610,2990450,1291735,1800425,677433,1850537,623690,982098,223748,360000,0,0,0,540000,1557538
242,000723,2018-01-31,-0.001519756838905706,-0.006079027355623157,0.21126546930980236,7227.0,51204.16607798486,970,16022189,6654637,1433763,645124,5039393,1880590,2997296,1715558,2592769,1146116,1745671,448215,981860,319924,446637,499110,784800,0
243,000725,2018-01-31,0.00996677740863805,0.004983388704318914,0.1005240886538712,329805.5,1313577.724234128,3600,1247926580,1424948601,48224,107380,2661855,3716964,12053684,14901784,45346026,44020455,55009346,64171583,57712380,68084839,43954028,59894652,1031141037,1170050944
244,000726,2018-01-31,-0.003646308113035679,-0.005469462169553352,0.3271966595427077,10970.0,126356.31330077637,1124,21553743,27361847,468785,1496697,4379529,4790081,5816511,2380389,4375647,2579343,1775398,1656618,1717797,2117221,464766,0,2555310,12341498
245,000727,2018-01-31,-0.024896265560165998,-0.020746887966805128,0.05406270194728847,4740.0,133937.100237251,2017,33092173,26114612,1908189,1838789,5032764,5071259,3534227,3129325,3306763,2359468,3039901,2162977,1960875,310890,864657,0,13444797,11241904
246,000728,2018-01-31,-0.02415026833631484,-0.025939177101967692,0.22115831499122798,33180.0,228559.53831237223,2558,135582063,103548881,1191236,1190681,11109552,12302706,14099158,14816018,22714820,19819843,14574166,12601255,15952919,6996765,10116017,6173264,45824195,29648349
247,000729,2018-01-31,0.0026773761713521083,0.006693440428380271,0.16357297298632842,15080.0,125079.30552308484,2089,46113724,61550047,1433345,2211588,7373436,9921132,8043735,8760749,9554277,11578627,5508980,4788765,1730126,6767029,5949293,1671912,6520532,15850245
248,000731,2018-01-31,-0.04150943396226414,-0.03270440251572326,0.22898084296244064,15660.0,113284.31771685307,1206,38209809,21781505,1083279,976061,6446072,5077437,5567197,4020894,7249120,3913081,7144105,1474294,4086181,646210,1714816,804274,4919039,4869254
249,000732,2018-01-31,-0.03571428571428559,-0.009615384615384692,0.6369116516507777,108405.0,765744.8832797605,3272,488090029,560174475,665569,739378,9339466,10742131,16817555,15679190,34156769,32920984,27352005,33022825,29356460,34470120,30310488,33217015,340091717,399382832
250,000733,2018-01-31,-0.03228173147468827,-0.027146001467351466,0.4219402534177367,13450.0,86112.82406079842,1043,24638302,10785504,763234,1013496,5402469,4724505,4680598,2259387,4328914,1485677,2033852,476499,949084,0,1798840,0,4681311,825940
251,000735,2018-01-31,-0.041980624327233484,-0.02152852529601712,0.1624994451267239,59331.0,329192.49966117,3280,247712130,220505328,1134974,1063596,14050307,13690738,23566145,17791648,39751381,38781139,30460581,23314977,26255531,16752933,20581028,19323866,91912183,89786431
252,000736,2018-01-31,0.0,0.0,0.8207480218569632,20420.0,923163.0913342574,618,59800967,6889708,620522,0,6931853,0,5758440,0,6093328,0,3246780,0,2378930,0,1217032,0,33554082,6889708
253,000738,2018-01-31,-0.028288543140028266,-0.021216407355021283,0.3687989080376058,13870.0,81437.131152803,1471,35187478,18179896,1389091,1154855,6767813,6032614,6587559,4754953,7250764,3788097,4553112,706219,1322422,390006,1240620,826376,6076097,526776
254,000739,2018-01-31,-0.030201342281879096,-0.028523489932885893,0.14879821141319283,2915.0,55551.93985627571,1607,20518479,10634615,696233,2050343,6100222,3739758,2442632,2052463,2838848,1918685,5563032,873366,706302,0,0,0,2171210,0
255,000750,2018-01-31,-0.023668639053254448,-0.021696252465483346,0.11587216004037401,15593.0,162363.7951063911,1919,72118700,48618946,1308642,1553370,7379507,8856007,9073546,5945971,9597143,7367448,7764151,7199905,5744673,3275313,4117547,2435749,27133491,11985183
256,000751,2018-01-31,0.02007299270072993,-0.0036496350364964014,0.10803586572506729,28024.5,202359.83706336588,2582,121236747,98852073,1374595,1460580,11664690,11798045,14505118,12638647,20324211,17553335,17480577,17012143,11681406,7386976,6278744,5150875,37927406,25851472
257,000752,2018-01-31,-0.0015649452269169695,-0.007824726134585291,0.6314424225543901,6380.0,40911.06389809838,409,5175841,3728643,373655,377224,1769205,896006,1118531,711980,1398228,1138763,516222,253000,0,351670,0,0,0,0
258,000753,2018-01-31,-0.012722646310432628,-0.010178117048346036,0.15922973739082177,9725.0,59986.383603281734,609,10541172,7117238,706593,416687,2839440,1945437,1736549,752728,2510695,1240465,993293,1420492,725948,1341429,486164,0,542490,0
259,000755,2018-01-31,0.016949152542372836,0.013559322033898313,0.2707335646850819,7188.0,56318.62286911761,475,6965319,3769688,571043,462350,1914063,1310268,490776,972760,1675457,824244,220095,200066,0,0,875090,0,1218795,0
260,000758,2018-01-31,0.0030030030030030463,-0.018018018018018056,0.1502681139068119,15768.0,172426.898754154,1967,79810010,34898340,2040538,1182506,9809105,6940692,9833652,5874383,15356223,5155165,6392273,6015936,6702913,2328514,3619139,419811,26056167,6981333
261,000759,2018-01-31,-0.012500000000000178,-0.011363636363636576,0.2070863966545603,17060.0,78697.82785429101,1809,45099691,27938916,1848232,1286175,9823608,6019198,7755606,9862336,10751325,6161113,5690940,1943258,3004860,701219,426499,872657,5798621,1092960
262,000760,2018-01-31,-0.08407871198568873,-0.08228980322003576,0.14265872964624973,10630.0,107220.5355739067,1542,30062665,31870701,988771,1654871,5969159,6365613,5302306,4430013,6286214,5363681,4357421,3907320,1715545,1090904,865000,1678022,4578249,7380277
263,000761,2018-01-31,0.025688073394495303,0.02752293577981635,0.10225395347594375,35595.0,594283.105486059,2857,133674773,364985697,1270736,1407435,9013818,10991196,10228709,14656376,14784302,30503820,12436228,26902027,12356401,26212748,6202304,17792852,67382275,236519243
264,000762,2018-01-31,-0.03038309114927351,-0.025759577278731904,0.33078836917283383,22335.0,131536.87161813816,2096,77439351,47862278,1013604,1680026,11275514,9410013,10174341,9099564,17842629,10751606,8594223,4669868,5721148,4221852,6422566,1296828,16395326,6732521
265,000767,2018-01-31,-0.03741496598639449,-0.03401360544217691,0.085772485542102,5912.0,118120.61187137697,1180,28024215,11875037,704814,1479606,3615638,3328698,3510639,2552496,4524456,2204726,2838777,1018261,1916310,669440,472755,0,10440826,621810
266,000768,2018-01-31,-0.02846534653465349,-0.022277227722772297,0.34474478349043247,24270.0,149847.9279035923,2199,87660138,41502835,1630304,1490732,16597813,7563226,16264341,8679568,15349061,8187226,9715849,3840102,5023438,2074099,4065127,483480,19014205,9184402
267,000776,2018-01-31,-0.008443271767810012,-0.013720316622691242,0.3323823739082683,86319.0,483942.0385063842,3254,429248416,311764844,994246,723927,11138420,10356504,18287623,17172805,40431816,36035719,30142594,25690931,52053472,24638543,33438870,22882500,242761375,174263915
268,000777,2018-01-31,-0.0235294117647058,-0.034055727554179516,0.4179352467269184,16070.0,203821.81023487434,1496,71381678,28929813,1394092,1082397,7498164,4929039,7326089,4419766,11050238,4652148,9305823,2187136,8158888,2028241,1761971,966229,24886413,8664857
269,000778,2018-01-31,-0.029143897996357082,-0.02550091074681249,0.11845925910784706,13562.5,155891.61807439357,2154,80312074,45746598,1411518,1692290,9084690,8210529,8003780,7517762,13367186,8614000,7388467,7642642,5155460,3156720,4928909,1681252,30972064,7231403
270,000779,2018-01-31,-0.042156185210781016,-0.03939184519695926,0.564813632873301,14060.0,40528.998738594935,656,12270173,5540784,651084,584641,3878827,2646619,2564625,1229544,4011515,824046,1164122,255934,0,0,0,0,0,0
271,000780,2018-01-31,-0.015384615384615441,-0.02115384615384619,0.17725421972577712,9709.0,82050.47758499523,861,19431714,8867772,635127,729833,3765495,2141215,2943967,2289376,3370529,2398655,2119402,255500,679642,639648,406400,413545,5511152,0
272,000782,2018-01-31,-0.026388888888888906,-0.011111111111111072,0.3030100655821061,8224.0,34897.44105373132,564,7477797,4130707,457255,606404,3037006,1680601,2107204,901424,694892,429638,1181440,512640,0,0,0,0,0,0
273,000783,2018-01-31,-0.017199017199017286,-0.014742014742014864,0.1816281080225648,24270.0,173150.4930380171,2011,90778824,52800696,1497096,1639077,10996514,8694368,9738489,9578595,15641082,8356673,8193352,6297087,6053249,2821765,11949794,7387343,26709248,8025788
274,000785,2018-01-31,-0.008737864077669855,-0.002912621359223433,0.33116458105356344,10290.0,40121.749648751735,968,11866558,8929722,1074864,631184,4904241,3775957,2482010,1516107,2381388,1564062,0,207612,341325,1234800,0,0,682730,0
275,000786,2018-01-31,0.018114450391107484,0.010292301358583833,0.4366187499030536,46930.0,216738.07700375243,3102,180466543,159344528,979784,1657150,14315906,14498079,18672053,17575746,41748492,24413038,23403630,20876242,21044437,12839870,8318265,9251244,51983976,58233159
276,000788,2018-01-31,-0.05982905982905973,-0.020757020757020794,0.33701828742032847,8109.0,34790.00919569516,590,7377593,3828768,653169,735976,2346227,1656573,1942743,865416,1572304,330203,478992,240600,384158,0,0,0,0,0
277,000789,2018-01-31,0.016211604095563104,0.0025597269624573205,0.2087640571230737,45201.0,226881.7244783233,3156,168846555,161902383,1338373,1045136,15658168,13488529,19549813,18452266,38239704,31212214,23297354,22226232,16498593,17356079,12183368,9779051,42081182,48342876
278,000790,2018-01-31,-0.06733524355300868,-0.04154727793696278,0.25534391733641854,9730.0,44159.462401087876,747,12515481,6112983,602729,790382,3672801,2787271,1602699,1320979,4604434,762851,1207643,451500,392940,0,432235,0,0,0
279,000791,2018-01-31,-0.02944942381562099,-0.03201024327784896,0.195316536358292,13824.0,72078.7527309095,1600,38191810,18094882,1523872,1627191,8542769,6567651,8195815,4072974,7149281,4296669,3217923,1182493,1671218,347904,2223558,0,5667374,0
280,000792,2018-01-31,0.0,0.0,0.2988624278997477,14300.0,3629917.2454085834,1892,18290442,327410659,0,3094000,0,16012100,0,12837500,0,16538600,0,10161532,0,7586736,843660,6770960,17446782,254409231
281,000793,2018-01-31,-0.09871244635193133,-0.09871244635193133,0.22358590244671983,19320.0,697926.8684698477,1749,102209723,197798067,390853,2473510,3701661,10049960,3779639,9719568,7392597,12363976,3404171,8561849,5682461,5975928,4858627,8891805,72999714,139761471
282,000795,2018-01-31,-0.015280135823429464,-0.01358234295415961,0.15339480478113185,11067.5,79345.17662207768,1476,30066483,14883558,1156421,1688056,6330032,5687262,5807260,3599282,4423989,2407950,3527031,1501008,4026739,0,854449,0,3940562,0
283,000797,2018-01-31,-0.025048169556840194,-0.022157996146435543,0.32208199113061736,14182.0,98746.40185527757,1039,30173354,20106318,555875,917604,4171490,4143045,4095529,3297704,5276687,5206412,5830534,1303905,3305617,1643676,1353891,0,5583731,3593972
284,000798,2018-01-31,-0.030405405405405594,-0.025900900900900914,0.3076547953051012,9526.0,43199.368685921756,833,15185929,6348163,541444,1009883,3901123,2764179,4719318,1212465,3854063,837077,1167646,204624,1002335,319935,0,0,0,0
285,000799,2018-01-31,0.0,-0.0008103727714748876,0.5235460861527476,19856.0,92261.84153223592,2222,50916553,54345310,1411526,2739876,10268873,11842970,10337323,10905578,10422005,12819783,7433463,6132677,2048472,2375666,1871415,1706958,7123476,5821802
286,000800,2018-01-31,0.04875962360992303,0.011976047904191711,0.24817396000647954,30758.0,222632.46683362348,2221,102045259,89363465,1089108,1046893,11387581,9995946,11983520,11838116,17345124,18923414,13873084,10727565,9950361,7477134,6234662,4049056,30181819,25305341
287,000801,2018-01-31,-0.07164179104477619,-0.028358208955223896,0.14814836874758905,19485.0,117885.83978230813,2054,69046857,47047456,1683112,1414517,9905422,8105621,9058560,8256007,14730674,10607153,8573649,5378583,5401204,6584756,5465694,828159,14228542,5872660
288,000802,2018-01-31,-0.020300751879699375,-0.012781954887218006,0.410462587444471,13135.0,64435.584692692966,1050,17199793,14187951,856371,1040579,4585135,4909127,3600855,2741179,2121086,2824459,1129461,1250279,1726786,1001567,962942,420761,2217157,0
289,000803,2018-01-31,-0.004524886877828149,0.018099547511312153,1.626790721195295,6798.0,26864.159990650718,184,1108582,1479015,126288,288547,526873,605593,55725,431875,174096,153000,225600,0,0,0,0,0,0,0
290,000806,2018-01-31,-0.053318824809575616,-0.09357997823721431,0.17173979069515538,33818.0,575925.7565255571,2881,204210319,224564967,1540338,1654637,13389545,10972335,15960691,14125733,25371203,23485596,20492858,11878420,14024300,10518336,10247070,9638409,103184314,142291501
291,000809,2018-01-31,-0.03621169916434541,-0.03064066852367686,0.14537315966017744,11051.5,89144.7404381253,610,14531522,9598122,368109,619383,2826191,2560242,1943850,1650574,2276584,1812037,1161315,1134542,2354904,0,892197,471192,2708372,1350152
292,000810,2018-01-31,-0.031073446327683607,-0.02401129943502822,0.24796475450673766,6930.0,44631.70894879751,815,12246754,4202244,1239881,531223,3885695,1686388,2965100,1446899,1273181,248162,1476085,289572,345000,0,445440,0,616372,0
293,000811,2018-01-31,-0.018750000000000044,-0.015000000000000013,0.30181819974318974,7910.0,80401.03681871343,702,14304604,6069295,919015,586315,3215736,1698015,3322316,930757,1623112,689953,1194050,683350,704300,397500,492453,0,2833622,1083405
294,000813,2018-01-31,-0.0093131548311991,-0.010477299185098987,0.33449022248041616,8590.0,131041.73575454681,659,23162638,6635974,841552,530866,3217811,1842591,2552516,873267,3140054,1798325,1639097,464703,1010674,712272,1318737,413950,9442197,0
295,000815,2018-01-31,-0.0006472491909385036,-0.003883495145631022,0.6433720552324238,6168.0,43255.58309185932,576,6171522,3894874,414986,764097,2033072,1967165,838227,603788,543826,335860,420054,223964,1009180,0,912177,0,0,0
296,000816,2018-01-31,-0.04316546762589912,-0.05755395683453224,0.06336679532525041,10413.0,107721.64731427477,1946,41855032,26746906,1456944,1725673,7829812,7947888,6434664,5356691,5952500,3874104,4727776,3549724,3331934,1047340,896404,1711464,11224998,1534022
297,000818,2018-01-31,0.019512195121951015,0.009756097560975618,0.3316550084665541,14928.0,92690.92656023611,1377,29299698,29378062,1084349,923459,7801272,6322770,4766821,4533469,7030342,6093386,2997631,3198397,675178,1061426,1319102,1447541,3625003,5797614
298,000819,2018-01-31,-0.07115749525616699,-0.030360531309297722,0.38495460419235,9382.5,48155.51897746707,750,11036035,6546827,716152,675637,3860297,1946595,2630390,1134394,1644163,1473412,1245187,717981,0,0,410800,0,529046,598808
299,000820,2018-01-31,-0.02766798418972327,-0.02766798418972327,0.3918238576388734,31048.5,448388.0668418578,1502,96234035,129303972,62296,1595143,1496153,7887052,4051694,8646632,8596463,14352304,9779055,12645026,11406426,7462919,7974181,7045050,52867767,69669846
300,000821,2018-01-31,-0.03275862068965507,-0.028448275862068995,0.3831257980644532,11510.0,56874.48773829851,917,18051775,8912120,766535,772287,4024803,4519900,3526582,2617951,3932781,746623,2353185,255359,680632,0,448020,0,2319237,0
301,000822,2018-01-31,-0.009646302250803873,-0.015005359056806111,0.18552084966583962,30920.0,230995.15830440333,2533,108470795,105027342,1487627,1615814,12199170,12453524,13548650,14625435,21419100,18447836,11058854,12683737,9954856,9544556,8066256,7074966,30736282,28581474
302,000823,2018-01-31,-0.04614093959731547,-0.038590604026845554,0.2843824537150298,24318.0,152408.5626082899,1761,59065891,52429053,913987,1126020,8417120,7025012,9045015,6560359,10095462,21190834,4630524,6489461,4502472,3041817,2316494,1763464,19144817,5232086
303,000825,2018-01-31,0.044407894736842035,0.024671052631578982,0.10272152086164416,144270.0,1018704.72373382,3519,698058566,805541010,597892,520399,10570769,7839823,21411883,17088689,43081276,35656226,42938761,38126782,41251700,37804506,35893958,31834723,502312327,636669862
304,000826,2018-01-31,-0.023809523809523725,-0.02541827541827535,0.7774316508138026,21833.0,142286.81062674572,1598,65077534,38517081,1176091,1484334,6626825,8003379,7864636,7514020,12328112,6577810,8108281,4196169,5436912,3225705,2641588,2130707,20895089,5384957
305,000828,2018-01-31,-0.016450216450216604,-0.016450216450216604,0.3760563769852046,6792.0,69714.60312686236,943,15797758,7867248,1163848,589984,3838329,1973102,2959286,2008580,3645787,1926697,685543,243960,1439225,348615,0,0,2065740,776310
306,000829,2018-01-31,-0.033622559652928485,-0.020607375271149864,0.2817234998059651,9020.0,86729.02674688926,1072,15730944,9193845,1145870,1867484,3473510,2472750,2386983,1454011,2300746,1552591,478105,496845,0,380100,455310,451499,5490420,518565
307,000830,2018-01-31,-0.01782608695652177,-0.01565217391304341,0.3855511754956113,269275.5,723446.424398424,3566,797084890,923308666,150553,252358,5079291,5865747,13766227,15234413,38643380,44232032,42981793,48128075,50263227,55714211,39862347,52874539,606338072,701007291
308,000831,2018-01-31,-0.014680483592400706,-0.02763385146804842,0.26809999233649673,18080.0,124731.59644526553,1867,58614231,43382390,1036528,1421572,8400287,8311849,7910864,7596275,13930647,9438586,6997397,5344848,6195129,1976396,3109662,1711217,11033717,7581647
309,000833,2018-01-31,-0.019174041297935096,-0.017699115044247815,0.23981554788170104,9990.0,49301.91220774193,799,12767220,6646570,696638,914280,3497802,2927930,3013901,1299334,2160954,1250426,1877557,254600,698060,0,0,0,822308,0
310,000835,2018-01-31,-0.003658536585365746,-0.01585365853658527,0.3219711632358065,8970.5,39965.23750675214,648,10945069,4873388,790448,563955,3718665,1616387,2911500,1572560,2040105,904007,712947,216479,324400,0,447004,0,0,0
311,000836,2018-01-31,-0.07142857142857129,-0.05714285714285705,0.10058994416594594,40052.0,291557.79112862295,3117,203562002,166046007,1101768,1859993,9547902,16088499,14372086,23625106,25806707,30921564,19240929,21684607,20998052,15847993,10204597,6634815,102289961,49383430
312,000837,2018-01-31,-0.038397328881469184,-0.03171953255425719,0.18400847024941952,10494.0,56155.776964218596,1060,21838557,9105099,952454,984128,4275423,3335417,4540914,1856613,5566681,1690554,2514763,936669,2524575,301718,947774,0,515973,0
313,000838,2018-01-31,-0.015050167224080369,-0.025083612040133874,0.1564249753352758,11950.0,82302.58698997847,1464,31603138,15416202,1363328,1240556,8202909,6182583,6651924,3274899,4450810,2950615,2729623,981948,1350550,325141,0,460460,6853994,0
314,000839,2018-01-31,-0.040632054176072185,-0.03498871331828424,0.15817206824341914,44616.0,350369.8390461647,3143,270163986,177443215,1091057,1806830,11452322,15713213,18223530,19997397,27981675,34074221,18196805,20268233,15264399,15193598,25555971,12938614,152398227,57451109
315,000848,2018-01-31,0.0,-0.0039999999999998925,0.22696295588782484,11099.0,103816.68797902719,1945,33329171,28055568,1294601,1876622,7203942,10721112,5888460,3071299,6725160,5455270,2514358,2452949,1364288,1985175,874061,850969,7464301,1642172
316,000850,2018-01-31,-0.023965141612200314,-0.017429193899782147,0.21598636731225657,8588.0,37854.27184754611,451,7710385,2547344,397267,513285,2062851,1243037,2312335,551161,1566218,239861,1371714,0,0,0,0,0,0,0
317,000851,2018-01-31,-0.038946162657502836,-0.03665521191294385,0.2529261045916853,16900.0,122220.12889017184,1192,37018995,22597989,862760,1296164,5651478,5966968,4466607,5247768,7230574,3300351,4705551,1900039,2174642,1423899,835156,2195771,11092227,1267029
318,000852,2018-01-31,-0.02566633761105641,-0.014807502467917066,0.2620066348299057,16288.0,69936.62902300099,1495,30511152,26647170,1021937,941302,8692036,6394568,6376222,5735518,6612195,6638853,3689344,3162731,1290822,643356,850762,860741,1977834,2270101
319,000856,2018-01-31,-0.089866156787763,-0.08126195028680705,0.3872945655246348,41044.5,209037.7896002413,2924,156591175,130597020,1286412,1787157,12196974,15100238,17771193,18055951,29016220,24807479,22121352,19098749,15915101,7686478,8441862,7457478,49842061,36603490
320,000858,2018-01-31,0.03762911952779158,0.04008853910477139,1.3583449061658435,378135.0,1424571.7180156177,3584,1296053721,1502017181,58911,134486,2289538,2482775,9532014,9715971,39419055,34983568,57749803,50473454,64785877,53680857,58196836,49094931,1064021687,1301451139
321,000859,2018-01-31,-0.01904761904761909,-0.01904761904761909,0.16812692395189996,8380.0,65847.583786036,624,12399564,6304887,536423,702656,2768185,2325262,2368619,1230825,2233159,623429,748171,453901,1102215,968814,968438,0,1674354,0
322,000860,2018-01-31,-0.0004918839153958965,0.0014756517461880225,0.4884014235778569,20560.0,162861.6127863492,1733,57399824,62815196,915723,980479,9167301,7914823,7470339,6601399,10709488,8066818,6585356,7715674,3739575,4805930,5593000,3447411,13219042,23282662
323,000861,2018-01-31,-0.022950819672131084,-0.01967213114754085,0.11080803476882738,3020.0,54448.15561226176,759,8943756,4178080,664026,771787,2091268,1483194,1031362,914284,1682322,774875,1197372,233940,696106,0,0,0,1581300,0
324,000862,2018-01-31,-0.04705882352941182,-0.04705882352941182,0.13710577315306574,8360.0,60360.88913508654,963,16085409,9212656,726272,1213934,3494313,3412238,3501902,1997599,3557955,1777220,2240345,225250,998256,0,444366,0,1122000,586415
325,000863,2018-01-31,0.013592233009708687,0.005825242718446422,0.1858877278593361,7238.0,71108.12507626647,768,9314596,14324539,633380,659966,2088795,2902589,1357766,1811194,2733833,2369569,1399826,2503669,303096,2794813,0,0,797900,1282739
326,000868,2018-01-31,0.0,0.0,0.1774357926166598,7290.0,399019.16510421643,1687,0,59631471,0,3791529,0,11305332,0,6742521,0,7577226,0,1125576,0,336798,0,942597,0,27809892
327,000869,2018-01-31,0.01742344244984162,0.014783526927138135,0.9171729656725807,23214.0,102079.00976022577,1706,45024627,54926967,963496,1069837,8898342,8784222,8069658,9104600,10280411,11448593,5276851,9055923,5441881,5607041,2659956,2288430,3434032,7568321
328,000875,2018-01-31,-0.0332409972299168,-0.0332409972299168,0.0899116881107098,8825.0,95633.99113375027,1619,32109177,19850942,1128763,2008908,5799820,6431782,4286798,3452402,5389012,4487182,2136801,2348926,356000,702702,3724115,419040,9287868,0
329,000876,2018-01-31,0.013398294762484664,0.006090133982947554,0.16243186346661326,18906.0,250337.62732847864,2559,90029987,87633296,2003091,1992182,10810739,11632283,11331792,11302735,15131494,16117697,9220252,6675944,8927188,5134575,3847903,4426271,28757528,30351609
330,000877,2018-01-31,0.0037209302325580396,-0.0037209302325580396,0.2114875995703036,29959.0,187016.84625756973,2587,119055000,94918725,1088470,1744547,11300282,12112915,13078005,15467439,20392965,18359487,16460477,12876307,13509986,7638711,7198724,2532637,36026091,24186682
331,000880,2018-01-31,-0.017316017316017285,-0.011904761904761862,0.4386423118476731,6398.0,35720.97216935642,443,4836673,3499440,470364,403248,1871812,917937,1637902,632149,856595,948356,0,275400,0,322350,0,0,0,0
332,000881,2018-01-31,-0.035820895522388096,-0.013432835820895495,0.3785886758744084,13280.0,56869.67368442907,1253,23584210,16438602,1091542,971189,6849587,5250650,5191530,3487273,4246910,3719011,2099819,1476140,1866212,1027247,1731696,0,506914,507092
333,000882,2018-01-31,-0.023026315789473673,-0.019736842105263164,0.08721238906391043,9000.0,158124.68722608598,1220,34363663,16164677,951134,1431421,4444323,4362225,3503577,2165475,2630301,2199855,3063119,1947878,1685683,362705,2269199,1303534,15816327,2391584
334,000883,2018-01-31,-0.012658227848101333,-0.010548523206751037,0.12684317217900737,4221.0,87849.03283390492,1399,21313871,14849583,1902938,1025011,4440915,3127173,2687113,1131570,2542557,2244369,2808087,1179090,1767930,0,1784651,1458501,3379680,4683869
335,000885,2018-01-31,-0.0024464831804282827,0.005504587155963359,0.35829564975823264,27897.0,67092.25609906514,2084,51997269,43092942,1329334,1381499,15690739,9498358,12727982,10915039,11036561,10563337,5952576,4353704,2588921,3351865,465690,1749422,2205466,1279718
336,000886,2018-01-31,-0.09342105263157896,-0.07894736842105254,0.1861547202245611,22470.0,273604.6138788334,1675,89616059,52446710,1152067,1214678,7742702,6514135,8614434,6381983,14227453,7309895,8961247,4902792,6310657,3528287,5483305,3604235,37124194,18990705
337,000887,2018-01-31,0.0,-0.009860788863108927,0.47110922624146045,13640.0,72714.80614137063,1339,28896121,19924210,1094337,1657057,6889317,5500011,4508689,3624965,6926896,4060187,3073401,1927174,2717505,1800458,1332763,0,2353213,1354358
338,000888,2018-01-31,-0.009587727708533,-0.011505273250239645,0.319084264134768,5190.0,57100.911173278895,1068,11015870,8032807,409200,2396282,2898266,1925315,2161666,1024373,2193251,664720,1468938,472485,340136,310200,421443,0,1122970,1239432
339,000889,2018-01-31,0.004687499999999956,-0.007031249999999933,0.4711581267765442,8911.0,98449.46016261431,738,9691287,8405167,1154918,281946,3881138,2077046,837329,1021050,1513712,1903212,1547226,240295,350244,0,406720,469578,0,2412040
340,000890,2018-01-31,-0.03111111111111109,-0.03555555555555556,0.229787528745046,7884.0,58247.13542179793,863,13031794,8053063,1066818,705646,3889821,2532985,2840154,1309623,2158670,1174599,1547498,0,1028214,391200,0,0,500619,1939010
341,000892,2018-01-31,-0.08764044943820237,-0.061797752808988804,0.2584226712741327,17330.0,196676.76316609117,1190,32528605,33991142,859144,1002139,4579844,6414377,5526460,4677550,6713498,5796484,2428680,2077792,1685749,2090014,5159553,2719599,5575677,9213187
342,000893,2018-01-31,0.006711409395973034,-0.012080536912751683,0.2841819786181662,7400.0,48064.70187750337,688,9470902,6256208,921947,502924,3484212,1799873,1562033,1384376,1772917,1045293,465014,739590,668850,338742,0,445410,595929,0
343,000895,2018-01-31,0.018626734842951187,0.023739956172388776,0.5145441028377582,36322.0,214371.3059989731,2834,131093728,155395491,1809224,1044406,13124466,10487402,15416588,13456985,22886511,27452211,20330448,28600726,17436140,13117477,7801709,7862904,32288642,53373380
344,000897,2018-01-31,-0.017094017094017033,-0.017094017094017033,0.09138801569544619,7568.0,65633.4059912814,1483,22814282,17432044,1290292,1533250,5476958,5691303,3944778,3177191,5891532,3253074,2379987,1750597,1039274,359121,452074,0,2339387,1667508
345,000898,2018-01-31,0.020086083213773476,0.020086083213773476,0.13699755904322405,33276.0,256409.52510290674,2595,111132958,170994853,1311985,2044890,8147250,12789609,8465586,18434812,16958637,32263617,12057200,15474112,11690027,14647612,7927002,11931668,44575271,63408533
346,000899,2018-01-31,-0.056776556776556686,-0.05311355311355315,0.13581887923446237,3144.0,60403.83433191924,1621,25459382,11724522,1144680,876407,4448614,4152524,4232148,2269675,5880971,1948834,3198118,1544854,1729171,0,1733749,412228,3091931,520000
347,000901,2018-01-31,-0.015652951699463236,-0.01475849731663681,0.6284043775596726,17760.0,92511.18244438847,1266,28889825,21943602,1024727,969497,6816176,6087593,6211227,3777181,7182883,4344579,2775786,1881671,949330,322272,915964,413475,3013732,4147334
348,000902,2018-01-31,-0.018386108273748647,-0.016343207354443168,0.26902544733445855,5850.0,57109.694990274635,1327,16927725,8393256,2803667,1421981,2706359,3030886,1786975,810223,3883814,1367016,1802460,1763150,1000640,0,0,0,2943810,0
349,000903,2018-01-31,-0.020588235294117574,-0.014705882352941124,0.1232157290771335,6760.0,62350.76032258532,762,14971846,5417966,704126,606510,3687875,1771157,3030754,592751,4018866,1233281,1430990,205233,674595,360646,441840,0,982800,648388
350,000905,2018-01-31,-0.0046511627906977715,-0.022325581395348904,0.3616975886940006,10540.0,59589.6372297073,883,17736105,7673153,929804,478574,4996724,2215442,3861606,1534206,3676681,1334256,1501544,571807,1350656,633755,0,905113,1419090,0
351,000906,2018-01-31,-0.04691358024691361,-0.030864197530864224,0.253252282177776,14371.0,56794.70592394021,1023,20440170,11683135,888167,963468,5260128,4694658,5833081,1941176,3727286,1866832,1795096,1369496,675157,373905,447016,473600,1814239,0
352,000908,2018-01-31,-0.04054054054054057,-0.035472972972972916,0.19991025109171723,6292.0,62966.443886604175,877,16036582,5992423,827093,778573,3699592,2102392,2540093,938905,3450437,1385623,2050283,786930,357460,0,464703,0,2646921,0
353,000909,2018-01-31,-0.040000000000000036,-0.040000000000000036,0.35172618983580134,9680.0,56281.4140419982,808,13156676,5275409,928693,1016717,3648003,2552854,2426884,1376460,1926248,329378,517836,0,301532,0,482500,0,2924980,0
354,000910,2018-01-31,0.0033585222502099388,0.00881612090680095,0.6522551025860186,19184.0,141059.51603120062,1338,32906562,38902171,464879,1747621,2638818,9514815,3569480,3989846,6425206,5748219,5343145,6414012,1160472,1434536,1381833,2796662,11922729,7256460
355,000911,2018-01-31,-0.06705882352941184,-0.06352941176470583,0.21088897240695118,9888.0,79059.61541219546,1627,29659350,20644590,1462875,2095613,6355703,6953832,6271129,4395021,4961723,3964675,3523131,1485636,2083137,626427,412888,471360,4588764,652026
356,000913,2018-01-31,-0.03370786516853941,-0.03146067415730347,0.7781039197699006,10488.0,67205.86879332505,523,10961478,5704949,263720,747426,2322329,1567671,2042338,1474547,2308139,872516,453192,236655,2021333,377110,877243,429024,673184,0
357,000915,2018-01-31,-0.0027058368766911256,-0.005411673753382362,0.631747785173139,27731.0,290709.66465223074,1677,78312047,52812887,738042,780856,9264910,7786601,10773053,7754661,10392688,12717562,7574164,3922998,4091094,2616330,3050853,3478369,32427243,13755510
358,000917,2018-01-31,-0.05662650602409647,-0.03975903614457843,0.17204482159534265,29484.0,195575.65213945956,2331,110413043,88395790,1146296,1813954,9740083,11067140,11964508,13998785,19589085,18417622,13985139,9808249,11877929,5711785,6803773,5079329,35306230,22498926
359,000918,2018-01-31,-0.0027247956403269047,0.0027247956403271267,0.20511894273510345,14800.0,83257.98794085368,1281,29682948,24145380,1138250,1099777,6292249,4946247,5612335,5595640,4853073,5546655,3883193,2641450,2768407,2310135,2228596,411156,2906845,1594320
360,000919,2018-01-31,-0.03329633740288551,-0.03329633740288551,0.32859512549701053,13110.0,88392.52423577024,752,18693486,7560359,723743,851710,4038544,2787183,3771171,1758262,2154614,1207476,1963574,489333,1450343,0,905960,466395,3685537,0
361,000920,2018-01-31,-0.03954214360041608,-0.03329864724245579,0.3380624905525983,12233.0,73510.29421982437,808,20988473,8109082,783601,859459,3822008,3313577,3511052,1530036,5207972,1715237,2684431,255553,1871516,0,903438,435220,2204455,0
362,000921,2018-01-31,0.006802721088435382,0.0013605442176871652,0.3479978842949114,14930.0,108518.14045734973,1785,41568624,38193035,1050214,1640352,8170696,9496693,6706667,7306840,7520811,7086221,3890395,4410408,2914556,0,2270240,442221,9045045,7810300
363,000923,2018-01-31,-0.04336842105263161,-0.039999999999999925,0.5895372138599555,18524.0,78864.10230626061,1624,40044805,23024727,1562531,1047927,9639781,6769147,9170156,5312081,8148303,4756218,3558039,3968515,1092136,697351,1845573,473488,5028286,0
364,000925,2018-01-31,-0.022206303724928378,-0.04297994269340988,0.5069838454198633,12123.0,117204.26240624058,758,21014430,6909923,527283,745722,3785625,2265716,2614675,1889563,3128902,1456709,2399519,552213,739524,0,1375714,0,6443188,0
365,000926,2018-01-31,-0.01380991064175463,-0.010560519902518384,0.2690827335035687,28313.0,202872.04148971048,2094,121826253,79844181,919806,1495656,11083658,6640855,11350814,9451280,22109975,15407148,15166650,9185824,10015271,7176722,7093039,4109179,44087040,26377517
366,000927,2018-01-31,0.055421686746987886,0.028915662650602192,0.13073761654536445,10296.0,154609.15909590473,1010,22216080,20786531,982116,891828,4750382,4023123,3331660,2008434,3999529,2483820,1493720,2143237,1058119,1681586,893568,0,5706986,7554503
367,000928,2018-01-31,-0.027027027027026973,-0.028528528528528607,0.1757967630753673,19227.0,82808.05949666488,1437,38537059,23430937,1013026,1152890,7143154,7073177,7965150,5110007,8045247,5610329,4609340,2154820,3517357,1012035,949702,1317679,5294083,0
368,000929,2018-01-31,0.010544815465729274,-0.01493848857644986,0.7130105835947912,11465.0,50669.641581668555,254,4653501,2588541,302215,120899,1364130,753181,1249154,391511,1077557,675345,0,246820,660445,0,0,400785,0,0
369,000931,2018-01-31,-0.02215657311669117,-0.017725258493352936,0.24409966600048164,8028.0,72782.32387204554,769,14996415,7186667,686717,887021,3283996,2505580,2171746,1144462,2986502,1423440,1368472,1226164,1099884,0,461564,0,2937534,0
370,000932,2018-01-31,0.014348785871964642,0.008830022075055233,0.17288536263950754,49733.5,576101.164241328,2754,221531921,281456263,1522282,1337737,10303359,10102758,13322583,15159871,21005403,31656737,18032927,22646543,12512131,21162746,17113105,20127658,127720131,159262213
371,000933,2018-01-31,-0.04580152671755722,-0.04580152671755722,0.16527135197825593,43750.0,815442.6902582278,3082,233691150,570696614,18386,3794258,724299,20530414,2242760,19607457,11593506,37895111,14745594,34344131,11595173,29688266,11786583,27268048,180984849,397568929
372,000935,2018-01-31,0.017489711934156382,0.020061728395061484,0.3677364258346087,35613.0,146114.968631486,2798,108162794,111163894,1718542,1691187,13351708,14383362,16880402,17880383,24772977,22447269,12946433,14839480,9750276,10145106,6258969,5796969,22483487,23980138
373,000936,2018-01-31,-0.03550295857988173,-0.025147928994082802,0.20958121713337852,12616.0,86326.53384156353,1041,24780581,12738279,938627,959458,5744998,3459664,4431341,2433093,3238987,1479210,4498226,1824055,344688,727535,1363016,850264,4220698,1005000
374,000937,2018-01-31,-0.02471169686985175,-0.02635914332784184,0.12543964307149882,14925.0,179717.45190315665,2348,102123805,55836526,2145882,2218194,9093455,7872295,11452226,7875769,16696790,9162379,12572306,6792956,6613845,5288782,6335778,3168231,37213523,13457920
375,000938,2018-01-31,-0.03857755199237978,-0.03238609303063977,1.3775920699116515,30547.5,197999.8806121318,2092,111727383,73029741,1033491,1236783,9825800,10453940,12556265,9365931,15492161,15031026,11664014,9127692,8416363,6450029,6102604,6531929,46636685,14832411
376,000948,2018-01-31,-0.04386839481555327,-0.039880358923230164,0.34296086140151766,6755.0,55114.36544283425,856,12421563,6355562,830844,1207492,2838396,2408291,2460641,1237204,2433673,907151,761888,210240,352716,385184,1387915,0,1355490,0
377,000949,2018-01-31,-0.01243781094527352,-0.02487562189054715,0.14713247126633003,6029.0,74126.11044493574,747,11963877,5492922,615089,1032119,2411667,2441446,1641240,1019099,2055736,626399,1433425,0,1037536,373859,492280,0,2276904,0
378,000951,2018-01-31,0.0016949152542373724,-0.01412429378531077,0.40117341020369995,24318.0,157075.2713215125,1949,72617783,66381080,1223960,1333908,8435649,9742410,9630473,11700853,12535897,10370784,5746145,5347628,5231234,5907040,4878149,4150583,24936276,17827874
379,000952,2018-01-31,-0.014598540145985384,-0.016058394160583855,0.5294812096276454,13390.0,87857.37877242923,669,15701441,7830600,425803,894042,2578364,3281315,1464024,958320,2648128,1068613,1844516,1184460,1355849,0,1644620,443850,3740137,0
380,000953,2018-01-31,-0.025099075297225992,-0.025099075297225992,0.29996624244170417,7490.0,47365.03164176876,637,8845329,5397528,805990,630376,2870507,1962203,1114352,1278550,1232451,830966,1266620,695433,985784,0,0,0,569625,0
381,000955,2018-01-31,0.0,-0.01098901098901095,0.176474634535011,21960.0,149624.84676588542,1704,48942354,50750701,893213,1417338,8044357,8698192,8608260,9606261,8105104,9038863,7385431,8103293,3965311,2687535,1677445,2917515,10263233,8281704
382,000957,2018-01-31,-0.022330097087378653,-0.023300970873786464,0.27612478472901264,10210.0,74068.29021159507,1392,30722785,16704419,967605,1156723,6723228,4720477,5930472,3128897,5866638,3270543,4319657,1218845,1295937,1364519,823502,1288097,4795746,556318
383,000958,2018-01-31,-0.019607843137254832,-0.023529411764705688,0.13321252302454775,10000.0,81103.51588701794,1468,31764099,13180222,1236170,1587422,6833363,4659870,5089130,3023385,6395451,2117197,2131119,1112431,2102276,679917,858692,0,7117898,0
384,000959,2018-01-31,-0.020733652312599715,-0.020733652312599715,0.15868048310373037,7440.0,56126.011498236134,1565,23050373,16198045,1835784,1240222,6870069,4962827,4564207,4751815,4266185,1608767,2582678,1712886,1367724,926612,0,440016,1563726,554900
385,000960,2018-01-31,0.03020565552699228,0.013496143958868778,0.2718220443771575,86778.0,619787.3017748109,3286,315301176,359379555,819065,938341,10948839,11846475,18414108,19615304,39708738,38827167,34193365,37520046,30030926,34550082,27239962,25459113,153946173,190623027
386,000961,2018-01-31,-0.0013071895424837665,-0.010457516339869244,0.14814922735618424,27324.0,262446.9099616195,2674,125909805,137143490,1172490,1676011,9491876,12659116,12179207,15604493,16009017,25298350,11117512,16501250,10787133,13077279,8010421,8803324,57142149,43523667
387,000962,2018-01-31,-0.02179487179487183,-0.02179487179487183,0.18508346316681717,15300.0,129520.60260920771,1783,41740219,44621628,1199885,1993761,7474254,7995986,6759848,8431770,7858053,8703918,2695686,3966746,3673259,4024343,1279732,886694,10799502,8618410
388,000963,2018-01-31,0.031078610603290535,0.02376599634369292,1.2411317252858847,27890.0,123269.90187781537,1946,52650276,72563877,757565,898407,9785810,8333004,8621341,15539398,12098932,12927353,7640709,6806132,1420224,8024230,1838387,3638034,10487308,16397319
389,000965,2018-01-31,-0.021172638436482094,-0.01628664495113996,0.16366002810404978,15175.0,102027.98849290013,1409,41178075,21363163,1150399,1049509,7373750,4660972,7264990,5124424,8253364,5497177,3612723,2612661,2643100,982750,1279832,825670,9599917,610000
390,000966,2018-01-31,-0.049046321525885506,-0.0463215258855586,0.11684967857539434,7722.0,68605.81663044321,988,18585026,9251094,619570,1114652,3385841,3890087,2907030,1417419,5090635,1023938,2042443,948947,2142357,367146,0,488905,2397150,0
391,000967,2018-01-31,-0.03724604966139955,-0.02934537246049662,0.24678501246481924,19580.0,112141.43881155679,1290,36746123,21836797,623369,1642027,8849084,6153064,6916624,3573739,5898869,3919584,2179497,1377913,1430242,710869,872747,489564,9975691,3970037
392,000968,2018-01-31,-0.06093189964157708,-0.058781362007168325,0.34364032906756636,16241.5,118004.4245632062,1654,49974756,37235689,1133603,1441443,7307093,7133869,5492448,7241534,7893262,8692297,5251550,4032853,4736218,2082050,5172804,850895,12987778,5760748
393,000969,2018-01-31,-0.038004750593824244,-0.038004750593824244,0.21641283898472918,8230.0,77318.34530734505,1515,32058563,17535516,1566915,1567983,5993907,4725818,4470024,3047391,7786801,2347129,4294145,1820223,1643796,661650,2928959,829025,3374016,2536297
394,000970,2018-01-31,-0.04672897196261683,-0.04517133956386299,0.2604678513727733,24970.0,170243.011405044,2432,122614781,78834673,1172601,1926938,10379315,11772660,11119628,10422578,23073523,15947826,14415864,10168727,9801543,7281457,8815255,4985474,43837052,16329013
395,000971,2018-01-31,0.009059233449477455,0.004181184668989646,0.43363354584716446,12906.0,52039.49789283798,1095,17244507,12041531,1068300,832357,6217262,4562988,4421387,2398631,2601755,1364538,2003083,1037734,0,0,932720,0,0,1845283
396,000972,2018-01-31,-0.04947916666666663,-0.04427083333333337,0.13334307397072576,10672.0,90874.57310677916,831,13755864,16074521,501292,1044025,2723156,4181254,2317872,2467434,3121854,3111218,2058788,963010,384000,1355319,848863,420256,1800039,2532005
